[{"date": "2020-03-31", "symbol": "TTWO", "fillingDate": "2020-05-22", "acceptedDate": "2020-05-22 16:30:38", "period": "FY", "revenue": 760541000, "costOfRevenue": 395640000, "grossProfit": 364901000, "grossProfitRatio": 0.47979135904573195, "researchAndDevelopmentExpenses": 68718000, "generalAndAdministrativeExpenses": 82212000, "sellingAndMarketingExpenses": 79969000, "otherExpenses": 12118000, "operatingExpenses": 243017000, "costAndExpenses": 638657000, "interestExpense": -248000, "depreciationAndAmortization": 69493000, "ebitda": 191377000, "ebitdaratio": 0.251632719341, "operatingIncome": 121884000, "operatingIncomeRatio": 0.160259604676, "totalOtherIncomeExpensesNet": 0, "incomeBeforeTax": 124634000, "incomeBeforeTaxRatio": 0.163875451817, "incomeTaxExpense": 1912000, "netIncome": 122722000, "netIncomeRatio": 0.161361451914, "eps": 1.09, "epsdiluted": 1.07, "weightedAverageShsOut": 113096000, "weightedAverageShsOutDil": 114136000, "link": "https://www.sec.gov/Archives/edgar/data/946581/000162828020008291/0001628280-20-008291-index.htm", "finalLink": "https://www.sec.gov/Archives/edgar/data/946581/000162828020008291/ttwo-20200331.htm"}, {"date": "2019-12-31", "symbol": "TTWO", "fillingDate": "2020-02-07", "acceptedDate": "2020-02-06 18:28:56", "period": "Q3", "revenue": 930129000, "costOfRevenue": 437093000, "grossProfit": 493036000, "grossProfitRatio": 0.5300727103444791, "researchAndDevelopmentExpenses": 82520000, "generalAndAdministrativeExpenses": 84531000, "sellingAndMarketingExpenses": 137068000, "otherExpenses": 12084000, "operatingExpenses": 316203000, "costAndExpenses": 753296000, "interestExpense": 82000, "depreciationAndAmortization": 60881000, "ebitda": 237714000, "ebitdaratio": 0.255571001442, "operatingIncome": 176833000, "operatingIncomeRatio": 0.190116639735, "totalOtherIncomeExpensesNet": 0, "incomeBeforeTax": 188776000, "incomeBeforeTaxRatio": 0.202956794165, "incomeTaxExpense": 25134000, "netIncome": 163642000, "netIncomeRatio": 0.175934735934, "eps": 1.44, "epsdiluted": 1.43, "weightedAverageShsOut": 112996000, "weightedAverageShsOutDil": 114009000, "link": "https://www.sec.gov/Archives/edgar/data/946581/000162828020001155/0001628280-20-001155-index.htm", "finalLink": "https://www.sec.gov/Archives/edgar/data/946581/000162828020001155/ttwo-20191231.htm"}, {"date": "2019-09-30", "symbol": "TTWO", "fillingDate": "2019-11-08", "acceptedDate": "2019-11-07 18:18:19", "period": "Q2", "revenue": 857841000, "costOfRevenue": 468248000, "grossProfit": 389593000, "grossProfitRatio": 0.45415525720966937, "researchAndDevelopmentExpenses": 76197000, "generalAndAdministrativeExpenses": 76659000, "sellingAndMarketingExpenses": 149566000, "otherExpenses": 12351000, "operatingExpenses": 314773000, "costAndExpenses": 783021000, "interestExpense": 84000, "depreciationAndAmortization": 58977000, "ebitda": 133797000, "ebitdaratio": 0.155969462872, "operatingIncome": 74820000, "operatingIncomeRatio": 0.087218960157, "totalOtherIncomeExpensesNet": 0, "incomeBeforeTax": 82874000, "incomeBeforeTaxRatio": 0.0966076464053, "incomeTaxExpense": 11059000, "netIncome": 71815000, "netIncomeRatio": 0.083715980001, "eps": 0.64, "epsdiluted": 0.63, "weightedAverageShsOut": 112869000, "weightedAverageShsOutDil": 113925000, "link": "https://www.sec.gov/Archives/edgar/data/946581/000162828019013731/0001628280-19-013731-index.htm", "finalLink": "https://www.sec.gov/Archives/edgar/data/946581/000162828019013731/ttwo10q093019.htm"}, {"date": "2019-06-30", "symbol": "TTWO", "fillingDate": "2019-08-06", "acceptedDate": "2019-08-05 17:56:07", "period": "Q1", "revenue": 540459000, "costOfRevenue": 241469000, "grossProfit": 298990000, "grossProfitRatio": 0.553214952475581, "researchAndDevelopmentExpenses": 68963000, "generalAndAdministrativeExpenses": 74833000, "sellingAndMarketingExpenses": 91821000, "otherExpenses": 11643000, "operatingExpenses": 247260000, "costAndExpenses": 488729000, "interestExpense": 82000, "depreciationAndAmortization": 47192000, "ebitda": 98922000, "ebitdaratio": 0.183033310575, "operatingIncome": 51730000, "operatingIncomeRatio": 0.0957149385985, "totalOtherIncomeExpensesNet": 0, "incomeBeforeTax": 62155000, "incomeBeforeTaxRatio": 0.11500409836823886, "incomeTaxExpense": 15875000, "netIncome": 46280000, "netIncomeRatio": 0.0856309174239, "eps": 0.41, "epsdiluted": 0.41, "weightedAverageShsOut": 112621000, "weightedAverageShsOutDil": 113728000, "link": "https://www.sec.gov/Archives/edgar/data/946581/000162828019010011/0001628280-19-010011-index.htm", "finalLink": "https://www.sec.gov/Archives/edgar/data/946581/000162828019006691/ttwo10k03312019.htm"}, {"date": "2019-03-31", "symbol": "TTWO", "fillingDate": "2019-05-14", "acceptedDate": "2019-05-13 19:04:16", "period": "FY", "revenue": 539007000, "costOfRevenue": 258914000, "grossProfit": 280093000, "grossProfitRatio": 0.5196463125710797, "researchAndDevelopmentExpenses": 56588000, "generalAndAdministrativeExpenses": 75541000, "sellingAndMarketingExpenses": 77607000, "otherExpenses": 12295000, "operatingExpenses": 222031000, "costAndExpenses": 480945000, "interestExpense": 0, "depreciationAndAmortization": 58826000, "ebitda": 116888000, "ebitdaratio": 0.216858037094, "operatingIncome": 58062000, "operatingIncomeRatio": 0.1077203079, "totalOtherIncomeExpensesNet": 0, "incomeBeforeTax": 64528000, "incomeBeforeTaxRatio": 0.11971644153044395, "incomeTaxExpense": 7698000, "netIncome": 56830000, "netIncomeRatio": 0.105434623298, "eps": 0.51, "epsdiluted": 0.49, "weightedAverageShsOut": 113176000, "weightedAverageShsOutDil": 115198000, "link": "https://www.sec.gov/Archives/edgar/data/946581/000162828019006691/0001628280-19-006691-index.htm", "finalLink": "https://www.sec.gov/Archives/edgar/data/946581/000162828019006691/ttwo10k03312019.htm"}, {"date": "2018-12-31", "symbol": "TTWO", "fillingDate": "2019-02-06", "acceptedDate": "2019-02-06 16:35:04", "period": "Q3", "revenue": 1248738000, "costOfRevenue": 898485000, "grossProfit": 350253000, "grossProfitRatio": 0.28048557823979087, "researchAndDevelopmentExpenses": 62305000, "generalAndAdministrativeExpenses": 70638000, "sellingAndMarketingExpenses": 161322000, "otherExpenses": 4210000, "operatingExpenses": 298475000, "costAndExpenses": 1196960000, "interestExpense": 0, "depreciationAndAmortization": 155483000, "ebitda": 207261000, "ebitdaratio": 0.165976369743, "operatingIncome": 51778000, "operatingIncomeRatio": 0.0414642623192, "totalOtherIncomeExpensesNet": 0, "incomeBeforeTax": 59849000, "incomeBeforeTaxRatio": 0.0479275876925, "incomeTaxExpense": -11348000, "netIncome": 179947000, "netIncomeRatio": 0.144103086476, "eps": 1.58, "epsdiluted": 1.57, "weightedAverageShsOut": 113390000, "weightedAverageShsOutDil": 114918000, "link": "https://www.sec.gov/Archives/edgar/data/946581/000162828019001036/0001628280-19-001036-index.htm", "finalLink": "https://www.sec.gov/Archives/edgar/data/946581/000162828019001036/ttwo10q12312018.htm"}, {"date": "2018-09-30", "symbol": "TTWO", "fillingDate": "2018-11-08", "acceptedDate": "2018-11-07 18:20:06", "period": "Q2", "revenue": 492667000, "costOfRevenue": 234880000, "grossProfit": 257787000, "grossProfitRatio": 0.5232479545007074, "researchAndDevelopmentExpenses": 60565000, "generalAndAdministrativeExpenses": 67320000, "sellingAndMarketingExpenses": 94165000, "otherExpenses": 9751000, "operatingExpenses": 231801000, "costAndExpenses": 466681000, "interestExpense": 95000, "depreciationAndAmortization": 28445000, "ebitda": 54431000, "ebitdaratio": 0.110482333909, "operatingIncome": 25986000, "operatingIncomeRatio": 0.052745566478, "totalOtherIncomeExpensesNet": 0, "incomeBeforeTax": 30961000, "incomeBeforeTaxRatio": 0.0628436651937, "incomeTaxExpense": 5594000, "netIncome": 25367000, "netIncomeRatio": 0.0514891397232, "eps": 0.23, "epsdiluted": 0.22, "weightedAverageShsOut": 113339000, "weightedAverageShsOutDil": 115801000, "link": "https://www.sec.gov/Archives/edgar/data/946581/000162828018013920/0001628280-18-013920-index.htm", "finalLink": "https://www.sec.gov/Archives/edgar/data/946581/000162828018013920/ttwo10q09302018.htm"}, {"date": "2018-06-30", "symbol": "TTWO", "fillingDate": "2018-08-03", "acceptedDate": "2018-08-02 19:18:30", "period": "Q1", "revenue": 387982000, "costOfRevenue": 131365000, "grossProfit": 256617000, "grossProfitRatio": 0.661414704805893, "researchAndDevelopmentExpenses": 50712000, "generalAndAdministrativeExpenses": 67735000, "sellingAndMarketingExpenses": 58306000, "otherExpenses": 9018000, "operatingExpenses": 185771000, "costAndExpenses": 317136000, "interestExpense": 0, "depreciationAndAmortization": 22972000, "ebitda": 93818000, "ebitdaratio": 0.241810187071, "operatingIncome": 70846000, "operatingIncomeRatio": 0.182601254697, "totalOtherIncomeExpensesNet": 0, "incomeBeforeTax": 77447000, "incomeBeforeTaxRatio": 0.19961493058956342, "incomeTaxExpense": 5754000, "netIncome": 71693000, "netIncomeRatio": 0.184784345666, "eps": 0.63, "epsdiluted": 0.62, "weightedAverageShsOut": 112941000, "weightedAverageShsOutDil": 115985000, "link": "https://www.sec.gov/Archives/edgar/data/946581/000162828018010376/0001628280-18-010376-index.htm", "finalLink": "https://www.sec.gov/Archives/edgar/data/946581/000162828018006877/ttwo10k03312018.htm"}, {"date": "2018-03-31", "symbol": "TTWO", "fillingDate": "2018-05-17", "acceptedDate": "2018-05-16 18:45:03", "period": "FY", "revenue": 450274000, "costOfRevenue": 189211000, "grossProfit": 261063000, "grossProfitRatio": 0.5797869741535154, "researchAndDevelopmentExpenses": 54128000, "generalAndAdministrativeExpenses": 60450000, "sellingAndMarketingExpenses": 47451000, "otherExpenses": 11209000, "operatingExpenses": 173238000, "costAndExpenses": 362449000, "interestExpense": 253000, "depreciationAndAmortization": 33243000, "ebitda": 121068000, "ebitdaratio": 0.268876284218, "operatingIncome": 87825000, "operatingIncomeRatio": 0.195047904165, "totalOtherIncomeExpensesNet": 0, "incomeBeforeTax": 91276000, "incomeBeforeTaxRatio": 0.202712126394, "incomeTaxExpense": 423000, "netIncome": 90853000, "netIncomeRatio": 0.201772698401, "eps": 0.81, "epsdiluted": 0.8, "weightedAverageShsOut": 110109000, "weightedAverageShsOutDil": 112763000, "link": "https://www.sec.gov/Archives/edgar/data/946581/000162828018006877/0001628280-18-006877-index.htm", "finalLink": "https://www.sec.gov/Archives/edgar/data/946581/000162828018006877/ttwo10k03312018.htm"}, {"date": "2017-12-31", "symbol": "TTWO", "fillingDate": "2018-02-08", "acceptedDate": "2018-02-07 18:08:34", "period": "Q3", "revenue": 480840000, "costOfRevenue": 267983000, "grossProfit": 212857000, "grossProfitRatio": 0.44267739788703103, "researchAndDevelopmentExpenses": 49977000, "generalAndAdministrativeExpenses": 65951000, "sellingAndMarketingExpenses": 79513000, "otherExpenses": 8564000, "operatingExpenses": 204005000, "costAndExpenses": 471988000, "interestExpense": 1497000, "depreciationAndAmortization": 42002000, "ebitda": 50854000, "ebitdaratio": 0.105760752017, "operatingIncome": 8852000, "operatingIncomeRatio": 0.0184094501289, "totalOtherIncomeExpensesNet": 0, "incomeBeforeTax": 12226000, "incomeBeforeTaxRatio": 0.0254263372432, "incomeTaxExpense": 24417000, "netIncome": 25140000, "netIncomeRatio": 0.0522835038682, "eps": 0.22, "epsdiluted": 0.21, "weightedAverageShsOut": 108732000, "weightedAverageShsOutDil": 111162000, "link": "https://www.sec.gov/Archives/edgar/data/946581/000162828018001226/0001628280-18-001226-index.htm", "finalLink": "https://www.sec.gov/Archives/edgar/data/946581/000162828018001226/ttwo10q12312017.htm"}, {"date": "2017-09-30", "symbol": "TTWO", "fillingDate": "2017-11-08", "acceptedDate": "2017-11-07 18:51:24", "period": "Q2", "revenue": 443562000, "costOfRevenue": 246548000, "grossProfit": 197014000, "grossProfitRatio": 0.44416338640370456, "researchAndDevelopmentExpenses": 49999000, "generalAndAdministrativeExpenses": 60824000, "sellingAndMarketingExpenses": 76914000, "otherExpenses": 20596000, "operatingExpenses": 208333000, "costAndExpenses": 454881000, "interestExpense": 9072000, "depreciationAndAmortization": 46359000, "ebitda": 35040000, "ebitdaratio": 0.0789968482422, "operatingIncome": -11319000, "operatingIncomeRatio": -0.025518416816589336, "totalOtherIncomeExpensesNet": 0, "incomeBeforeTax": -14288000, "incomeBeforeTaxRatio": -0.03221195684030643, "incomeTaxExpense": -24417000, "netIncome": -2736000, "netIncomeRatio": -0.006168247054526763, "eps": -0.03, "epsdiluted": -0.03, "weightedAverageShsOut": 106324000, "weightedAverageShsOutDil": 108448000, "link": "https://www.sec.gov/Archives/edgar/data/946581/000162828017011117/0001628280-17-011117-index.htm", "finalLink": "https://www.sec.gov/Archives/edgar/data/946581/000162828017011117/ttwo10q9302017.htm"}, {"date": "2017-06-30", "symbol": "TTWO", "fillingDate": "2017-08-03", "acceptedDate": "2017-08-02 18:46:48", "period": "Q1", "revenue": 418216000, "costOfRevenue": 194569000, "grossProfit": 223647000, "grossProfitRatio": 0.5347643323067506, "researchAndDevelopmentExpenses": 42269000, "generalAndAdministrativeExpenses": 60603000, "sellingAndMarketingExpenses": 52214000, "otherExpenses": 18342000, "operatingExpenses": 173428000, "costAndExpenses": 367997000, "interestExpense": 5845000, "depreciationAndAmortization": 39555000, "ebitda": 89774000, "ebitdaratio": 0.214659410448, "operatingIncome": 50219000, "operatingIncomeRatio": 0.120079097882, "totalOtherIncomeExpensesNet": 0, "incomeBeforeTax": 47411000, "incomeBeforeTaxRatio": 0.113364864089, "incomeTaxExpense": -12865000, "netIncome": 60276000, "netIncomeRatio": 0.144126480096, "eps": 0.57, "epsdiluted": 0.56, "weightedAverageShsOut": 104465000, "weightedAverageShsOutDil": 117753000, "link": "https://www.sec.gov/Archives/edgar/data/946581/000162828017007899/0001628280-17-007899-index.htm", "finalLink": "https://www.sec.gov/Archives/edgar/data/946581/000162828017005833/ttwo10k03312017.htm"}, {"date": "2017-03-31", "symbol": "TTWO", "fillingDate": "2017-05-24", "acceptedDate": "2017-05-23 20:18:26", "period": "FY", "revenue": 571556000, "costOfRevenue": 314900000, "grossProfit": 256656000, "grossProfitRatio": 0.44904786232670113, "researchAndDevelopmentExpenses": 36421000, "generalAndAdministrativeExpenses": 62042000, "sellingAndMarketingExpenses": 38312000, "otherExpenses": 8378000, "operatingExpenses": 145153000, "costAndExpenses": 460053000, "interestExpense": 4721000, "depreciationAndAmortization": 109111000, "ebitda": 220614000, "ebitdaratio": 0.385988424581, "operatingIncome": 111503000, "operatingIncomeRatio": 0.195086745656, "totalOtherIncomeExpensesNet": 0, "incomeBeforeTax": 111111000, "incomeBeforeTaxRatio": 0.1944008986, "incomeTaxExpense": 11831000, "netIncome": 99280000, "netIncomeRatio": 0.173701264618, "eps": 1.1, "epsdiluted": 1.09, "weightedAverageShsOut": 90180000, "weightedAverageShsOutDil": 92332000, "link": "https://www.sec.gov/Archives/edgar/data/946581/000162828017005833/0001628280-17-005833-index.htm", "finalLink": "https://www.sec.gov/Archives/edgar/data/946581/000162828017005833/ttwo10k03312017.htm"}, {"date": "2016-12-31", "symbol": "TTWO", "fillingDate": "2017-02-08", "acceptedDate": "2017-02-07 18:57:42", "period": "Q3", "revenue": 476473000, "costOfRevenue": 311074000, "grossProfit": 165399000, "grossProfitRatio": 0.34713194661607266, "researchAndDevelopmentExpenses": 37589000, "generalAndAdministrativeExpenses": 52939000, "sellingAndMarketingExpenses": 95820000, "otherExpenses": 7460000, "operatingExpenses": 193808000, "costAndExpenses": 504882000, "interestExpense": 4082000, "depreciationAndAmortization": 80606000, "ebitda": 52197000, "ebitdaratio": 0.109548704753, "operatingIncome": -18063000, "operatingIncomeRatio": -0.01602353986901202, "totalOtherIncomeExpensesNet": 0, "incomeBeforeTax": -32011000, "incomeBeforeTaxRatio": -0.028396696824832184, "incomeTaxExpense": -2281000, "netIncome": -29842000, "netIncomeRatio": -0.026472594628304084, "eps": -0.34, "epsdiluted": -0.34, "weightedAverageShsOut": 90180000, "weightedAverageShsOutDil": 86796000, "link": "https://www.sec.gov/Archives/edgar/data/946581/000104746917000578/0001047469-17-000578-index.htm", "finalLink": "https://www.sec.gov/Archives/edgar/data/946581/000104746917000578/a2230843z10-q.htm"}, {"date": "2016-09-30", "symbol": "TTWO", "fillingDate": "2016-11-03", "acceptedDate": "2016-11-02 18:26:43", "period": "Q2", "revenue": 420167000, "costOfRevenue": 205605000, "grossProfit": 214562000, "grossProfitRatio": 0.510658857073497, "researchAndDevelopmentExpenses": 30005000, "generalAndAdministrativeExpenses": 49685000, "sellingAndMarketingExpenses": 80187000, "otherExpenses": 7491000, "operatingExpenses": 167368000, "costAndExpenses": 372973000, "interestExpense": 4694000, "depreciationAndAmortization": 37197000, "ebitda": 84391000, "ebitdaratio": 0.200851090162, "operatingIncome": 47194000, "operatingIncomeRatio": 0.112322005298, "totalOtherIncomeExpensesNet": 0, "incomeBeforeTax": 40116000, "incomeBeforeTaxRatio": 0.0954763225099, "incomeTaxExpense": 3684000, "netIncome": 36432000, "netIncomeRatio": 0.0867083802393, "eps": 0.43, "epsdiluted": 0.43, "weightedAverageShsOut": 84990000, "weightedAverageShsOutDil": 84990000, "link": "https://www.sec.gov/Archives/edgar/data/946581/000104746916016473/0001047469-16-016473-index.htm", "finalLink": "https://www.sec.gov/Archives/edgar/data/946581/000104746916016473/a2230164z10-q.htm"}, {"date": "2016-06-30", "symbol": "TTWO", "fillingDate": "2016-08-05", "acceptedDate": "2016-08-04 18:17:46", "period": "Q1", "revenue": 311552000, "costOfRevenue": 191380000, "grossProfit": 120172000, "grossProfitRatio": 0.3857205217748562, "researchAndDevelopmentExpenses": 33900000, "generalAndAdministrativeExpenses": 46743000, "sellingAndMarketingExpenses": 71134000, "otherExpenses": 7378000, "operatingExpenses": 159155000, "costAndExpenses": 350535000, "interestExpense": 3961000, "depreciationAndAmortization": 54891000, "ebitda": 15908000, "ebitdaratio": 0.0510604971241, "operatingIncome": -38983000, "operatingIncomeRatio": -0.12512517974527526, "totalOtherIncomeExpensesNet": 0, "incomeBeforeTax": -42139000, "incomeBeforeTaxRatio": -0.13525510990139689, "incomeTaxExpense": -3572000, "netIncome": -38567000, "netIncomeRatio": -0.12378992912900576, "eps": -0.46, "epsdiluted": -0.46, "weightedAverageShsOut": 84990000, "weightedAverageShsOutDil": 84588000, "link": "https://www.sec.gov/Archives/edgar/data/946581/000104746916014693/0001047469-16-014693-index.htm", "finalLink": "https://www.sec.gov/Archives/edgar/data/946581/000104746916013278/a2228643z10-k.htm"}, {"date": "2016-03-31", "symbol": "TTWO", "fillingDate": "2016-05-19", "acceptedDate": "2016-05-18 18:19:21", "period": "FY", "revenue": 377206000, "costOfRevenue": 209457000, "grossProfit": 167749000, "grossProfitRatio": 0.4447145591533539, "researchAndDevelopmentExpenses": 33308000, "generalAndAdministrativeExpenses": 44395000, "sellingAndMarketingExpenses": 38020000, "otherExpenses": 7451000, "operatingExpenses": 123174000, "costAndExpenses": 332631000, "interestExpense": 3917000, "depreciationAndAmortization": 65143000, "ebitda": 109718000, "ebitdaratio": 0.290870240664, "operatingIncome": 44575000, "operatingIncomeRatio": 0.118171503104, "totalOtherIncomeExpensesNet": 0, "incomeBeforeTax": 41001000, "incomeBeforeTaxRatio": 0.108696574286, "incomeTaxExpense": -30048000, "netIncome": 46399000, "netIncomeRatio": 0.123007057152, "eps": 0.56, "epsdiluted": 0.56, "weightedAverageShsOut": 83417000, "weightedAverageShsOutDil": 83417000, "link": "https://www.sec.gov/Archives/edgar/data/946581/000104746916013278/0001047469-16-013278-index.htm", "finalLink": "https://www.sec.gov/Archives/edgar/data/946581/000104746916013278/a2228643z10-k.htm"}, {"date": "2015-12-31", "symbol": "TTWO", "fillingDate": "2016-02-04", "acceptedDate": "2016-02-04 12:10:37", "period": "Q3", "revenue": 414221000, "costOfRevenue": 257861000, "grossProfit": 156360000, "grossProfitRatio": 0.37747965458052585, "researchAndDevelopmentExpenses": 27944000, "generalAndAdministrativeExpenses": 49061000, "sellingAndMarketingExpenses": 59846000, "otherExpenses": 78706000, "operatingExpenses": 215557000, "costAndExpenses": 473418000, "interestExpense": 3872000, "depreciationAndAmortization": 56170000, "ebitda": 13757000, "ebitdaratio": 0.19130059933530794, "operatingIncome": -42413000, "operatingIncomeRatio": -0.5897820978126347, "totalOtherIncomeExpensesNet": 0, "incomeBeforeTax": -42413000, "incomeBeforeTaxRatio": -0.5897820978126347, "incomeTaxExpense": -24802000, "netIncome": -42413000, "netIncomeRatio": -0.5897820978126347, "eps": -0.51, "epsdiluted": -0.51, "weightedAverageShsOut": 83338000, "weightedAverageShsOutDil": 83338000, "link": "https://www.sec.gov/Archives/edgar/data/946581/000104746916010014/0001047469-16-010014-index.htm", "finalLink": "https://www.sec.gov/Archives/edgar/data/946581/000104746916010014/a2227207z10-q.htm"}, {"date": "2015-09-30", "symbol": "TTWO", "fillingDate": "2015-11-06", "acceptedDate": "2015-11-05 18:05:35", "period": "Q2", "revenue": 346974000, "costOfRevenue": 143940000, "grossProfit": 203034000, "grossProfitRatio": 0.5851562364903422, "researchAndDevelopmentExpenses": 24413000, "generalAndAdministrativeExpenses": 49961000, "sellingAndMarketingExpenses": 54876000, "otherExpenses": 7353000, "operatingExpenses": 136603000, "costAndExpenses": 280543000, "interestExpense": 3829000, "depreciationAndAmortization": 30821000, "ebitda": 97252000, "ebitdaratio": 0.280286130949, "operatingIncome": 66431000, "operatingIncomeRatio": 0.191458149602, "totalOtherIncomeExpensesNet": 0, "incomeBeforeTax": 58035000, "incomeBeforeTaxRatio": 0.167260371094, "incomeTaxExpense": 3300000, "netIncome": 54735000, "netIncomeRatio": 0.157749572014, "eps": 0.66, "epsdiluted": 0.66, "weightedAverageShsOut": 83280000, "weightedAverageShsOutDil": 83280000, "link": "https://www.sec.gov/Archives/edgar/data/946581/000104746915008367/0001047469-15-008367-index.htm", "finalLink": "https://www.sec.gov/Archives/edgar/data/946581/000104746915008367/a2226439z10-q.htm"}, {"date": "2015-06-30", "symbol": "TTWO", "fillingDate": "2015-08-10", "acceptedDate": "2015-08-10 16:43:48", "period": "Q1", "revenue": 275297000, "costOfRevenue": 202615000, "grossProfit": 72682000, "grossProfitRatio": 0.26401304772663703, "researchAndDevelopmentExpenses": 34142000, "generalAndAdministrativeExpenses": 49035000, "sellingAndMarketingExpenses": 45567000, "otherExpenses": 6575000, "operatingExpenses": 135319000, "costAndExpenses": 337934000, "interestExpense": 3785000, "depreciationAndAmortization": 36322000, "ebitda": 36322000, "ebitdaratio": -0.0955876744026, "operatingIncome": -62637000, "operatingIncomeRatio": -0.227525181894, "totalOtherIncomeExpensesNet": 0, "incomeBeforeTax": -70171000, "incomeBeforeTaxRatio": -0.254891989379, "incomeTaxExpense": -3148000, "netIncome": -67023000, "netIncomeRatio": -0.243457066368, "eps": -0.81, "epsdiluted": -0.81, "weightedAverageShsOut": 83280000, "weightedAverageShsOutDil": 82833000, "link": "https://www.sec.gov/Archives/edgar/data/946581/000104746915006749/0001047469-15-006749-index.htm", "finalLink": "https://www.sec.gov/Archives/edgar/data/946581/000104746915004959/a2224758z10-k.htm"}, {"date": "2015-03-31", "symbol": "TTWO", "fillingDate": "2015-05-22", "acceptedDate": "2015-05-21 20:45:45", "period": "FY", "revenue": 300089000, "costOfRevenue": 410682000, "grossProfit": -110593000, "grossProfitRatio": -0.3685340015795314, "researchAndDevelopmentExpenses": 35157000, "generalAndAdministrativeExpenses": 38202000, "sellingAndMarketingExpenses": 52467000, "otherExpenses": 5934000, "operatingExpenses": 131760000, "costAndExpenses": 542442000, "interestExpense": 3743000, "depreciationAndAmortization": 55683000, "ebitda": -186670000, "ebitdaratio": -0.6220487921916498, "operatingIncome": -242353000, "operatingIncomeRatio": -0.8076037442225473, "totalOtherIncomeExpensesNet": 0, "incomeBeforeTax": -249557000, "incomeBeforeTaxRatio": -0.8316099557131384, "incomeTaxExpense": -6766000, "netIncome": -242791000, "netIncomeRatio": -0.809063311217672, "eps": -3.02, "epsdiluted": -3.02, "weightedAverageShsOut": 80367000, "weightedAverageShsOutDil": 80367000, "link": "https://www.sec.gov/Archives/edgar/data/946581/000104746915004959/0001047469-15-004959-index.htm", "finalLink": "https://www.sec.gov/Archives/edgar/data/946581/000104746915004959/a2224758z10-k.htm"}, {"date": "2014-12-31", "symbol": "TTWO", "fillingDate": "2015-02-06", "acceptedDate": "2015-02-06 11:02:20", "period": "Q3", "revenue": 531147000, "costOfRevenue": 278013000, "grossProfit": 253134000, "grossProfitRatio": 0.47657992984992853, "researchAndDevelopmentExpenses": 31221000, "generalAndAdministrativeExpenses": 53564000, "sellingAndMarketingExpenses": 96892000, "otherExpenses": 5845000, "operatingExpenses": 187522000, "costAndExpenses": 465535000, "interestExpense": 3703000, "depreciationAndAmortization": 91494000, "ebitda": 157106000, "ebitdaratio": 0.295786288918, "operatingIncome": 65612000, "operatingIncomeRatio": 0.123528891249, "totalOtherIncomeExpensesNet": 0, "incomeBeforeTax": 54654000, "incomeBeforeTaxRatio": 0.102898067767, "incomeTaxExpense": 14561000, "netIncome": 40093000, "netIncomeRatio": 0.0754838114496, "eps": 0.5, "epsdiluted": 0.5, "weightedAverageShsOut": 80128000, "weightedAverageShsOutDil": 80128000, "link": "https://www.sec.gov/Archives/edgar/data/946581/000104746915000639/0001047469-15-000639-index.htm", "finalLink": "https://www.sec.gov/Archives/edgar/data/946581/000104746915000639/a2222916z10-q.htm"}, {"date": "2014-09-30", "symbol": "TTWO", "fillingDate": "2014-10-30", "acceptedDate": "2014-10-29 18:50:47", "period": "Q2", "revenue": 126277000, "costOfRevenue": 52016000, "grossProfit": 74261000, "grossProfitRatio": 0.588080172953111, "researchAndDevelopmentExpenses": 24533000, "generalAndAdministrativeExpenses": 43975000, "sellingAndMarketingExpenses": 49136000, "otherExpenses": 5130000, "operatingExpenses": 122774000, "costAndExpenses": 174790000, "interestExpense": 3326000, "depreciationAndAmortization": 14050000, "ebitda": -34463000, "ebitdaratio": -0.27291589125493954, "operatingIncome": -48513000, "operatingIncomeRatio": -0.3841792250370218, "totalOtherIncomeExpensesNet": 0, "incomeBeforeTax": -37049000, "incomeBeforeTaxRatio": -0.29339467994963453, "incomeTaxExpense": 4320000, "netIncome": -41369000, "netIncomeRatio": -0.3276051854256911, "eps": -0.51, "epsdiluted": -0.51, "weightedAverageShsOut": 80128000, "weightedAverageShsOutDil": 79862000, "link": "https://www.sec.gov/Archives/edgar/data/946581/000104746914008670/0001047469-14-008670-index.htm", "finalLink": "https://www.sec.gov/Archives/edgar/data/946581/000104746914008670/a2221879z10-q.htm"}, {"date": "2014-06-30", "symbol": "TTWO", "fillingDate": "2014-08-06", "acceptedDate": "2014-08-05 18:48:46", "period": "Q1", "revenue": 125425000, "costOfRevenue": 54156000, "grossProfit": 71269000, "grossProfitRatio": 0.5682200518237991, "researchAndDevelopmentExpenses": 24132000, "generalAndAdministrativeExpenses": 39352000, "sellingAndMarketingExpenses": 36846000, "otherExpenses": 4148000, "operatingExpenses": 104478000, "costAndExpenses": 158634000, "interestExpense": 3956000, "depreciationAndAmortization": 17316000, "ebitda": -15893000, "ebitdaratio": -0.12671317520430536, "operatingIncome": -33209000, "operatingIncomeRatio": -0.2647717759617301, "totalOtherIncomeExpensesNet": 0, "incomeBeforeTax": -40928000, "incomeBeforeTaxRatio": -0.3263145305959737, "incomeTaxExpense": -5525000, "netIncome": -35403000, "netIncomeRatio": -0.2822643013753239, "eps": -0.45, "epsdiluted": -0.45, "weightedAverageShsOut": 80128000, "weightedAverageShsOutDil": 79369000, "link": "https://www.sec.gov/Archives/edgar/data/946581/000104746914006667/0001047469-14-006667-index.htm", "finalLink": "https://www.sec.gov/Archives/edgar/data/946581/000104746914004898/a2220044z10-k.htm"}, {"date": "2014-03-31", "symbol": "TTWO", "fillingDate": "2014-05-14", "acceptedDate": "2014-05-13 19:07:23", "period": "FY", "revenue": 195208000, "costOfRevenue": 108288000, "grossProfit": 86920000, "grossProfitRatio": 0.4452686365312897, "researchAndDevelopmentExpenses": 28632000, "generalAndAdministrativeExpenses": 50773000, "sellingAndMarketingExpenses": 27577000, "otherExpenses": 3522000, "operatingExpenses": 110504000, "costAndExpenses": 218792000, "interestExpense": 3916000, "depreciationAndAmortization": 22740000, "ebitda": -844000, "ebitdaratio": -0.0043235932953567474, "operatingIncome": -23584000, "operatingIncomeRatio": -0.12081472070816769, "totalOtherIncomeExpensesNet": 0, "incomeBeforeTax": -31119000, "incomeBeforeTaxRatio": -0.1594145731732306, "incomeTaxExpense": -345000, "netIncome": -30787000, "netIncomeRatio": -0.15771382320396704, "eps": -0.23, "epsdiluted": -0.09, "weightedAverageShsOut": 84519000, "weightedAverageShsOutDil": 113882000, "link": "https://www.sec.gov/Archives/edgar/data/946581/000104746914004898/0001047469-14-004898-index.htm", "finalLink": "https://www.sec.gov/Archives/edgar/data/946581/000104746914004898/a2220044z10-k.htm"}, {"date": "2013-12-31", "symbol": "TTWO", "fillingDate": "2014-02-04", "acceptedDate": "2014-02-03 19:12:49", "period": "Q3", "revenue": 1863869000, "costOfRevenue": 1119734000, "grossProfit": 744135000, "grossProfitRatio": 0.39924211411853516, "researchAndDevelopmentExpenses": 29233000, "generalAndAdministrativeExpenses": 34718000, "sellingAndMarketingExpenses": 70476000, "otherExpenses": 3413000, "operatingExpenses": 137840000, "costAndExpenses": 1257574000, "interestExpense": 3877000, "depreciationAndAmortization": 177465000, "ebitda": 783760000, "ebitdaratio": 0.420501655428, "operatingIncome": 606295000, "operatingIncomeRatio": 0.325288418875, "totalOtherIncomeExpensesNet": 0, "incomeBeforeTax": 600328000, "incomeBeforeTaxRatio": 0.322087013626, "incomeTaxExpense": 21902000, "netIncome": 578426000, "netIncomeRatio": 0.31033618779, "eps": 6.14, "epsdiluted": 5.41, "weightedAverageShsOut": 97529000, "weightedAverageShsOutDil": 117274000, "link": "https://www.sec.gov/Archives/edgar/data/946581/000104746914000555/0001047469-14-000555-index.htm", "finalLink": "https://www.sec.gov/Archives/edgar/data/946581/000104746914000555/a2218068z10-q.htm"}, {"date": "2013-09-30", "symbol": "TTWO", "fillingDate": "2013-10-30", "acceptedDate": "2013-10-30 06:02:19", "period": "Q2", "revenue": 148824000, "costOfRevenue": 92463000, "grossProfit": 56361000, "grossProfitRatio": 0.3787090791807773, "researchAndDevelopmentExpenses": 26520000, "generalAndAdministrativeExpenses": 43023000, "sellingAndMarketingExpenses": 101342000, "otherExpenses": 3367000, "operatingExpenses": 174252000, "costAndExpenses": 266715000, "interestExpense": 3839000, "depreciationAndAmortization": 54716000, "ebitda": -63175000, "ebitdaratio": -0.42449470515508253, "operatingIncome": -117891000, "operatingIncomeRatio": -0.7921504596032898, "totalOtherIncomeExpensesNet": 0, "incomeBeforeTax": -132280000, "incomeBeforeTaxRatio": -0.888835134118153, "incomeTaxExpense": -8185000, "netIncome": -124120000, "netIncomeRatio": -0.8340052679675322, "eps": -1.41, "epsdiluted": -1.41, "weightedAverageShsOut": 97529000, "weightedAverageShsOutDil": 87907000, "link": "https://www.sec.gov/Archives/edgar/data/946581/000104746913010066/0001047469-13-010066-index.htm", "finalLink": "https://www.sec.gov/Archives/edgar/data/946581/000104746913010066/a2217131z10-q.htm"}, {"date": "2013-06-30", "symbol": "TTWO", "fillingDate": "2013-07-31", "acceptedDate": "2013-07-30 18:47:18", "period": "Q1", "revenue": 142667000, "costOfRevenue": 93842000, "grossProfit": 48825000, "grossProfitRatio": 0.3422305088072224, "researchAndDevelopmentExpenses": 20871000, "generalAndAdministrativeExpenses": 32860000, "sellingAndMarketingExpenses": 41601000, "otherExpenses": 3057000, "operatingExpenses": 98389000, "costAndExpenses": 192231000, "interestExpense": 3802000, "depreciationAndAmortization": 52277000, "ebitda": 2713000, "ebitdaratio": 0.0190163107096, "operatingIncome": -49564000, "operatingIncomeRatio": -0.3474104032467214, "totalOtherIncomeExpensesNet": 0, "incomeBeforeTax": -60797000, "incomeBeforeTaxRatio": -0.42614620059298924, "incomeTaxExpense": 1087000, "netIncome": -61914000, "netIncomeRatio": -0.4339756215522861, "eps": -0.71, "epsdiluted": -0.71, "weightedAverageShsOut": 97529000, "weightedAverageShsOutDil": 86992000, "link": "https://www.sec.gov/Archives/edgar/data/946581/000104746913007912/0001047469-13-007912-index.htm", "finalLink": "https://www.sec.gov/Archives/edgar/data/946581/000104746913006006/a2215169z10-k.htm"}, {"date": "2013-03-31", "symbol": "TTWO", "fillingDate": "2013-05-14", "acceptedDate": "2013-05-13 19:49:41", "period": "FY", "revenue": 299487000, "costOfRevenue": 154320000, "grossProfit": 145167000, "grossProfitRatio": 0.48471886926644564, "researchAndDevelopmentExpenses": 21183000, "generalAndAdministrativeExpenses": 40369000, "sellingAndMarketingExpenses": 51747000, "otherExpenses": 2806000, "operatingExpenses": 116105000, "costAndExpenses": 270425000, "interestExpense": 3763000, "depreciationAndAmortization": 49948000, "ebitda": 79010000, "ebitdaratio": 0.263817795096, "operatingIncome": 29062000, "operatingIncomeRatio": 0.0970392704859, "totalOtherIncomeExpensesNet": 0, "incomeBeforeTax": 63941000, "incomeBeforeTaxRatio": 0.213501754667, "incomeTaxExpense": 103000, "netIncome": 22473000, "netIncomeRatio": 0.0750383155195, "eps": 0.27, "epsdiluted": 0.27, "weightedAverageShsOut": 85581000, "weightedAverageShsOutDil": 85581000, "link": "https://www.sec.gov/Archives/edgar/data/946581/000104746913006006/0001047469-13-006006-index.htm", "finalLink": "https://www.sec.gov/Archives/edgar/data/946581/000104746913006006/a2215169z10-k.htm"}, {"date": "2012-12-31", "symbol": "TTWO", "fillingDate": "2013-02-06", "acceptedDate": "2013-02-05 18:24:24", "period": "Q3", "revenue": 415773000, "costOfRevenue": 216299000, "grossProfit": 199474000, "grossProfitRatio": 0.4797666034109959, "researchAndDevelopmentExpenses": 22369000, "generalAndAdministrativeExpenses": 32880000, "sellingAndMarketingExpenses": 60724000, "otherExpenses": 2509000, "operatingExpenses": 118482000, "costAndExpenses": 334781000, "interestExpense": 3729000, "depreciationAndAmortization": 56552000, "ebitda": 137544000, "ebitdaratio": 0.330815132296, "operatingIncome": 80992000, "operatingIncomeRatio": 0.194798604046, "totalOtherIncomeExpensesNet": 0, "incomeBeforeTax": 73386000, "incomeBeforeTaxRatio": 0.176504967855, "incomeTaxExpense": 2021000, "netIncome": 71365000, "netIncomeRatio": 0.171644142357, "eps": 0.84, "epsdiluted": 0.84, "weightedAverageShsOut": 85382000, "weightedAverageShsOutDil": 85382000, "link": "https://www.sec.gov/Archives/edgar/data/946581/000104746913000681/0001047469-13-000681-index.htm", "finalLink": "https://www.sec.gov/Archives/edgar/data/946581/000104746913000681/a2212680z10-q.htm"}, {"date": "2012-09-30", "symbol": "TTWO", "fillingDate": "2012-10-31", "acceptedDate": "2012-10-31 07:59:33", "period": "Q2", "revenue": 273084000, "costOfRevenue": 158487000, "grossProfit": 114597000, "grossProfitRatio": 0.4196401107351584, "researchAndDevelopmentExpenses": 19320000, "generalAndAdministrativeExpenses": 30809000, "sellingAndMarketingExpenses": 65851000, "otherExpenses": 2550000, "operatingExpenses": 118530000, "costAndExpenses": 277017000, "interestExpense": 3694000, "depreciationAndAmortization": 55245000, "ebitda": 51312000, "ebitdaratio": 0.187898229116, "operatingIncome": -3933000, "operatingIncomeRatio": -0.01440216197214044, "totalOtherIncomeExpensesNet": 0, "incomeBeforeTax": -11352000, "incomeBeforeTaxRatio": -0.04156962692797821, "incomeTaxExpense": 1085000, "netIncome": -12491000, "netIncomeRatio": -0.04574050475311626, "eps": -0.15, "epsdiluted": -0.15, "weightedAverageShsOut": 85197000, "weightedAverageShsOutDil": 85197000, "link": "https://www.sec.gov/Archives/edgar/data/946581/000104746912009896/0001047469-12-009896-index.htm", "finalLink": "https://www.sec.gov/Archives/edgar/data/946581/000104746912009896/a2211465z10-q.htm"}, {"date": "2012-06-30", "symbol": "TTWO", "fillingDate": "2012-08-01", "acceptedDate": "2012-07-31 18:09:12", "period": "Q1", "revenue": 226139000, "costOfRevenue": 186731000, "grossProfit": 39408000, "grossProfitRatio": 0.17426450103697283, "researchAndDevelopmentExpenses": 15312000, "generalAndAdministrativeExpenses": 43202000, "sellingAndMarketingExpenses": 79007000, "otherExpenses": 2769000, "operatingExpenses": 140290000, "costAndExpenses": 327021000, "interestExpense": 3659000, "depreciationAndAmortization": 107520000, "ebitda": 6638000, "ebitdaratio": 0.0293536276361, "operatingIncome": -100882000, "operatingIncomeRatio": -0.44610615594833264, "totalOtherIncomeExpensesNet": 0, "incomeBeforeTax": -108931000, "incomeBeforeTaxRatio": -0.48169930883217843, "incomeTaxExpense": 1841000, "netIncome": -110838000, "netIncomeRatio": -0.4901321753434834, "eps": -1.3, "epsdiluted": -1.3, "weightedAverageShsOut": 85010000, "weightedAverageShsOutDil": 85010000, "link": "https://www.sec.gov/Archives/edgar/data/946581/000104746912007602/0001047469-12-007602-index.htm", "finalLink": "https://www.sec.gov/Archives/edgar/data/946581/000104746912006226/a2209413z10-k.htm"}, {"date": "2012-03-31", "symbol": "TTWO", "fillingDate": "2012-05-23", "acceptedDate": "2012-05-22 19:30:20", "period": "FY", "revenue": 148084000, "costOfRevenue": 116466000, "grossProfit": 31618000, "grossProfitRatio": 0.21351395154101727, "researchAndDevelopmentExpenses": 14822000, "generalAndAdministrativeExpenses": 35133000, "sellingAndMarketingExpenses": 40065000, "otherExpenses": 2740000, "operatingExpenses": 92760000, "costAndExpenses": 209226000, "interestExpense": 0, "depreciationAndAmortization": 41233000, "ebitda": -19909000, "ebitdaratio": -0.13444396423651442, "operatingIncome": -61142000, "operatingIncomeRatio": -0.4128872801923233, "totalOtherIncomeExpensesNet": 0, "incomeBeforeTax": -66510000, "incomeBeforeTaxRatio": -0.44913697631074256, "incomeTaxExpense": -505000, "netIncome": -66836000, "netIncomeRatio": -0.4513384295399908, "eps": -0.8, "epsdiluted": -0.8, "weightedAverageShsOut": 83356000, "weightedAverageShsOutDil": 83356000, "link": "https://www.sec.gov/Archives/edgar/data/946581/000104746912006226/0001047469-12-006226-index.htm", "finalLink": "https://www.sec.gov/Archives/edgar/data/946581/000104746912006226/a2209413z10-k.htm"}, {"date": "2011-12-31", "symbol": "TTWO", "fillingDate": "2012-02-03", "acceptedDate": "2012-02-03 06:01:36", "period": "Q3", "revenue": 236325000, "costOfRevenue": 126467000, "grossProfit": 109858000, "grossProfitRatio": 0.464859832857294, "researchAndDevelopmentExpenses": 16823000, "generalAndAdministrativeExpenses": 29705000, "sellingAndMarketingExpenses": 40228000, "otherExpenses": 2854000, "operatingExpenses": 89610000, "costAndExpenses": 216077000, "interestExpense": 0, "depreciationAndAmortization": 39536000, "ebitda": 59784000, "ebitdaratio": 0.252973659156, "operatingIncome": 20248000, "operatingIncomeRatio": 0.0856786205437, "totalOtherIncomeExpensesNet": 0, "incomeBeforeTax": 13773000, "incomeBeforeTaxRatio": 0.0582799111393, "incomeTaxExpense": -127000, "netIncome": 14104000, "netIncomeRatio": 0.0596805247012, "eps": 0.17, "epsdiluted": 0.17, "weightedAverageShsOut": 83003000, "weightedAverageShsOutDil": 83003000, "link": "https://www.sec.gov/Archives/edgar/data/946581/000104746912000587/0001047469-12-000587-index.htm", "finalLink": "https://www.sec.gov/Archives/edgar/data/946581/000104746912000587/a2207032z10-q.htm"}, {"date": "2011-09-30", "symbol": "TTWO", "fillingDate": "2011-11-08", "acceptedDate": "2011-11-08 17:03:49", "period": "Q2", "revenue": 107034000, "costOfRevenue": 74703000, "grossProfit": 32331000, "grossProfitRatio": 0.30206289590223667, "researchAndDevelopmentExpenses": 15998000, "generalAndAdministrativeExpenses": 25785000, "sellingAndMarketingExpenses": 28773000, "otherExpenses": 3284000, "operatingExpenses": 73840000, "costAndExpenses": 148543000, "interestExpense": 0, "depreciationAndAmortization": 17966000, "ebitda": -23543000, "ebitdaratio": -0.21995814414111403, "operatingIncome": -41509000, "operatingIncomeRatio": -0.3878113496645926, "totalOtherIncomeExpensesNet": 0, "incomeBeforeTax": -45842000, "incomeBeforeTaxRatio": -0.4282938131808584, "incomeTaxExpense": 1419000, "netIncome": -47371000, "netIncomeRatio": -0.4425789935908216, "eps": -0.57, "epsdiluted": -0.57, "weightedAverageShsOut": 82722000, "weightedAverageShsOutDil": 82722000, "link": "https://www.sec.gov/Archives/edgar/data/946581/000104746911009224/0001047469-11-009224-index.htm", "finalLink": "https://www.sec.gov/Archives/edgar/data/946581/000104746911009224/a2206110z10-q.htm"}, {"date": "2011-06-30", "symbol": "TTWO", "fillingDate": "2011-08-09", "acceptedDate": "2011-08-09 06:11:18", "period": "Q1", "revenue": 334380000, "costOfRevenue": 211219000, "grossProfit": 123161000, "grossProfitRatio": 0.36832645493151506, "researchAndDevelopmentExpenses": 16519000, "generalAndAdministrativeExpenses": 30577000, "sellingAndMarketingExpenses": 74683000, "otherExpenses": 3245000, "operatingExpenses": 125024000, "costAndExpenses": 336243000, "interestExpense": 0, "depreciationAndAmortization": 78326000, "ebitda": 76463000, "ebitdaratio": 0.228670973144, "operatingIncome": -1863000, "operatingIncomeRatio": -0.00557150547281536, "totalOtherIncomeExpensesNet": 0, "incomeBeforeTax": -5543000, "incomeBeforeTaxRatio": -0.016576948382080268, "incomeTaxExpense": 3076000, "netIncome": -8713000, "netIncomeRatio": -0.026057180453376398, "eps": -0.11, "epsdiluted": -0.11, "weightedAverageShsOut": 82505000, "weightedAverageShsOutDil": 82505000, "link": "https://www.sec.gov/Archives/edgar/data/946581/000104746911007115/0001047469-11-007115-index.htm", "finalLink": "https://www.sec.gov/Archives/edgar/data/946581/000104746911005488/a2204277z10-k.htm"}, {"date": "2011-03-31", "symbol": "TTWO", "fillingDate": "2011-05-25", "acceptedDate": "2011-05-24 19:55:19", "period": "FY", "revenue": 182255000, "costOfRevenue": 120043000, "grossProfit": 62212000, "grossProfitRatio": 0.34134591643576306, "researchAndDevelopmentExpenses": 17248000, "generalAndAdministrativeExpenses": 29170000, "sellingAndMarketingExpenses": 32026000, "otherExpenses": 3728000, "operatingExpenses": 82172000, "costAndExpenses": 202215000, "interestExpense": 0, "depreciationAndAmortization": 27571000, "ebitda": 7611000, "ebitdaratio": 0.0417601711887, "operatingIncome": -19960000, "operatingIncomeRatio": -0.10951688568214864, "totalOtherIncomeExpensesNet": 0, "incomeBeforeTax": -23084000, "incomeBeforeTaxRatio": -0.12665770486406408, "incomeTaxExpense": -668000, "netIncome": -22054000, "netIncomeRatio": -0.12100628240651834, "eps": -0.26, "epsdiluted": -0.26, "weightedAverageShsOut": 82505000, "weightedAverageShsOutDil": 82505000, "link": "https://www.sec.gov/Archives/edgar/data/946581/000104746911005488/0001047469-11-005488-index.htm", "finalLink": "https://www.sec.gov/Archives/edgar/data/946581/000104746911005488/a2204277z10-k.htm"}, {"date": "2010-12-31", "symbol": "TTWO", "fillingDate": "2011-02-09", "acceptedDate": "2011-02-09 06:15:04", "period": "Q3", "revenue": 169305000, "costOfRevenue": 71942000, "grossProfit": 97363000, "grossProfitRatio": 0.575074569563805, "researchAndDevelopmentExpenses": 6383000, "generalAndAdministrativeExpenses": 2264000, "sellingAndMarketingExpenses": 12992000, "otherExpenses": -578000, "operatingExpenses": 21061000, "costAndExpenses": 93003000, "interestExpense": 0, "depreciationAndAmortization": 19193000, "ebitda": 95495000, "ebitdaratio": 0.564041227371, "operatingIncome": 76302000, "operatingIncomeRatio": 0.450677770887, "totalOtherIncomeExpensesNet": 0, "incomeBeforeTax": 82942000, "incomeBeforeTaxRatio": 0.489896931573, "incomeTaxExpense": 2195000, "netIncome": 81708000, "netIncomeRatio": 0.482608310446, "eps": 0.96, "epsdiluted": 0.96, "weightedAverageShsOut": 82505000, "weightedAverageShsOutDil": 82505000, "link": "https://www.sec.gov/Archives/edgar/data/946581/000104746911000635/0001047469-11-000635-index.htm", "finalLink": "https://www.sec.gov/Archives/edgar/data/946581/000104746911000635/a2201803z10-q.htm"}, {"date": "2010-07-31", "symbol": "TTWO", "fillingDate": "2010-09-03", "acceptedDate": "2010-09-03 07:05:45", "period": "Q3", "revenue": 444965000, "costOfRevenue": 393164000, "grossProfit": 51801000, "grossProfitRatio": 0.11641589787960852, "researchAndDevelopmentExpenses": 45945000, "generalAndAdministrativeExpenses": 24786000, "sellingAndMarketingExpenses": 131276000, "otherExpenses": 11849000, "operatingExpenses": 29644000, "costAndExpenses": 422808000, "interestExpense": -3792000, "depreciationAndAmortization": 90457000, "ebitda": 112614000, "ebitdaratio": 0.253085074107, "operatingIncome": 22157000, "operatingIncomeRatio": 0.0497949276909, "totalOtherIncomeExpensesNet": 0, "incomeBeforeTax": 8902000, "incomeBeforeTaxRatio": 0.020006067893, "incomeTaxExpense": 8966000, "netIncome": 5920000, "netIncomeRatio": 0.0167195743286752, "eps": -0.05, "epsdiluted": -0.05, "weightedAverageShsOut": 82505000, "weightedAverageShsOutDil": 82505000, "link": "https://www.sec.gov/Archives/edgar/data/946581/000104746910007879/0001047469-10-007879-index.htm", "finalLink": "https://www.sec.gov/Archives/edgar/data/946581/000104746910007879/a2200063z10-q.htm"}, {"date": "2010-04-30", "symbol": "TTWO", "fillingDate": "2010-06-09", "acceptedDate": "2010-06-09 07:05:43", "period": "Q2", "revenue": 72009000, "costOfRevenue": 34741000, "grossProfit": 37268000, "grossProfitRatio": 0.517546417808885, "researchAndDevelopmentExpenses": 3084000, "generalAndAdministrativeExpenses": 9798000, "sellingAndMarketingExpenses": 12168000, "otherExpenses": 1169000, "operatingExpenses": 26219000, "costAndExpenses": 60960000, "interestExpense": 0, "depreciationAndAmortization": 4253000, "ebitda": 15302000, "ebitdaratio": 0.21250121512588704, "operatingIncome": 11049000, "operatingIncomeRatio": 0.15343915343915343, "totalOtherIncomeExpensesNet": 0, "incomeBeforeTax": 9824000, "incomeBeforeTaxRatio": 0.13642739102056686, "incomeTaxExpense": 178000, "netIncome": 11686000, "netIncomeRatio": 0.16228526989681846, "eps": -0.22, "epsdiluted": -0.22, "weightedAverageShsOut": 77800000, "weightedAverageShsOutDil": 77800000, "link": "https://www.sec.gov/Archives/edgar/data/946581/000104746910005839/0001047469-10-005839-index.htm", "finalLink": "https://www.sec.gov/Archives/edgar/data/946581/000104746910010503/a2201436z10-kt.htm"}, {"date": "2010-03-31", "symbol": "TTWO", "fillingDate": "2010-12-20", "acceptedDate": "2010-12-20 06:06:47", "period": "FY", "revenue": 195993000, "costOfRevenue": 122038000, "grossProfit": 73955000, "grossProfitRatio": 0.3773349048180292, "researchAndDevelopmentExpenses": 9824000, "generalAndAdministrativeExpenses": 14771000, "sellingAndMarketingExpenses": 31308000, "otherExpenses": 2463000, "operatingExpenses": 58366000, "costAndExpenses": 180404000, "interestExpense": 0, "depreciationAndAmortization": 30090000, "ebitda": 45679000, "ebitdaratio": 0.23306444617920027, "operatingIncome": 15589000, "operatingIncomeRatio": 0.07953855494839102, "totalOtherIncomeExpensesNet": 0, "incomeBeforeTax": 9050000, "incomeBeforeTaxRatio": 0.04617511849913007, "incomeTaxExpense": 1780000, "netIncome": 5072000, "netIncomeRatio": 0.02587847525166715, "eps": -0.34, "epsdiluted": -0.34, "weightedAverageShsOut": 78453000, "weightedAverageShsOutDil": 78453000, "link": "https://www.sec.gov/Archives/edgar/data/946581/000104746910010503/0001047469-10-010503-index.htm", "finalLink": "https://www.sec.gov/Archives/edgar/data/946581/000104746910010503/a2201436z10-kt.htm"}, {"date": "2010-01-31", "symbol": "TTWO", "fillingDate": "2010-03-10", "acceptedDate": "2010-03-10 11:27:37", "period": "Q1", "revenue": 163238000, "costOfRevenue": 100358000, "grossProfit": 62880000, "grossProfitRatio": 0.3852044254401549, "researchAndDevelopmentExpenses": 15455000, "generalAndAdministrativeExpenses": 28695000, "sellingAndMarketingExpenses": 41094000, "otherExpenses": 4159000, "operatingExpenses": 89403000, "costAndExpenses": 189761000, "interestExpense": 0, "depreciationAndAmortization": 20866000, "ebitda": -5657000, "ebitdaratio": -0.03465492103554319, "operatingIncome": -26523000, "operatingIncomeRatio": -0.16248054987196608, "totalOtherIncomeExpensesNet": 0, "incomeBeforeTax": -31336000, "incomeBeforeTaxRatio": -0.19196510616400592, "incomeTaxExpense": 2486000, "netIncome": -33874000, "netIncomeRatio": -0.20751295654198165, "eps": -0.43, "epsdiluted": -0.43, "weightedAverageShsOut": 78139000, "weightedAverageShsOutDil": 78139000, "link": "https://www.sec.gov/Archives/edgar/data/946581/000104746910001979/0001047469-10-001979-index.htm", "finalLink": "https://www.sec.gov/Archives/edgar/data/946581/000104746909010820/a2195852z10-k.htm"}, {"date": "2009-10-31", "symbol": "TTWO", "fillingDate": "2009-12-18", "acceptedDate": "2009-12-18 08:10:12", "period": "FY", "revenue": 343392000, "costOfRevenue": 240414000, "grossProfit": 102978000, "grossProfitRatio": 0.299884679899357, "researchAndDevelopmentExpenses": 14159000, "generalAndAdministrativeExpenses": 34382000, "sellingAndMarketingExpenses": 51471000, "otherExpenses": 19035000, "operatingExpenses": 119047000, "costAndExpenses": 359461000, "interestExpense": 885000, "depreciationAndAmortization": 44358000, "ebitda": 28289000, "ebitdaratio": 0.08238106886590253, "operatingIncome": -16069000, "operatingIncomeRatio": -0.0467949165967757, "totalOtherIncomeExpensesNet": 0, "incomeBeforeTax": -16954000, "incomeBeforeTaxRatio": -0.04937214611872146, "incomeTaxExpense": 5036000, "netIncome": -21990000, "netIncomeRatio": -0.06403760134190663, "eps": -1.8, "epsdiluted": -1.8, "weightedAverageShsOut": 76815000, "weightedAverageShsOutDil": 76815000, "link": "https://www.sec.gov/Archives/edgar/data/946581/000104746909010820/0001047469-09-010820-index.htm", "finalLink": "https://www.sec.gov/Archives/edgar/data/946581/000104746909010820/a2195852z10-k.htm"}, {"date": "2009-07-31", "symbol": "TTWO", "fillingDate": "2009-09-03", "acceptedDate": "2009-09-03 08:01:16", "period": "Q3", "revenue": 138564000, "costOfRevenue": 114908000, "grossProfit": 23656000, "grossProfitRatio": 0.1707225541987818, "researchAndDevelopmentExpenses": 13887000, "generalAndAdministrativeExpenses": 29582000, "sellingAndMarketingExpenses": 25335000, "otherExpenses": 4457000, "operatingExpenses": 73261000, "costAndExpenses": 188169000, "interestExpense": 2310000, "depreciationAndAmortization": 14363000, "ebitda": -35242000, "ebitdaratio": -0.2543373459195751, "operatingIncome": -49605000, "operatingIncomeRatio": -0.3579934182038625, "totalOtherIncomeExpensesNet": -882000, "incomeBeforeTax": -52797000, "incomeBeforeTaxRatio": -0.38102970468519964, "incomeTaxExpense": 2675000, "netIncome": -55472000, "netIncomeRatio": -0.40033486331226004, "eps": -1.51, "epsdiluted": -1.51, "weightedAverageShsOut": 76561000, "weightedAverageShsOutDil": 76561000, "link": "https://www.sec.gov/Archives/edgar/data/946581/000104746909008111/0001047469-09-008111-index.htm", "finalLink": "https://www.sec.gov/Archives/edgar/data/946581/000104746909008111/a2194410z10-q.htm"}, {"date": "2009-04-30", "symbol": "TTWO", "fillingDate": "2009-06-05", "acceptedDate": "2009-06-05 16:41:21", "period": "Q2", "revenue": 229722000, "costOfRevenue": 161602000, "grossProfit": 68120000, "grossProfitRatio": 0.29653233038193993, "researchAndDevelopmentExpenses": 14759000, "generalAndAdministrativeExpenses": 31415000, "sellingAndMarketingExpenses": 31044000, "otherExpenses": 4777000, "operatingExpenses": 81995000, "costAndExpenses": 243597000, "interestExpense": 0, "depreciationAndAmortization": 41692000, "ebitda": 27817000, "ebitdaratio": 0.12108983902281889, "operatingIncome": -13875000, "operatingIncomeRatio": -0.06039909107529971, "totalOtherIncomeExpensesNet": -1467000, "incomeBeforeTax": -15342000, "incomeBeforeTaxRatio": -0.06678507065061248, "incomeTaxExpense": -5262000, "netIncome": -10080000, "netIncomeRatio": -0.04387912346227179, "eps": -0.79, "epsdiluted": -0.79, "weightedAverageShsOut": 76341000, "weightedAverageShsOutDil": 76341000, "link": "https://www.sec.gov/Archives/edgar/data/946581/000104746909006187/0001047469-09-006187-index.htm", "finalLink": "https://www.sec.gov/Archives/edgar/data/946581/000104746909006187/a2193344z10-q.htm"}, {"date": "2009-01-31", "symbol": "TTWO", "fillingDate": "2009-03-11", "acceptedDate": "2009-03-11 07:00:39", "period": "Q1", "revenue": 256810000, "costOfRevenue": 200902000, "grossProfit": 55908000, "grossProfitRatio": 0.21770180288929558, "researchAndDevelopmentExpenses": 20943000, "generalAndAdministrativeExpenses": 39748000, "sellingAndMarketingExpenses": 40774000, "otherExpenses": 5108000, "operatingExpenses": 106573000, "costAndExpenses": 307475000, "interestExpense": 0, "depreciationAndAmortization": 5108000, "ebitda": -45557000, "ebitdaratio": -0.17739574004127565, "operatingIncome": -50665000, "operatingIncomeRatio": -0.19728593123320742, "totalOtherIncomeExpensesNet": 2349000, "incomeBeforeTax": -48316000, "incomeBeforeTaxRatio": -0.1881390911568864, "incomeTaxExpense": 2072000, "netIncome": -50388000, "netIncomeRatio": -0.1962073127993458, "eps": -0.66, "epsdiluted": -0.66, "weightedAverageShsOut": 76102000, "weightedAverageShsOutDil": 76102000, "link": "https://www.sec.gov/Archives/edgar/data/946581/000104746909002447/0001047469-09-002447-index.htm", "finalLink": "https://www.sec.gov/Archives/edgar/data/946581/000104746908013277/a2189731z10-k.htm"}, {"date": "2008-10-31", "symbol": "TTWO", "fillingDate": "2008-12-19", "acceptedDate": "2008-12-19 07:03:01", "period": "FY", "revenue": 323442000, "costOfRevenue": 224772000, "grossProfit": 98670000, "grossProfitRatio": 0.30506242231992137, "researchAndDevelopmentExpenses": 16052000, "generalAndAdministrativeExpenses": 43767000, "sellingAndMarketingExpenses": 44846000, "otherExpenses": 7230000, "operatingExpenses": 111895000, "costAndExpenses": 336667000, "interestExpense": -108000, "depreciationAndAmortization": 41537000, "ebitda": 28312000, "ebitdaratio": 0.08753346813339022, "operatingIncome": -13225000, "operatingIncomeRatio": -0.04088832000791487, "totalOtherIncomeExpensesNet": 108000, "incomeBeforeTax": -31873000, "incomeBeforeTaxRatio": -0.09854317002739285, "incomeTaxExpense": -16919000, "netIncome": -14954000, "netIncomeRatio": -0.04623394611707818, "eps": 1.29, "epsdiluted": 1.28, "weightedAverageShsOut": 75039000, "weightedAverageShsOutDil": 75943000, "link": "https://www.sec.gov/Archives/edgar/data/946581/000104746908013277/0001047469-08-013277-index.htm", "finalLink": "https://www.sec.gov/Archives/edgar/data/946581/000104746908013277/a2189731z10-k.htm"}, {"date": "2008-07-31", "symbol": "TTWO", "fillingDate": "2008-09-05", "acceptedDate": "2008-09-05 07:59:46", "period": "Q3", "revenue": 674278000, "costOfRevenue": 445664000, "grossProfit": 228614000, "grossProfitRatio": 0.33905006540329063, "researchAndDevelopmentExpenses": 33049000, "generalAndAdministrativeExpenses": 78472000, "sellingAndMarketingExpenses": 76585000, "otherExpenses": 14543000, "operatingExpenses": 202649000, "costAndExpenses": 648313000, "interestExpense": -722000, "depreciationAndAmortization": 40021000, "ebitda": 65986000, "ebitdaratio": 0.09786171282468062, "operatingIncome": 25965000, "operatingIncomeRatio": 0.03850785581021478, "totalOtherIncomeExpensesNet": 722000, "incomeBeforeTax": 26687000, "incomeBeforeTaxRatio": 0.0395786307724707, "incomeTaxExpense": 16919000, "netIncome": 13829000, "netIncomeRatio": 0.020509344810300797, "eps": 1.5, "epsdiluted": 1.48, "weightedAverageShsOut": 74701000, "weightedAverageShsOutDil": 75640000, "link": "https://www.sec.gov/Archives/edgar/data/946581/000104746908009883/0001047469-08-009883-index.htm", "finalLink": "https://www.sec.gov/Archives/edgar/data/946581/000104746908009883/a2187775z10-q.htm"}, {"date": "2008-04-30", "symbol": "TTWO", "fillingDate": "2008-06-06", "acceptedDate": "2008-06-06 07:29:12", "period": "Q2", "revenue": 299368000, "costOfRevenue": 132251000, "grossProfit": 167117000, "grossProfitRatio": 0.558232676839208, "researchAndDevelopmentExpenses": -982000, "generalAndAdministrativeExpenses": 17799000, "sellingAndMarketingExpenses": 12220000, "otherExpenses": 1889000, "operatingExpenses": 30926000, "costAndExpenses": 163177000, "interestExpense": 830000, "depreciationAndAmortization": 45963000, "ebitda": 182154000, "ebitdaratio": 0.6084618262472943, "operatingIncome": 136191000, "operatingIncomeRatio": 0.45492838245904704, "totalOtherIncomeExpensesNet": -830000, "incomeBeforeTax": 135513000, "incomeBeforeTaxRatio": 0.4526636113412255, "incomeTaxExpense": 0, "netIncome": 136219000, "netIncomeRatio": 0.45502191282969456, "eps": 1.31, "epsdiluted": 1.29, "weightedAverageShsOut": 75098000, "weightedAverageShsOutDil": 75954000, "link": "https://www.sec.gov/Archives/edgar/data/946581/000104746908007248/0001047469-08-007248-index.htm", "finalLink": "https://www.sec.gov/Archives/edgar/data/946581/000104746908007248/a2186188z10-q.htm"}, {"date": "2008-01-31", "symbol": "TTWO", "fillingDate": "2008-03-11", "acceptedDate": "2008-03-11 17:17:50", "period": "Q1", "revenue": 240442000, "costOfRevenue": 186008000, "grossProfit": 54434000, "grossProfitRatio": 0.22639139584598364, "researchAndDevelopmentExpenses": 15810000, "generalAndAdministrativeExpenses": 31402000, "sellingAndMarketingExpenses": 33729000, "otherExpenses": 6571000, "operatingExpenses": 87512000, "costAndExpenses": 273520000, "interestExpense": 0, "depreciationAndAmortization": 18581000, "ebitda": -14497000, "ebitdaratio": -0.06029312682476439, "operatingIncome": -33078000, "operatingIncomeRatio": -0.1375716388983622, "totalOtherIncomeExpensesNet": 0, "incomeBeforeTax": -33230000, "incomeBeforeTaxRatio": -0.13820380798695736, "incomeTaxExpense": 0, "netIncome": -37997000, "netIncomeRatio": -0.15802979512730722, "eps": -0.52, "epsdiluted": -0.52, "weightedAverageShsOut": 73148000, "weightedAverageShsOutDil": 73148000, "link": "https://www.sec.gov/Archives/edgar/data/946581/000104746908002514/0001047469-08-002514-index.htm", "finalLink": "https://www.sec.gov/Archives/edgar/data/946581/000104746907010213/a2181758z10-k.htm"}, {"date": "2007-10-31", "symbol": "TTWO", "fillingDate": "2007-12-20", "acceptedDate": "2007-12-20 13:15:47", "period": "FY", "revenue": 292600000, "costOfRevenue": 202948000, "grossProfit": 89652000, "grossProfitRatio": 0.30639781271360217, "researchAndDevelopmentExpenses": 11159000, "generalAndAdministrativeExpenses": 35000000, "sellingAndMarketingExpenses": 32246000, "otherExpenses": 8111000, "operatingExpenses": 86516000, "costAndExpenses": 289464000, "interestExpense": 0, "depreciationAndAmortization": 21085000, "ebitda": 24221000, "ebitdaratio": 0.08277853725222147, "operatingIncome": 3136000, "operatingIncomeRatio": 0.010717703349282296, "totalOtherIncomeExpensesNet": -2632000, "incomeBeforeTax": -11848000, "incomeBeforeTaxRatio": -0.04049213943950786, "incomeTaxExpense": -4785000, "netIncome": -7063000, "netIncomeRatio": -0.024138755980861244, "eps": -1.93, "epsdiluted": -1.93, "weightedAverageShsOut": 71860000, "weightedAverageShsOutDil": 71860000, "link": "https://www.sec.gov/Archives/edgar/data/946581/000104746907010213/0001047469-07-010213-index.htm", "finalLink": "https://www.sec.gov/Archives/edgar/data/946581/000104746907010213/a2181758z10-k.htm"}, {"date": "2007-07-31", "symbol": "TTWO", "fillingDate": "2007-09-10", "acceptedDate": "2007-09-10 16:51:35", "period": "Q3", "revenue": 206415000, "costOfRevenue": 168279000, "grossProfit": 38136000, "grossProfitRatio": 0.1847540149698423, "researchAndDevelopmentExpenses": 11210000, "generalAndAdministrativeExpenses": 34703000, "sellingAndMarketingExpenses": 35223000, "otherExpenses": 14106000, "operatingExpenses": 95242000, "costAndExpenses": 263521000, "interestExpense": 0, "depreciationAndAmortization": 39118000, "ebitda": -17988000, "ebitdaratio": -0.08714482959087276, "operatingIncome": -57106000, "operatingIncomeRatio": -0.2766562507569702, "totalOtherIncomeExpensesNet": 2632000, "incomeBeforeTax": -56358000, "incomeBeforeTaxRatio": -0.27303248310442557, "incomeTaxExpense": 2188000, "netIncome": -58546000, "netIncomeRatio": -0.28363248794903473, "eps": -1.83, "epsdiluted": -1.83, "weightedAverageShsOut": 71714000, "weightedAverageShsOutDil": 71714000, "link": "https://www.sec.gov/Archives/edgar/data/946581/000110465907068109/0001104659-07-068109-index.htm", "finalLink": "https://www.sec.gov/Archives/edgar/data/946581/000110465907068109/a07-23440_110q.htm"}, {"date": "2007-04-30", "symbol": "TTWO", "fillingDate": "2007-06-11", "acceptedDate": "2007-06-11 16:52:34", "period": "Q2", "revenue": 205436000, "costOfRevenue": 159582000, "grossProfit": 45854000, "grossProfitRatio": 0.22320333339823595, "researchAndDevelopmentExpenses": 11936000, "generalAndAdministrativeExpenses": 40471000, "sellingAndMarketingExpenses": 28159000, "otherExpenses": 16038000, "operatingExpenses": 96604000, "costAndExpenses": 256186000, "interestExpense": 0, "depreciationAndAmortization": 43027000, "ebitda": -7723000, "ebitdaratio": -0.037593216378823575, "operatingIncome": -50750000, "operatingIncomeRatio": -0.24703557312252963, "totalOtherIncomeExpensesNet": 0, "incomeBeforeTax": -49728000, "incomeBeforeTaxRatio": -0.24206078778792423, "incomeTaxExpense": 1521000, "netIncome": -51249000, "netIncomeRatio": -0.24946455343756693, "eps": -1.02, "epsdiluted": -1.02, "weightedAverageShsOut": 71548000, "weightedAverageShsOutDil": 71548000, "link": "https://www.sec.gov/Archives/edgar/data/946581/000110465907046876/0001104659-07-046876-index.htm", "finalLink": "https://www.sec.gov/Archives/edgar/data/946581/000110465907046876/a07-16305_110q.htm"}, {"date": "2007-01-31", "symbol": "TTWO", "fillingDate": "2007-03-12", "acceptedDate": "2007-03-09 18:35:16", "period": "Q1", "revenue": 277340000, "costOfRevenue": 204225000, "grossProfit": 73115000, "grossProfitRatio": 0.26362948006057546, "researchAndDevelopmentExpenses": 14150000, "generalAndAdministrativeExpenses": 38614000, "sellingAndMarketingExpenses": 35024000, "otherExpenses": 6661000, "operatingExpenses": 94449000, "costAndExpenses": 298674000, "interestExpense": 0, "depreciationAndAmortization": 6661000, "ebitda": -14673000, "ebitdaratio": -0.052906180139900484, "operatingIncome": -21334000, "operatingIncomeRatio": -0.0769236316434701, "totalOtherIncomeExpensesNet": 0, "incomeBeforeTax": -20472000, "incomeBeforeTaxRatio": -0.07381553328044999, "incomeTaxExpense": 1076000, "netIncome": -21548000, "netIncomeRatio": -0.07769524771039157, "eps": -0.3, "epsdiluted": -0.3, "weightedAverageShsOut": 71360000, "weightedAverageShsOutDil": 71360000, "link": "https://www.sec.gov/Archives/edgar/data/946581/000110465907017892/0001104659-07-017892-index.htm", "finalLink": "https://www.sec.gov/Archives/edgar/data/946581/000110465907015029/a07-5041_110k.htm"}, {"date": "2006-10-31", "symbol": "TTWO", "fillingDate": "2007-02-28", "acceptedDate": "2007-02-28 17:16:08", "period": "FY", "revenue": 262409000, "costOfRevenue": 3165000, "grossProfit": 259244000, "grossProfitRatio": 0.9879386758838302, "researchAndDevelopmentExpenses": -26105000, "generalAndAdministrativeExpenses": -28193000, "sellingAndMarketingExpenses": 1592000, "otherExpenses": -17633000, "operatingExpenses": -70339000, "costAndExpenses": -73504000, "interestExpense": 0, "depreciationAndAmortization": 6621000, "ebitda": 342534000, "ebitdaratio": 1.3053439478066682, "operatingIncome": 335913000, "operatingIncomeRatio": 1.2801123437077235, "totalOtherIncomeExpensesNet": 0, "incomeBeforeTax": 336761000, "incomeBeforeTaxRatio": 1.2833439401849784, "incomeTaxExpense": 0, "netIncome": 268992000, "netIncomeRatio": 1.0250867919926527, "eps": 1.56, "epsdiluted": 1.51, "weightedAverageShsOut": 62948000, "weightedAverageShsOutDil": 64946000, "link": "https://www.sec.gov/Archives/edgar/data/946581/000110465907015029/0001104659-07-015029-index.htm", "finalLink": "https://www.sec.gov/Archives/edgar/data/946581/000110465907015029/a07-5041_110k.htm"}, {"date": "2006-07-31", "symbol": "TTWO", "fillingDate": "2007-03-01", "acceptedDate": "2007-02-28 21:24:29", "period": "Q3", "revenue": 241181000, "costOfRevenue": 184055000, "grossProfit": 57126000, "grossProfitRatio": 0.23685945410293513, "researchAndDevelopmentExpenses": 17406000, "generalAndAdministrativeExpenses": 44118000, "sellingAndMarketingExpenses": 27585000, "otherExpenses": 14961000, "operatingExpenses": 104070000, "costAndExpenses": 288125000, "interestExpense": 0, "depreciationAndAmortization": 183000, "ebitda": -46761000, "ebitdaratio": -0.1938834319453025, "operatingIncome": -46944000, "operatingIncomeRatio": -0.1946421981831073, "totalOtherIncomeExpensesNet": 0, "incomeBeforeTax": -45745000, "incomeBeforeTaxRatio": -0.18967082813322775, "incomeTaxExpense": 46206000, "netIncome": -91379000, "netIncomeRatio": -0.37888142100745914, "eps": -2.41, "epsdiluted": -2.41, "weightedAverageShsOut": 70954000, "weightedAverageShsOutDil": 70954000, "link": "https://www.sec.gov/Archives/edgar/data/946581/000110465907015119/0001104659-07-015119-index.htm", "finalLink": "https://www.sec.gov/Archives/edgar/data/946581/000110465907015119/a07-5041_310q.htm"}, {"date": "2006-04-30", "symbol": "TTWO", "fillingDate": "2006-06-09", "acceptedDate": "2006-06-08 19:13:30", "period": "Q2", "revenue": 265122000, "costOfRevenue": 247350000, "grossProfit": 17772000, "grossProfitRatio": 0.06703329033426121, "researchAndDevelopmentExpenses": 16097000, "generalAndAdministrativeExpenses": 33705000, "sellingAndMarketingExpenses": 32194000, "otherExpenses": 12944000, "operatingExpenses": 94940000, "costAndExpenses": 342290000, "interestExpense": 0, "depreciationAndAmortization": 12944000, "ebitda": -64224000, "ebitdaratio": -0.24224319369950437, "operatingIncome": -77168000, "operatingIncomeRatio": -0.2910659998038639, "totalOtherIncomeExpensesNet": 0, "incomeBeforeTax": -77164000, "incomeBeforeTaxRatio": -0.2910509124101357, "incomeTaxExpense": -26791000, "netIncome": -50373000, "netIncomeRatio": -0.18999932106728223, "eps": -1.12, "epsdiluted": -1.12, "weightedAverageShsOut": 70890000, "weightedAverageShsOutDil": 70890000, "link": "https://www.sec.gov/Archives/edgar/data/946581/000112528206003343/0001125282-06-003343-index.htm", "finalLink": "https://www.sec.gov/Archives/edgar/data/946581/000112528206003343/b413621-10q.htm"}, {"date": "2006-01-31", "symbol": "TTWO", "fillingDate": "2006-03-13", "acceptedDate": "2006-03-13 16:49:15", "period": "Q1", "revenue": 264981000, "costOfRevenue": 209314000, "grossProfit": 55667000, "grossProfitRatio": 0.2100792132266087, "researchAndDevelopmentExpenses": 17709000, "generalAndAdministrativeExpenses": 38453000, "sellingAndMarketingExpenses": 41644000, "otherExpenses": 6651000, "operatingExpenses": 104457000, "costAndExpenses": 313771000, "interestExpense": 0, "depreciationAndAmortization": 6651000, "ebitda": -42139000, "ebitdaratio": -0.159026496239353, "operatingIncome": -48790000, "operatingIncomeRatio": -0.18412640906329134, "totalOtherIncomeExpensesNet": 0, "incomeBeforeTax": -48537000, "incomeBeforeTaxRatio": -0.18317162362584488, "incomeTaxExpense": -19415000, "netIncome": -29122000, "netIncomeRatio": -0.10990221940441013, "eps": -0.41, "epsdiluted": -0.41, "weightedAverageShsOut": 71429000, "weightedAverageShsOutDil": 71429000, "link": "https://www.sec.gov/Archives/edgar/data/946581/000112528206001610/0001125282-06-001610-index.htm", "finalLink": "https://www.sec.gov/Archives/edgar/data/946581/000112528206000471/b411065-10k.htm"}, {"date": "2005-10-31", "symbol": "TTWO", "fillingDate": "2006-01-31", "acceptedDate": "2006-01-31 17:25:48", "period": "FY", "revenue": 608295000, "costOfRevenue": 191698000, "grossProfit": 416597000, "grossProfitRatio": 0.6848601418719535, "researchAndDevelopmentExpenses": 16222000, "generalAndAdministrativeExpenses": 33794000, "sellingAndMarketingExpenses": 38072000, "otherExpenses": 6437000, "operatingExpenses": 94525000, "costAndExpenses": 286223000, "interestExpense": 0, "depreciationAndAmortization": -3741000, "ebitda": 18190000, "ebitdaratio": 0.02990325417766051, "operatingIncome": 21931000, "operatingIncomeRatio": 0.03605323075152681, "totalOtherIncomeExpensesNet": 0, "incomeBeforeTax": 22681000, "incomeBeforeTaxRatio": 0.037286185156872896, "incomeTaxExpense": 3489000, "netIncome": 19192000, "netIncomeRatio": 0.03155048126320289, "eps": 0.54, "epsdiluted": 0.54, "weightedAverageShsOut": 69859000, "weightedAverageShsOutDil": 69859000, "link": "https://www.sec.gov/Archives/edgar/data/946581/000112528206000471/0001125282-06-000471-index.htm", "finalLink": "https://www.sec.gov/Archives/edgar/data/946581/000112528206000471/b411065-10k.htm"}, {"date": "2005-07-31", "symbol": "TTWO", "fillingDate": "2005-09-08", "acceptedDate": "2005-09-08 17:16:37", "period": "Q3", "revenue": 122179000, "costOfRevenue": 122179000, "grossProfit": 0, "grossProfitRatio": 0, "researchAndDevelopmentExpenses": 19736000, "generalAndAdministrativeExpenses": 32539000, "sellingAndMarketingExpenses": 32437000, "otherExpenses": 5691000, "operatingExpenses": 90403000, "costAndExpenses": 212582000, "interestExpense": 0, "depreciationAndAmortization": 5691000, "ebitda": -36992000, "ebitdaratio": -0.30276888827048837, "operatingIncome": -42683000, "operatingIncomeRatio": -0.34934808764190245, "totalOtherIncomeExpensesNet": 0, "incomeBeforeTax": -41422000, "incomeBeforeTaxRatio": -0.33902716506109887, "incomeTaxExpense": -12642000, "netIncome": -28780000, "netIncomeRatio": -0.235556028450061, "eps": 0.26, "epsdiluted": 0.26, "weightedAverageShsOut": 69768000, "weightedAverageShsOutDil": 69768000, "link": "https://www.sec.gov/Archives/edgar/data/946581/000112528205004722/0001125282-05-004722-index.htm", "finalLink": "https://www.sec.gov/Archives/edgar/data/946581/000112528205004722/b408703_10q.htm"}, {"date": "2005-04-30", "symbol": "TTWO", "fillingDate": "2005-06-09", "acceptedDate": "2005-06-09 16:09:32", "period": "Q2", "revenue": 150222000, "costOfRevenue": 150222000, "grossProfit": 0, "grossProfitRatio": 0, "researchAndDevelopmentExpenses": 13785000, "generalAndAdministrativeExpenses": 28705000, "sellingAndMarketingExpenses": 36275000, "otherExpenses": 5102000, "operatingExpenses": 83867000, "costAndExpenses": 234089000, "interestExpense": 0, "depreciationAndAmortization": 5102000, "ebitda": -6919000, "ebitdaratio": -0.04605850008653859, "operatingIncome": -12021000, "operatingIncomeRatio": -0.08002156807924272, "totalOtherIncomeExpensesNet": 0, "incomeBeforeTax": -10857000, "incomeBeforeTaxRatio": -0.07227303590685785, "incomeTaxExpense": -2671000, "netIncome": -8186000, "netIncomeRatio": -0.054492684160775386, "eps": 0.68, "epsdiluted": 0.68, "weightedAverageShsOut": 69365000, "weightedAverageShsOutDil": 69365000, "link": "https://www.sec.gov/Archives/edgar/data/946581/000112528205003044/0001125282-05-003044-index.htm", "finalLink": "https://www.sec.gov/Archives/edgar/data/946581/000112528205003044/b407120_10q.htm"}, {"date": "2005-01-31", "symbol": "TTWO", "fillingDate": "2005-03-10", "acceptedDate": "2005-03-10 16:46:47", "period": "Q1", "revenue": 321899000, "costOfRevenue": 321899000, "grossProfit": 0, "grossProfitRatio": 0, "researchAndDevelopmentExpenses": 23417000, "generalAndAdministrativeExpenses": 28687000, "sellingAndMarketingExpenses": 50931000, "otherExpenses": 4786000, "operatingExpenses": 107821000, "costAndExpenses": 429720000, "interestExpense": 0, "depreciationAndAmortization": 4786000, "ebitda": 77540000, "ebitdaratio": 0.24088300988819475, "operatingIncome": 72754000, "operatingIncomeRatio": 0.22601499228018726, "totalOtherIncomeExpensesNet": 0, "incomeBeforeTax": 73294000, "incomeBeforeTaxRatio": 0.2276925371001463, "incomeTaxExpense": 18045000, "netIncome": 55249000, "netIncomeRatio": 0.17163458103318122, "eps": 1.21, "epsdiluted": 1.21, "weightedAverageShsOut": 45686000, "weightedAverageShsOutDil": 45686000, "link": "https://www.sec.gov/Archives/edgar/data/946581/000112528205001213/0001125282-05-001213-index.htm", "finalLink": "https://www.sec.gov/Archives/edgar/data/946581/000112528204006450/b401856_10k.htm"}, {"date": "2004-10-31", "symbol": "TTWO", "fillingDate": "2004-12-22", "acceptedDate": "2004-12-22 16:25:01", "period": "FY", "revenue": 264162000, "costOfRevenue": 264162000, "grossProfit": 0, "grossProfitRatio": 0, "researchAndDevelopmentExpenses": 11073000, "generalAndAdministrativeExpenses": 25451000, "sellingAndMarketingExpenses": 34756000, "otherExpenses": 4864000, "operatingExpenses": 76144000, "costAndExpenses": 340306000, "interestExpense": 1976000, "depreciationAndAmortization": 4864000, "ebitda": 102571000, "ebitdaratio": 0.3882882473633604, "operatingIncome": 97707000, "operatingIncomeRatio": 0.3698753037908556, "totalOtherIncomeExpensesNet": 0, "incomeBeforeTax": 90579000, "incomeBeforeTaxRatio": 0.3428918618120699, "incomeTaxExpense": 27948000, "netIncome": 62631000, "netIncomeRatio": 0.23709314738683082, "eps": 1.46, "epsdiluted": 1.46, "weightedAverageShsOut": 44736000, "weightedAverageShsOutDil": 44736000, "link": "https://www.sec.gov/Archives/edgar/data/946581/000112528204006450/0001125282-04-006450-index.htm", "finalLink": "https://www.sec.gov/Archives/edgar/data/946581/000112528204006450/b401856_10k.htm"}, {"date": "2004-07-31", "symbol": "TTWO", "fillingDate": "2004-09-14", "acceptedDate": "2004-09-14 16:24:40", "period": "Q3", "revenue": 117998000, "costOfRevenue": 117998000, "grossProfit": 0, "grossProfitRatio": 0, "researchAndDevelopmentExpenses": 10529000, "generalAndAdministrativeExpenses": 24685000, "sellingAndMarketingExpenses": 24677000, "otherExpenses": 4327000, "operatingExpenses": 64218000, "costAndExpenses": 182216000, "interestExpense": 0, "depreciationAndAmortization": 4327000, "ebitda": -17031000, "ebitdaratio": -0.144332954795844, "operatingIncome": -21358000, "operatingIncomeRatio": -0.1810030678486076, "totalOtherIncomeExpensesNet": 0, "incomeBeforeTax": -20828000, "incomeBeforeTaxRatio": -0.17651146629603892, "incomeTaxExpense": -6393000, "netIncome": -14435000, "netIncomeRatio": -0.12233258190816794, "eps": 0.06, "epsdiluted": 0.06, "weightedAverageShsOut": 44615000, "weightedAverageShsOutDil": 44615000, "link": "https://www.sec.gov/Archives/edgar/data/946581/000112528204004450/0001125282-04-004450-index.htm", "finalLink": "https://www.sec.gov/Archives/edgar/data/946581/000112528204004450/b400849_10q.htm"}, {"date": "2004-04-30", "symbol": "TTWO", "fillingDate": "2004-06-14", "acceptedDate": "2004-06-14 16:40:38", "period": "Q2", "revenue": 119162000, "costOfRevenue": 119162000, "grossProfit": 0, "grossProfitRatio": 0, "researchAndDevelopmentExpenses": 8228000, "generalAndAdministrativeExpenses": 24050000, "sellingAndMarketingExpenses": 22271000, "otherExpenses": 3910000, "operatingExpenses": 58459000, "costAndExpenses": 177621000, "interestExpense": 0, "depreciationAndAmortization": 3910000, "ebitda": -20343000, "ebitdaratio": -0.17071717493831925, "operatingIncome": -24253000, "operatingIncomeRatio": -0.20352964871351606, "totalOtherIncomeExpensesNet": 0, "incomeBeforeTax": -23605000, "incomeBeforeTaxRatio": -0.19809167352008192, "incomeTaxExpense": -9029000, "netIncome": -14576000, "netIncomeRatio": -0.12232087410416072, "eps": 0.39, "epsdiluted": 0.39, "weightedAverageShsOut": 44489000, "weightedAverageShsOutDil": 44489000, "link": "https://www.sec.gov/Archives/edgar/data/946581/000112528204002724/0001125282-04-002724-index.htm", "finalLink": "https://www.sec.gov/Archives/edgar/data/946581/000112528204002724/b332564_10q.htm"}, {"date": "2004-01-31", "symbol": "TTWO", "fillingDate": "2004-03-16", "acceptedDate": "2004-03-16 16:27:43", "period": "Q1", "revenue": 248358000, "costOfRevenue": 248358000, "grossProfit": 0, "grossProfitRatio": 0, "researchAndDevelopmentExpenses": 13429000, "generalAndAdministrativeExpenses": 24040000, "sellingAndMarketingExpenses": 35902000, "otherExpenses": 3745000, "operatingExpenses": 77116000, "costAndExpenses": 325474000, "interestExpense": 0, "depreciationAndAmortization": 3745000, "ebitda": 53783000, "ebitdaratio": 0.21655432883176703, "operatingIncome": 50038000, "operatingIncomeRatio": 0.2014752897027678, "totalOtherIncomeExpensesNet": 0, "incomeBeforeTax": 50464000, "incomeBeforeTaxRatio": 0.20319055556897705, "incomeTaxExpense": 18706000, "netIncome": 31758000, "netIncomeRatio": 0.12787186239219192, "eps": 0.72, "epsdiluted": 0.72, "weightedAverageShsOut": 44386000, "weightedAverageShsOutDil": 44386000, "link": "https://www.sec.gov/Archives/edgar/data/946581/000112528204001081/0001125282-04-001081-index.htm", "finalLink": "https://www.sec.gov/Archives/edgar/data/946581/000112528204001081/b330798_10q.htm"}, {"date": "2003-07-31", "symbol": "TTWO", "fillingDate": "2003-09-12", "acceptedDate": "2003-09-12 16:46:33", "period": "Q3", "revenue": 93918000, "costOfRevenue": 93918000, "grossProfit": 0, "grossProfitRatio": 0, "researchAndDevelopmentExpenses": 7043000, "generalAndAdministrativeExpenses": 19372000, "sellingAndMarketingExpenses": 20013000, "otherExpenses": 2930000, "operatingExpenses": 49358000, "costAndExpenses": 143276000, "interestExpense": 625000, "depreciationAndAmortization": 2929000, "ebitda": 15240000, "ebitdaratio": 0.16226921356928384, "operatingIncome": 12311000, "operatingIncomeRatio": 0.1310824336123001, "totalOtherIncomeExpensesNet": 0, "incomeBeforeTax": 12936000, "incomeBeforeTaxRatio": 0.1377371749824315, "incomeTaxExpense": 5287000, "netIncome": 7649000, "netIncomeRatio": 0.08144338678421602, "eps": 1.77, "epsdiluted": 1.77, "weightedAverageShsOut": 41424000, "weightedAverageShsOutDil": 41424000, "link": "https://www.sec.gov/Archives/edgar/data/946581/000112528203005270/0001125282-03-005270-index.htm", "finalLink": "https://www.sec.gov/Archives/edgar/data/946581/000112528203005270/b327063_10q.htm"}, {"date": "2003-04-30", "symbol": "TTWO", "fillingDate": "2003-06-06", "acceptedDate": "2003-06-06 16:39:41", "period": "Q2", "revenue": 121739000, "costOfRevenue": 121739000, "grossProfit": 0, "grossProfitRatio": 0, "researchAndDevelopmentExpenses": 4761000, "generalAndAdministrativeExpenses": 16970000, "sellingAndMarketingExpenses": 22461000, "otherExpenses": 3197000, "operatingExpenses": 47389000, "costAndExpenses": 169128000, "interestExpense": 743000, "depreciationAndAmortization": 3197000, "ebitda": 28282000, "ebitdaratio": 0.23231667748215445, "operatingIncome": 25085000, "operatingIncomeRatio": 0.20605557791669063, "totalOtherIncomeExpensesNet": 0, "incomeBeforeTax": 25828000, "incomeBeforeTaxRatio": 0.2121587987415701, "incomeTaxExpense": 10589000, "netIncome": 15239000, "netIncomeRatio": 0.1251776341188937, "eps": 1.6, "epsdiluted": 1.6, "weightedAverageShsOut": 41020000, "weightedAverageShsOutDil": 41020000, "link": "https://www.sec.gov/Archives/edgar/data/946581/000112528203003773/0001125282-03-003773-index.htm", "finalLink": "https://www.sec.gov/Archives/edgar/data/946581/000112528203003773/b325300_10q.htm"}, {"date": "2003-01-31", "symbol": "TTWO", "fillingDate": "2003-03-14", "acceptedDate": "2003-03-14 16:13:35", "period": "Q1", "revenue": 244667000, "costOfRevenue": 244667000, "grossProfit": 0, "grossProfitRatio": 0, "researchAndDevelopmentExpenses": 5615000, "generalAndAdministrativeExpenses": 31359000, "sellingAndMarketingExpenses": 34454000, "otherExpenses": 7562000, "operatingExpenses": 78990000, "costAndExpenses": 323657000, "interestExpense": 345000, "depreciationAndAmortization": 3155000, "ebitda": 88292000, "ebitdaratio": 0.36086599337058123, "operatingIncome": 85137000, "operatingIncomeRatio": 0.3479709155709597, "totalOtherIncomeExpensesNet": 0, "incomeBeforeTax": 85521000, "incomeBeforeTaxRatio": 0.3495403957215317, "incomeTaxExpense": 35059000, "netIncome": 50462000, "netIncomeRatio": 0.20624767541188635, "eps": 1.24, "epsdiluted": 1.24, "weightedAverageShsOut": 40786000, "weightedAverageShsOutDil": 40786000, "link": "https://www.sec.gov/Archives/edgar/data/946581/000112528203002253/0001125282-03-002253-index.htm", "finalLink": "https://www.sec.gov/Archives/edgar/data/946581/000112528202003845/b320556.htm"}, {"date": "2002-10-31", "symbol": "TTWO", "fillingDate": "2002-12-23", "acceptedDate": "2002-12-20 19:54:55", "period": "FY", "revenue": 135223000, "costOfRevenue": 135223000, "grossProfit": 0, "grossProfitRatio": 0, "researchAndDevelopmentExpenses": 3821000, "generalAndAdministrativeExpenses": 16233000, "sellingAndMarketingExpenses": 19561000, "otherExpenses": 4574000, "operatingExpenses": 44189000, "costAndExpenses": 179412000, "interestExpense": 248000, "depreciationAndAmortization": 4574000, "ebitda": 43421000, "ebitdaratio": 0.321106616477966, "operatingIncome": 38847000, "operatingIncomeRatio": 0.2872810098873712, "totalOtherIncomeExpensesNet": 0, "incomeBeforeTax": 39117000, "incomeBeforeTaxRatio": 0.2892777116318969, "incomeTaxExpense": 16784000, "netIncome": 22333000, "netIncomeRatio": 0.16515681503886173, "eps": 0, "epsdiluted": 0, "weightedAverageShsOut": 0, "weightedAverageShsOutDil": 0, "link": "https://www.sec.gov/Archives/edgar/data/946581/000112528202003845/0001125282-02-003845-index.htm", "finalLink": "https://www.sec.gov/Archives/edgar/data/946581/000112528202003845/b320556.htm"}]