[{"date": "2020-03-27", "symbol": "SWKS", "fillingDate": "2020-05-05", "acceptedDate": "2020-05-04 17:34:38", "period": "Q1", "revenue": 766100000, "costOfRevenue": 390500000, "grossProfit": 375600000, "grossProfitRatio": 0.4902754209633207, "researchAndDevelopmentExpenses": 113200000, "generalAndAdministrativeExpenses": 58600000, "sellingAndMarketingExpenses": 0.0, "otherExpenses": 4300000.0, "operatingExpenses": 176100000, "costAndExpenses": 566600000, "interestExpense": 0.0, "depreciationAndAmortization": 81000000, "ebitda": 199500000, "ebitdaratio": 0.260409868163, "operatingIncome": 199500000, "operatingIncomeRatio": 0.260409868163, "totalOtherIncomeExpensesNet": 3000000.0, "incomeBeforeTax": 203000000, "incomeBeforeTaxRatio": 0.264978462342, "incomeTaxExpense": 21900000, "netIncome": 181100000, "netIncomeRatio": 0.236392115912, "eps": 1.07, "epsdiluted": 1.06, "weightedAverageShsOut": 170000000, "weightedAverageShsOutDil": 171100000, "link": "https://www.sec.gov/Archives/edgar/data/4127/000000412720000027/0000004127-20-000027-index.htm", "finalLink": "https://www.sec.gov/Archives/edgar/data/4127/000000412720000027/q22010qmarch272020.htm"}, {"date": "2019-12-27", "symbol": "SWKS", "fillingDate": "2020-01-24", "acceptedDate": "2020-01-24 16:08:15", "period": "Q1", "revenue": 896100000, "costOfRevenue": 451800000, "grossProfit": 444300000, "grossProfitRatio": 0.49581519919651823, "researchAndDevelopmentExpenses": 107700000, "generalAndAdministrativeExpenses": 55400000, "sellingAndMarketingExpenses": 0.0, "otherExpenses": 3900000.0, "operatingExpenses": 167000000, "costAndExpenses": 618800000, "interestExpense": 0.0, "depreciationAndAmortization": 91200000, "ebitda": 368500000, "ebitdaratio": 0.411226425622, "operatingIncome": 277300000, "operatingIncomeRatio": 0.309452070081, "totalOtherIncomeExpensesNet": 1000000.0, "incomeBeforeTax": 278700000, "incomeBeforeTaxRatio": 0.311014395715, "incomeTaxExpense": 21600000, "netIncome": 257100000, "netIncomeRatio": 0.286909943087, "eps": 1.51, "epsdiluted": 1.5, "weightedAverageShsOut": 170200000, "weightedAverageShsOutDil": 171600000, "link": "https://www.sec.gov/Archives/edgar/data/4127/000000412720000007/0000004127-20-000007-index.htm", "finalLink": "https://www.sec.gov/Archives/edgar/data/4127/000000412720000007/q12010qdecember272019.htm"}, {"date": "2019-09-27", "symbol": "SWKS", "fillingDate": "2019-11-14", "acceptedDate": "2019-11-14 08:21:35", "period": "FY", "revenue": 827400000, "costOfRevenue": 421400000, "grossProfit": 406000000, "grossProfitRatio": 0.4906937394247039, "researchAndDevelopmentExpenses": 106800000, "generalAndAdministrativeExpenses": 55800000, "sellingAndMarketingExpenses": 0.0, "otherExpenses": 9500000.0, "operatingExpenses": 172100000, "costAndExpenses": 593500000, "interestExpense": 0.0, "depreciationAndAmortization": 92900000, "ebitda": 326800000, "ebitdaratio": 0.394972202079, "operatingIncome": 233900000, "operatingIncomeRatio": 0.28269277254, "totalOtherIncomeExpensesNet": 1000000.0, "incomeBeforeTax": 234000000, "incomeBeforeTaxRatio": 0.282813633067, "incomeTaxExpense": 23400000, "netIncome": 210600000, "netIncomeRatio": 0.254532269761, "eps": 1.23, "epsdiluted": 1.22, "weightedAverageShsOut": 170200000, "weightedAverageShsOutDil": 171600000, "link": "https://www.sec.gov/Archives/edgar/data/4127/000000412719000049/0000004127-19-000049-index.htm", "finalLink": "https://www.sec.gov/Archives/edgar/data/4127/000000412719000049/fy1910k92719.htm"}, {"date": "2019-06-28", "symbol": "SWKS", "fillingDate": "2019-08-07", "acceptedDate": "2019-08-07 17:14:59", "period": "Q3", "revenue": 767000000, "costOfRevenue": 454600000, "grossProfit": 312400000, "grossProfitRatio": 0.4073011734028683, "researchAndDevelopmentExpenses": 100600000, "generalAndAdministrativeExpenses": 46800000, "sellingAndMarketingExpenses": 0.0, "otherExpenses": 5400000.0, "operatingExpenses": 152800000, "costAndExpenses": 607400000, "interestExpense": 0.0, "depreciationAndAmortization": 93700000, "ebitda": 253300000, "ebitdaratio": 0.330247718383, "operatingIncome": 159600000, "operatingIncomeRatio": 0.208083441982, "totalOtherIncomeExpensesNet": 2000000.0, "incomeBeforeTax": 161900000, "incomeBeforeTaxRatio": 0.211082138201, "incomeTaxExpense": 17700000, "netIncome": 144200000, "netIncomeRatio": 0.188005215124, "eps": 0.84, "epsdiluted": 0.84, "weightedAverageShsOut": 174300000, "weightedAverageShsOutDil": 175200000, "link": "https://www.sec.gov/Archives/edgar/data/4127/000000412719000041/0000004127-19-000041-index.htm", "finalLink": "https://www.sec.gov/Archives/edgar/data/4127/000000412719000041/q31910qjune282019.htm"}, {"date": "2019-03-29", "symbol": "SWKS", "fillingDate": "2019-05-03", "acceptedDate": "2019-05-02 20:02:21", "period": "Q2", "revenue": 810400000, "costOfRevenue": 410100000, "grossProfit": 400300000, "grossProfitRatio": 0.4939536031589339, "researchAndDevelopmentExpenses": 107500000, "generalAndAdministrativeExpenses": 47900000, "sellingAndMarketingExpenses": 0.0, "otherExpenses": 7300000.0, "operatingExpenses": 162700000, "costAndExpenses": 572800000, "interestExpense": 0.0, "depreciationAndAmortization": 92000000, "ebitda": 329600000, "ebitdaratio": 0.406712734452, "operatingIncome": 237600000, "operatingIncomeRatio": 0.293188548865, "totalOtherIncomeExpensesNet": 4000000.0, "incomeBeforeTax": 241300000, "incomeBeforeTaxRatio": 0.297754195459, "incomeTaxExpense": 27400000, "netIncome": 213900000, "netIncomeRatio": 0.263943731491, "eps": 1.24, "epsdiluted": 1.23, "weightedAverageShsOut": 175200000, "weightedAverageShsOutDil": 176100000, "link": "https://www.sec.gov/Archives/edgar/data/4127/000000412719000022/0000004127-19-000022-index.htm", "finalLink": "https://www.sec.gov/Archives/edgar/data/4127/000000412719000022/q21910qmarch292019.htm"}, {"date": "2018-12-28", "symbol": "SWKS", "fillingDate": "2019-02-06", "acceptedDate": "2019-02-05 18:02:21", "period": "Q1", "revenue": 972000000, "costOfRevenue": 486900000, "grossProfit": 485100000, "grossProfitRatio": 0.49907407407407406, "researchAndDevelopmentExpenses": 109200000, "generalAndAdministrativeExpenses": 47800000, "sellingAndMarketingExpenses": 0.0, "otherExpenses": 7200000.0, "operatingExpenses": 164200000, "costAndExpenses": 651100000, "interestExpense": 0.0, "depreciationAndAmortization": 93000000, "ebitda": 413900000, "ebitdaratio": 0.425823045267, "operatingIncome": 320900000, "operatingIncomeRatio": 0.330144032922, "totalOtherIncomeExpensesNet": 2000000.0, "incomeBeforeTax": 323800000, "incomeBeforeTaxRatio": 0.333127572016, "incomeTaxExpense": 38900000, "netIncome": 284900000, "netIncomeRatio": 0.293106995885, "eps": 1.61, "epsdiluted": 1.6, "weightedAverageShsOut": 176600000, "weightedAverageShsOutDil": 177700000, "link": "https://www.sec.gov/Archives/edgar/data/4127/000000412719000013/0000004127-19-000013-index.htm", "finalLink": "https://www.sec.gov/Archives/edgar/data/4127/000000412719000013/q11910qdecember282018.htm"}, {"date": "2018-09-28", "symbol": "SWKS", "fillingDate": "2018-11-15", "acceptedDate": "2018-11-14 18:44:35", "period": "FY", "revenue": 1008400000, "costOfRevenue": 504800000, "grossProfit": 503600000, "grossProfitRatio": 0.49940499801666005, "researchAndDevelopmentExpenses": 103000000, "generalAndAdministrativeExpenses": 54400000, "sellingAndMarketingExpenses": 0.0, "otherExpenses": 6100000.0, "operatingExpenses": 163500000, "costAndExpenses": 668300000, "interestExpense": 0.0, "depreciationAndAmortization": 83800000, "ebitda": 423900000, "ebitdaratio": 0.42036890123, "operatingIncome": 340100000, "operatingIncomeRatio": 0.337266957557, "totalOtherIncomeExpensesNet": 3000000.0, "incomeBeforeTax": 343400000, "incomeBeforeTaxRatio": 0.340539468465, "incomeTaxExpense": 57900000, "netIncome": 285500000, "netIncomeRatio": 0.283121777073, "eps": 1.59, "epsdiluted": 1.57, "weightedAverageShsOut": 181300000, "weightedAverageShsOutDil": 183200000, "link": "https://www.sec.gov/Archives/edgar/data/4127/000000412718000046/0000004127-18-000046-index.htm", "finalLink": "https://www.sec.gov/Archives/edgar/data/4127/000000412718000046/fy1810k92818.htm"}, {"date": "2018-06-29", "symbol": "SWKS", "fillingDate": "2018-07-20", "acceptedDate": "2018-07-20 16:03:34", "period": "Q3", "revenue": 894300000, "costOfRevenue": 442700000, "grossProfit": 451600000, "grossProfitRatio": 0.5049759588504976, "researchAndDevelopmentExpenses": 96800000, "generalAndAdministrativeExpenses": 44600000, "sellingAndMarketingExpenses": 0.0, "otherExpenses": 3900000.0, "operatingExpenses": 145300000, "costAndExpenses": 588000000, "interestExpense": 0.0, "depreciationAndAmortization": 74700000, "ebitda": 381000000, "ebitdaratio": 0.426031533043, "operatingIncome": 306300000, "operatingIncomeRatio": 0.342502515934, "totalOtherIncomeExpensesNet": 4000000.0, "incomeBeforeTax": 310800000, "incomeBeforeTaxRatio": 0.347534384435, "incomeTaxExpense": 24300000, "netIncome": 286500000, "netIncomeRatio": 0.320362294532, "eps": 1.58, "epsdiluted": 1.57, "weightedAverageShsOut": 182300000, "weightedAverageShsOutDil": 184200000, "link": "https://www.sec.gov/Archives/edgar/data/4127/000000412718000032/0000004127-18-000032-index.htm", "finalLink": "https://www.sec.gov/Archives/edgar/data/4127/000000412718000032/q31810qjune292018.htm"}, {"date": "2018-03-30", "symbol": "SWKS", "fillingDate": "2018-05-04", "acceptedDate": "2018-05-04 16:03:52", "period": "Q2", "revenue": 913400000, "costOfRevenue": 454700000, "grossProfit": 458700000, "grossProfitRatio": 0.5021896211955331, "researchAndDevelopmentExpenses": 106700000, "generalAndAdministrativeExpenses": 57500000, "sellingAndMarketingExpenses": 0.0, "otherExpenses": 5100000.0, "operatingExpenses": 169300000, "costAndExpenses": 624000000, "interestExpense": 0.0, "depreciationAndAmortization": 71600000, "ebitda": 361000000, "ebitdaratio": 0.395226625794, "operatingIncome": 289400000, "operatingIncomeRatio": 0.316838186994, "totalOtherIncomeExpensesNet": 3000000.0, "incomeBeforeTax": 292300000, "incomeBeforeTaxRatio": 0.320013137727, "incomeTaxExpense": 16300000, "netIncome": 276000000, "netIncomeRatio": 0.302167724984, "eps": 1.51, "epsdiluted": 1.49, "weightedAverageShsOut": 182800000, "weightedAverageShsOutDil": 184900000, "link": "https://www.sec.gov/Archives/edgar/data/4127/000000412718000021/0000004127-18-000021-index.htm", "finalLink": "https://www.sec.gov/Archives/edgar/data/4127/000000412718000021/q21810qmar302018.htm"}, {"date": "2017-12-29", "symbol": "SWKS", "fillingDate": "2018-02-05", "acceptedDate": "2018-02-05 17:16:15", "period": "Q1", "revenue": 1051900000, "costOfRevenue": 515100000, "grossProfit": 536800000, "grossProfitRatio": 0.5103146686947428, "researchAndDevelopmentExpenses": 98000000, "generalAndAdministrativeExpenses": 51300000, "sellingAndMarketingExpenses": 0.0, "otherExpenses": 4000000.0, "operatingExpenses": 153300000, "costAndExpenses": 668400000, "interestExpense": 0.0, "depreciationAndAmortization": 69100000, "ebitda": 452600000, "ebitdaratio": 0.430269036981, "operatingIncome": 383500000, "operatingIncomeRatio": 0.364578381975, "totalOtherIncomeExpensesNet": 2000000.0, "incomeBeforeTax": 385600000, "incomeBeforeTaxRatio": 0.366574769465, "incomeTaxExpense": 315200000, "netIncome": 70400000, "netIncomeRatio": 0.0669265139272, "eps": 0.38, "epsdiluted": 0.38, "weightedAverageShsOut": 183100000, "weightedAverageShsOutDil": 185500000, "link": "https://www.sec.gov/Archives/edgar/data/4127/000000412718000011/0000004127-18-000011-index.htm", "finalLink": "https://www.sec.gov/Archives/edgar/data/4127/000000412718000011/q11810qdecember292017.htm"}, {"date": "2017-09-29", "symbol": "SWKS", "fillingDate": "2017-11-13", "acceptedDate": "2017-11-13 16:12:38", "period": "FY", "revenue": 984600000, "costOfRevenue": 485700000, "grossProfit": 498900000, "grossProfitRatio": 0.5067032297379647, "researchAndDevelopmentExpenses": 91800000, "generalAndAdministrativeExpenses": 56400000, "sellingAndMarketingExpenses": 0.0, "otherExpenses": 4800000.0, "operatingExpenses": 153000000, "costAndExpenses": 638700000, "interestExpense": 0.0, "depreciationAndAmortization": 65400000, "ebitda": 411300000, "ebitdaratio": 0.41773308958, "operatingIncome": 345900000, "operatingIncomeRatio": 0.351310176722, "totalOtherIncomeExpensesNet": 2000000.0, "incomeBeforeTax": 347700000, "incomeBeforeTaxRatio": 0.353138330286, "incomeTaxExpense": 66400000, "netIncome": 281300000, "netIncomeRatio": 0.285699776559, "eps": 1.53, "epsdiluted": 1.51, "weightedAverageShsOut": 184300000, "weightedAverageShsOutDil": 186700000, "link": "https://www.sec.gov/Archives/edgar/data/4127/000000412717000033/0000004127-17-000033-index.htm", "finalLink": "https://www.sec.gov/Archives/edgar/data/4127/000000412717000033/fy1710k92917.htm"}, {"date": "2017-06-30", "symbol": "SWKS", "fillingDate": "2017-07-27", "acceptedDate": "2017-07-27 16:10:23", "period": "Q3", "revenue": 900800000, "costOfRevenue": 447200000, "grossProfit": 453600000, "grossProfitRatio": 0.5035523978685613, "researchAndDevelopmentExpenses": 92000000, "generalAndAdministrativeExpenses": 49500000, "sellingAndMarketingExpenses": 0.0, "otherExpenses": 7300000.0, "operatingExpenses": 148800000, "costAndExpenses": 596000000, "interestExpense": 0.0, "depreciationAndAmortization": 62700000, "ebitda": 367500000, "ebitdaratio": 0.407970692718, "operatingIncome": 304800000, "operatingIncomeRatio": 0.33836589698, "totalOtherIncomeExpensesNet": 1000000.0, "incomeBeforeTax": 306800000, "incomeBeforeTaxRatio": 0.340586145648, "incomeTaxExpense": 60600000, "netIncome": 246200000, "netIncomeRatio": 0.273312611012, "eps": 1.34, "epsdiluted": 1.32, "weightedAverageShsOut": 184600000, "weightedAverageShsOutDil": 187000000, "link": "https://www.sec.gov/Archives/edgar/data/4127/000000412717000027/0000004127-17-000027-index.htm", "finalLink": "https://www.sec.gov/Archives/edgar/data/4127/000000412717000027/q31710qjun302017.htm"}, {"date": "2017-03-31", "symbol": "SWKS", "fillingDate": "2017-05-03", "acceptedDate": "2017-05-03 16:16:01", "period": "Q2", "revenue": 851700000, "costOfRevenue": 426300000, "grossProfit": 425400000, "grossProfitRatio": 0.4994716449454033, "researchAndDevelopmentExpenses": 89400000, "generalAndAdministrativeExpenses": 47800000, "sellingAndMarketingExpenses": 0.0, "otherExpenses": 7000000.0, "operatingExpenses": 144200000, "costAndExpenses": 570500000, "interestExpense": 0.0, "depreciationAndAmortization": 62900000, "ebitda": 344100000, "ebitdaratio": 0.404015498415, "operatingIncome": 281200000, "operatingIncomeRatio": 0.330163203006, "totalOtherIncomeExpensesNet": 0.0, "incomeBeforeTax": 281400000, "incomeBeforeTaxRatio": 0.330398027474, "incomeTaxExpense": 56500000, "netIncome": 224900000, "netIncomeRatio": 0.264060115064, "eps": 1.22, "epsdiluted": 1.2, "weightedAverageShsOut": 184800000, "weightedAverageShsOutDil": 187200000, "link": "https://www.sec.gov/Archives/edgar/data/4127/000000412717000018/0000004127-17-000018-index.htm", "finalLink": "https://www.sec.gov/Archives/edgar/data/4127/000000412717000018/q21710qmar312017.htm"}, {"date": "2016-12-30", "symbol": "SWKS", "fillingDate": "2017-02-07", "acceptedDate": "2017-02-07 16:09:04", "period": "Q1", "revenue": 914300000, "costOfRevenue": 450400000, "grossProfit": 463900000, "grossProfitRatio": 0.5073826971453571, "researchAndDevelopmentExpenses": 82000000, "generalAndAdministrativeExpenses": 50900000, "sellingAndMarketingExpenses": 0.0, "otherExpenses": 9100000.0, "operatingExpenses": 142000000, "costAndExpenses": 592400000, "interestExpense": 0.0, "depreciationAndAmortization": 63800000, "ebitda": 385700000, "ebitdaratio": 0.42185278355, "operatingIncome": 321900000, "operatingIncomeRatio": 0.352072623865, "totalOtherIncomeExpensesNet": 0.0, "incomeBeforeTax": 321100000, "incomeBeforeTaxRatio": 0.351197637537, "incomeTaxExpense": 63300000, "netIncome": 257800000, "netIncomeRatio": 0.281964344307, "eps": 1.39, "epsdiluted": 1.38, "weightedAverageShsOut": 184800000, "weightedAverageShsOutDil": 187300000, "link": "https://www.sec.gov/Archives/edgar/data/4127/000000412717000012/0000004127-17-000012-index.htm", "finalLink": "https://www.sec.gov/Archives/edgar/data/4127/000000412717000012/q11710qdecember302016.htm"}, {"date": "2016-09-30", "symbol": "SWKS", "fillingDate": "2016-11-22", "acceptedDate": "2016-11-22 16:24:26", "period": "FY", "revenue": 835400000, "costOfRevenue": 411000000, "grossProfit": 424400000, "grossProfitRatio": 0.5080201101268853, "researchAndDevelopmentExpenses": 73200000, "generalAndAdministrativeExpenses": 53300000, "sellingAndMarketingExpenses": 0.0, "otherExpenses": 6000000.0, "operatingExpenses": 132500000, "costAndExpenses": 543500000, "interestExpense": 0.0, "depreciationAndAmortization": 61200000, "ebitda": 353100000, "ebitdaratio": 0.422671774, "operatingIncome": 291900000, "operatingIncomeRatio": 0.349413454633, "totalOtherIncomeExpensesNet": -1000000.0, "incomeBeforeTax": 291100000, "incomeBeforeTaxRatio": 0.348455829543, "incomeTaxExpense": 44300000, "netIncome": 246800000, "netIncomeRatio": 0.295427340196, "eps": 1.33, "epsdiluted": 1.31, "weightedAverageShsOut": 188700000, "weightedAverageShsOutDil": 192100000, "link": "https://www.sec.gov/Archives/edgar/data/4127/000000412716000068/0000004127-16-000068-index.htm", "finalLink": "https://www.sec.gov/Archives/edgar/data/4127/000000412716000068/fy1610k93016.htm"}, {"date": "2016-07-01", "symbol": "SWKS", "fillingDate": "2016-08-03", "acceptedDate": "2016-08-03 17:16:49", "period": "Q3", "revenue": 751700000, "costOfRevenue": 373400000, "grossProfit": 378300000, "grossProfitRatio": 0.5032592789676733, "researchAndDevelopmentExpenses": 77900000, "generalAndAdministrativeExpenses": 46900000, "sellingAndMarketingExpenses": 0.0, "otherExpenses": 14900000, "operatingExpenses": 139700000, "costAndExpenses": 513100000, "interestExpense": 0.0, "depreciationAndAmortization": 64600000, "ebitda": 303200000, "ebitdaratio": 0.403352401224, "operatingIncome": 238600000, "operatingIncomeRatio": 0.317413861913, "totalOtherIncomeExpensesNet": -2000000.0, "incomeBeforeTax": 236200000, "incomeBeforeTaxRatio": 0.314221098843, "incomeTaxExpense": 51200000, "netIncome": 185000000, "netIncomeRatio": 0.246108820008, "eps": 0.98, "epsdiluted": 0.97, "weightedAverageShsOut": 189800000, "weightedAverageShsOutDil": 193200000, "link": "https://www.sec.gov/Archives/edgar/data/4127/000000412716000062/0000004127-16-000062-index.htm", "finalLink": "https://www.sec.gov/Archives/edgar/data/4127/000000412716000062/q31610qjul12016.htm"}, {"date": "2016-04-01", "symbol": "SWKS", "fillingDate": "2016-05-04", "acceptedDate": "2016-05-04 16:07:50", "period": "Q2", "revenue": 775100000, "costOfRevenue": 384700000, "grossProfit": 390400000, "grossProfitRatio": 0.5036769449103341, "researchAndDevelopmentExpenses": 79800000, "generalAndAdministrativeExpenses": 44000000, "sellingAndMarketingExpenses": 0.0, "otherExpenses": 8900000.0, "operatingExpenses": 132700000, "costAndExpenses": 517400000, "interestExpense": 0.0, "depreciationAndAmortization": 62100000, "ebitda": 319800000, "ebitdaratio": 0.412591923623, "operatingIncome": 257700000, "operatingIncomeRatio": 0.332473229261, "totalOtherIncomeExpensesNet": -3000000.0, "incomeBeforeTax": 255100000, "incomeBeforeTaxRatio": 0.329118823378, "incomeTaxExpense": 47000000, "netIncome": 208100000, "netIncomeRatio": 0.26848148626, "eps": 1.09, "epsdiluted": 1.08, "weightedAverageShsOut": 190300000, "weightedAverageShsOutDil": 194000000, "link": "https://www.sec.gov/Archives/edgar/data/4127/000000412716000049/0000004127-16-000049-index.htm", "finalLink": "https://www.sec.gov/Archives/edgar/data/4127/000000412716000049/q21610qapr12016.htm"}, {"date": "2016-01-01", "symbol": "SWKS", "fillingDate": "2016-02-03", "acceptedDate": "2016-02-03 16:24:47", "period": "Q1", "revenue": 926800000, "costOfRevenue": 454700000, "grossProfit": 472100000, "grossProfitRatio": 0.5093871385412171, "researchAndDevelopmentExpenses": 81500000, "generalAndAdministrativeExpenses": 51700000, "sellingAndMarketingExpenses": 0.0, "otherExpenses": 8400000.0, "operatingExpenses": 141600000, "costAndExpenses": 596300000, "interestExpense": 0.0, "depreciationAndAmortization": 59900000, "ebitda": 390400000, "ebitdaratio": 0.421234354769, "operatingIncome": 330500000, "operatingIncomeRatio": 0.356603366422, "totalOtherIncomeExpensesNet": 0.0, "incomeBeforeTax": 418200000, "incomeBeforeTaxRatio": 0.451230038843, "incomeTaxExpense": 62900000, "netIncome": 355300000, "netIncomeRatio": 0.383362106172, "eps": 1.87, "epsdiluted": 1.82, "weightedAverageShsOut": 190400000, "weightedAverageShsOutDil": 194700000, "link": "https://www.sec.gov/Archives/edgar/data/4127/000000412716000044/0000004127-16-000044-index.htm", "finalLink": "https://www.sec.gov/Archives/edgar/data/4127/000000412716000044/q11610qjanuary12016.htm"}, {"date": "2015-10-02", "symbol": "SWKS", "fillingDate": "2015-11-24", "acceptedDate": "2015-11-24 16:12:08", "period": "FY", "revenue": 880800000, "costOfRevenue": 444600000, "grossProfit": 436200000, "grossProfitRatio": 0.4952316076294278, "researchAndDevelopmentExpenses": 82400000, "generalAndAdministrativeExpenses": 47400000, "sellingAndMarketingExpenses": 0.0, "otherExpenses": 8800000.0, "operatingExpenses": 138600000, "costAndExpenses": 583200000, "interestExpense": 0.0, "depreciationAndAmortization": 54200000, "ebitda": 351800000, "ebitdaratio": 0.399409627611, "operatingIncome": 297600000, "operatingIncomeRatio": 0.337874659401, "totalOtherIncomeExpensesNet": -1000000.0, "incomeBeforeTax": 296200000, "incomeBeforeTaxRatio": 0.336285195277, "incomeTaxExpense": 67000000, "netIncome": 229200000, "netIncomeRatio": 0.260217983651, "eps": 1.21, "epsdiluted": 1.18, "weightedAverageShsOut": 189500000, "weightedAverageShsOutDil": 194900000, "link": "https://www.sec.gov/Archives/edgar/data/4127/000000412715000037/0000004127-15-000037-index.htm", "finalLink": "https://www.sec.gov/Archives/edgar/data/4127/000000412715000037/fy1510k1022015.htm"}, {"date": "2015-07-03", "symbol": "SWKS", "fillingDate": "2015-08-05", "acceptedDate": "2015-08-05 16:10:31", "period": "Q3", "revenue": 810000000, "costOfRevenue": 416900000, "grossProfit": 393100000, "grossProfitRatio": 0.48530864197530865, "researchAndDevelopmentExpenses": 76800000, "generalAndAdministrativeExpenses": 48600000, "sellingAndMarketingExpenses": 0.0, "otherExpenses": 8900000.0, "operatingExpenses": 134300000, "costAndExpenses": 551200000, "interestExpense": 0.0, "depreciationAndAmortization": 50300000, "ebitda": 309100000, "ebitdaratio": 0.381604938272, "operatingIncome": 258800000, "operatingIncomeRatio": 0.31950617284, "totalOtherIncomeExpensesNet": 0.0, "incomeBeforeTax": 259400000, "incomeBeforeTaxRatio": 0.32024691358, "incomeTaxExpense": 52000000, "netIncome": 207400000, "netIncomeRatio": 0.256049382716, "eps": 1.09, "epsdiluted": 1.06, "weightedAverageShsOut": 189500000, "weightedAverageShsOutDil": 194900000, "link": "https://www.sec.gov/Archives/edgar/data/4127/000000412715000027/0000004127-15-000027-index.htm", "finalLink": "https://www.sec.gov/Archives/edgar/data/4127/000000412715000027/q31510qjul32015.htm"}, {"date": "2015-04-03", "symbol": "SWKS", "fillingDate": "2015-05-06", "acceptedDate": "2015-05-06 16:21:12", "period": "Q2", "revenue": 762100000, "costOfRevenue": 409900000, "grossProfit": 352200000, "grossProfitRatio": 0.4621440755806325, "researchAndDevelopmentExpenses": 75500000, "generalAndAdministrativeExpenses": 47400000, "sellingAndMarketingExpenses": 0.0, "otherExpenses": 9400000.0, "operatingExpenses": 132300000, "costAndExpenses": 542200000, "interestExpense": 0.0, "depreciationAndAmortization": 47100000, "ebitda": 267000000, "ebitdaratio": 0.350347723396, "operatingIncome": 219900000, "operatingIncomeRatio": 0.288544810392, "totalOtherIncomeExpensesNet": 1000000.0, "incomeBeforeTax": 220500000, "incomeBeforeTaxRatio": 0.289332108647, "incomeTaxExpense": 54000000, "netIncome": 166500000, "netIncomeRatio": 0.218475265713, "eps": 0.88, "epsdiluted": 0.85, "weightedAverageShsOut": 189300000, "weightedAverageShsOutDil": 194700000, "link": "https://www.sec.gov/Archives/edgar/data/4127/000000412715000012/0000004127-15-000012-index.htm", "finalLink": "https://www.sec.gov/Archives/edgar/data/4127/000000412715000012/q21510qapr32015.htm"}, {"date": "2015-01-02", "symbol": "SWKS", "fillingDate": "2015-02-04", "acceptedDate": "2015-02-04 16:05:49", "period": "Q1", "revenue": 805500000, "costOfRevenue": 432500000, "grossProfit": 373000000, "grossProfitRatio": 0.46306641837368095, "researchAndDevelopmentExpenses": 68500000, "generalAndAdministrativeExpenses": 47900000, "sellingAndMarketingExpenses": 0.0, "otherExpenses": 9800000.0, "operatingExpenses": 126200000, "costAndExpenses": 558700000, "interestExpense": 0.0, "depreciationAndAmortization": 44200000, "ebitda": 291000000, "ebitdaratio": 0.361266294227, "operatingIncome": 246800000, "operatingIncomeRatio": 0.306393544382, "totalOtherIncomeExpensesNet": 0.0, "incomeBeforeTax": 247500000, "incomeBeforeTaxRatio": 0.307262569832, "incomeTaxExpense": 52300000, "netIncome": 195200000, "netIncomeRatio": 0.242333954066, "eps": 1.03, "epsdiluted": 1.01, "weightedAverageShsOut": 188700000, "weightedAverageShsOutDil": 194200000, "link": "https://www.sec.gov/Archives/edgar/data/4127/000000412715000006/0000004127-15-000006-index.htm", "finalLink": "https://www.sec.gov/Archives/edgar/data/4127/000000412715000006/q11510qjan22015.htm"}, {"date": "2014-10-03", "symbol": "SWKS", "fillingDate": "2014-11-25", "acceptedDate": "2014-11-25 16:07:44", "period": "FY", "revenue": 718300000, "costOfRevenue": 394200000, "grossProfit": 324100000, "grossProfitRatio": 0.451204232214952, "researchAndDevelopmentExpenses": 68000000, "generalAndAdministrativeExpenses": 50300000, "sellingAndMarketingExpenses": 0.0, "otherExpenses": 7700000.0, "operatingExpenses": 126000000, "costAndExpenses": 520200000, "interestExpense": 0.0, "depreciationAndAmortization": 37700000, "ebitda": 235800000, "ebitdaratio": 0.328275093972, "operatingIncome": 198100000, "operatingIncomeRatio": 0.275790059864, "totalOtherIncomeExpensesNet": 0.0, "incomeBeforeTax": 198200000, "incomeBeforeTaxRatio": 0.275929277461, "incomeTaxExpense": 23300000, "netIncome": 174900000, "netIncomeRatio": 0.243491577335, "eps": 0.93, "epsdiluted": 0.91, "weightedAverageShsOut": 187200000, "weightedAverageShsOutDil": 192600000, "link": "https://www.sec.gov/Archives/edgar/data/4127/000000412714000046/0000004127-14-000046-index.htm", "finalLink": "https://www.sec.gov/Archives/edgar/data/4127/000000412714000046/fy1410k1032014.htm"}, {"date": "2014-06-27", "symbol": "SWKS", "fillingDate": "2014-07-30", "acceptedDate": "2014-07-30 16:11:17", "period": "Q3", "revenue": 587000000, "costOfRevenue": 322800000, "grossProfit": 264200000, "grossProfitRatio": 0.4500851788756388, "researchAndDevelopmentExpenses": 64200000, "generalAndAdministrativeExpenses": 45800000, "sellingAndMarketingExpenses": 0.0, "otherExpenses": 5700000.0, "operatingExpenses": 115700000, "costAndExpenses": 438500000, "interestExpense": 0.0, "depreciationAndAmortization": 29800000, "ebitda": 178300000, "ebitdaratio": 0.303747870528, "operatingIncome": 148500000, "operatingIncomeRatio": 0.252981260647, "totalOtherIncomeExpensesNet": 0.0, "incomeBeforeTax": 148500000, "incomeBeforeTaxRatio": 0.252981260647, "incomeTaxExpense": 37100000, "netIncome": 111400000, "netIncomeRatio": 0.189778534923, "eps": 0.59, "epsdiluted": 0.58, "weightedAverageShsOut": 187000000, "weightedAverageShsOutDil": 192200000, "link": "https://www.sec.gov/Archives/edgar/data/4127/000000412714000034/0000004127-14-000034-index.htm", "finalLink": "https://www.sec.gov/Archives/edgar/data/4127/000000412714000034/q31410qjun272014.htm"}, {"date": "2014-03-28", "symbol": "SWKS", "fillingDate": "2014-05-02", "acceptedDate": "2014-05-02 16:05:12", "period": "Q2", "revenue": 481000000, "costOfRevenue": 268600000, "grossProfit": 212400000, "grossProfitRatio": 0.4415800415800416, "researchAndDevelopmentExpenses": 61600000, "generalAndAdministrativeExpenses": 41900000, "sellingAndMarketingExpenses": 0.0, "otherExpenses": 6300000.0, "operatingExpenses": 109800000, "costAndExpenses": 378400000, "interestExpense": 0.0, "depreciationAndAmortization": 27900000, "ebitda": 130500000, "ebitdaratio": 0.27130977131, "operatingIncome": 102600000, "operatingIncomeRatio": 0.213305613306, "totalOtherIncomeExpensesNet": 0.0, "incomeBeforeTax": 102500000, "incomeBeforeTaxRatio": 0.213097713098, "incomeTaxExpense": 25600000, "netIncome": 76900000, "netIncomeRatio": 0.159875259875, "eps": 0.41, "epsdiluted": 0.4, "weightedAverageShsOut": 186800000, "weightedAverageShsOutDil": 191700000, "link": "https://www.sec.gov/Archives/edgar/data/4127/000000412714000018/0000004127-14-000018-index.htm", "finalLink": "https://www.sec.gov/Archives/edgar/data/4127/000000412714000018/q21410qmar282014.htm"}, {"date": "2013-12-27", "symbol": "SWKS", "fillingDate": "2014-01-29", "acceptedDate": "2014-01-29 16:28:36", "period": "Q1", "revenue": 505200000, "costOfRevenue": 283200000, "grossProfit": 222000000, "grossProfitRatio": 0.43942992874109266, "researchAndDevelopmentExpenses": 58400000, "generalAndAdministrativeExpenses": 41100000, "sellingAndMarketingExpenses": 0.0, "otherExpenses": 6500000.0, "operatingExpenses": 106000000, "costAndExpenses": 389200000, "interestExpense": 0.0, "depreciationAndAmortization": 27300000, "ebitda": 143300000, "ebitdaratio": 0.283650039588, "operatingIncome": 116000000, "operatingIncomeRatio": 0.229612034838, "totalOtherIncomeExpensesNet": 0.0, "incomeBeforeTax": 116000000, "incomeBeforeTaxRatio": 0.229612034838, "incomeTaxExpense": 21500000, "netIncome": 94500000, "netIncomeRatio": 0.187054631829, "eps": 0.51, "epsdiluted": 0.49, "weightedAverageShsOut": 186200000, "weightedAverageShsOutDil": 191200000, "link": "https://www.sec.gov/Archives/edgar/data/4127/000000412714000008/0000004127-14-000008-index.htm", "finalLink": "https://www.sec.gov/Archives/edgar/data/4127/000000412714000008/q11410qdec272013.htm"}, {"date": "2013-09-27", "symbol": "SWKS", "fillingDate": "2013-11-18", "acceptedDate": "2013-11-18 16:49:45", "period": "FY", "revenue": 477000000, "costOfRevenue": 267900000, "grossProfit": 209100000, "grossProfitRatio": 0.43836477987421385, "researchAndDevelopmentExpenses": 55300000, "generalAndAdministrativeExpenses": 41600000, "sellingAndMarketingExpenses": 0.0, "otherExpenses": 6700000.0, "operatingExpenses": 103600000, "costAndExpenses": 371500000, "interestExpense": 0.0, "depreciationAndAmortization": 25600000, "ebitda": 131100000, "ebitdaratio": 0.274842767296, "operatingIncome": 105500000, "operatingIncomeRatio": 0.221174004193, "totalOtherIncomeExpensesNet": 0.0, "incomeBeforeTax": 105800000, "incomeBeforeTaxRatio": 0.22180293501, "incomeTaxExpense": 21600000, "netIncome": 84200000, "netIncomeRatio": 0.176519916143, "eps": 0.45, "epsdiluted": 0.44, "weightedAverageShsOut": 187500000, "weightedAverageShsOutDil": 192200000, "link": "https://www.sec.gov/Archives/edgar/data/4127/000000412713000056/0000004127-13-000056-index.htm", "finalLink": "https://www.sec.gov/Archives/edgar/data/4127/000000412713000056/fy1310k9272013.htm"}, {"date": "2013-06-28", "symbol": "SWKS", "fillingDate": "2013-07-31", "acceptedDate": "2013-07-31 16:01:46", "period": "Q3", "revenue": 436100000, "costOfRevenue": 247900000, "grossProfit": 188200000, "grossProfitRatio": 0.4315523962393946, "researchAndDevelopmentExpenses": 56600000, "generalAndAdministrativeExpenses": 40300000, "sellingAndMarketingExpenses": 0.0, "otherExpenses": 7000000.0, "operatingExpenses": 103900000, "costAndExpenses": 351800000, "interestExpense": 0.0, "depreciationAndAmortization": 25400000, "ebitda": 109700000, "ebitdaratio": 0.251547810135, "operatingIncome": 84300000, "operatingIncomeRatio": 0.193304288007, "totalOtherIncomeExpensesNet": 0.0, "incomeBeforeTax": 84500000, "incomeBeforeTaxRatio": 0.193762898418, "incomeTaxExpense": 18800000, "netIncome": 65700000, "netIncomeRatio": 0.150653519835, "eps": 0.35, "epsdiluted": 0.35, "weightedAverageShsOut": 188200000, "weightedAverageShsOutDil": 192800000, "link": "https://www.sec.gov/Archives/edgar/data/4127/000000412713000034/0000004127-13-000034-index.htm", "finalLink": "https://www.sec.gov/Archives/edgar/data/4127/000000412713000034/q31310qjun282013.htm"}, {"date": "2013-03-29", "symbol": "SWKS", "fillingDate": "2013-05-01", "acceptedDate": "2013-05-01 16:12:45", "period": "Q2", "revenue": 425177000, "costOfRevenue": 248442000, "grossProfit": 176735000, "grossProfitRatio": 0.41567394285203574, "researchAndDevelopmentExpenses": 56346000, "generalAndAdministrativeExpenses": 39672000, "sellingAndMarketingExpenses": 0.0, "otherExpenses": 12000000, "operatingExpenses": 108018000, "costAndExpenses": 356460000, "interestExpense": -11000.0, "depreciationAndAmortization": 25726000, "ebitda": 94443000, "ebitdaratio": 0.222126314453, "operatingIncome": 68717000, "operatingIncomeRatio": 0.161619748952, "totalOtherIncomeExpensesNet": 0.0, "incomeBeforeTax": 67358000, "incomeBeforeTaxRatio": 0.158423433064, "incomeTaxExpense": 5651000.0, "netIncome": 61707000, "netIncomeRatio": 0.14513249776, "eps": 0.33, "epsdiluted": 0.32, "weightedAverageShsOut": 189100000, "weightedAverageShsOutDil": 193600000, "link": "https://www.sec.gov/Archives/edgar/data/4127/000000412713000019/0000004127-13-000019-index.htm", "finalLink": "https://www.sec.gov/Archives/edgar/data/4127/000000412713000019/q21310qmar292013.htm"}, {"date": "2012-12-28", "symbol": "SWKS", "fillingDate": "2013-01-31", "acceptedDate": "2013-01-31 16:53:19", "period": "Q1", "revenue": 453723000, "costOfRevenue": 261158000, "grossProfit": 192565000, "grossProfitRatio": 0.4244109291351772, "researchAndDevelopmentExpenses": 58054000, "generalAndAdministrativeExpenses": 38128000, "sellingAndMarketingExpenses": 0.0, "otherExpenses": 9800000.0, "operatingExpenses": 105982000, "costAndExpenses": 367140000, "interestExpense": 11000.0, "depreciationAndAmortization": 26674000, "ebitda": 113257000, "ebitdaratio": 0.249617057103, "operatingIncome": 86583000, "operatingIncomeRatio": 0.190827883973, "totalOtherIncomeExpensesNet": 270000.0, "incomeBeforeTax": 86842000, "incomeBeforeTaxRatio": 0.191398716838, "incomeTaxExpense": 20349000, "netIncome": 66493000, "netIncomeRatio": 0.146549767149, "eps": 0.35, "epsdiluted": 0.34, "weightedAverageShsOut": 189377000, "weightedAverageShsOutDil": 194001000, "link": "https://www.sec.gov/Archives/edgar/data/4127/000000412713000006/0000004127-13-000006-index.htm", "finalLink": "https://www.sec.gov/Archives/edgar/data/4127/000000412713000006/q11310qdec282012.htm"}, {"date": "2012-09-28", "symbol": "SWKS", "fillingDate": "2012-11-21", "acceptedDate": "2012-11-21 16:15:13", "period": "FY", "revenue": 421113000, "costOfRevenue": 243440000, "grossProfit": 177673000, "grossProfitRatio": 0.4219128832403654, "researchAndDevelopmentExpenses": 56557000, "generalAndAdministrativeExpenses": 37824000, "sellingAndMarketingExpenses": 0.0, "otherExpenses": 8484000.0, "operatingExpenses": 102865000, "costAndExpenses": 346305000, "interestExpense": 69000.0, "depreciationAndAmortization": 25935000, "ebitda": 100743000, "ebitdaratio": 0.239230325352, "operatingIncome": 74808000, "operatingIncomeRatio": 0.177643530359, "totalOtherIncomeExpensesNet": -15000.0, "incomeBeforeTax": 74724000, "incomeBeforeTaxRatio": 0.177444058958, "incomeTaxExpense": 13122000, "netIncome": 61602000, "netIncomeRatio": 0.146283776564, "eps": 0.33, "epsdiluted": 0.31, "weightedAverageShsOut": 185839000, "weightedAverageShsOutDil": 191846000, "link": "https://www.sec.gov/Archives/edgar/data/4127/000000412712000042/0000004127-12-000042-index.htm", "finalLink": "https://www.sec.gov/Archives/edgar/data/4127/000000412712000042/fy1210k9282012.htm"}, {"date": "2012-06-29", "symbol": "SWKS", "fillingDate": "2012-08-01", "acceptedDate": "2012-08-01 16:52:58", "period": "Q3", "revenue": 389038000, "costOfRevenue": 223736000, "grossProfit": 165302000, "grossProfitRatio": 0.4248993671569358, "researchAndDevelopmentExpenses": 56050000, "generalAndAdministrativeExpenses": 46637000, "sellingAndMarketingExpenses": 0.0, "otherExpenses": 571000.0, "operatingExpenses": 103258000, "costAndExpenses": 326994000, "interestExpense": 10000.0, "depreciationAndAmortization": 25742000, "ebitda": 87786000, "ebitdaratio": 0.225648908333, "operatingIncome": 62044000, "operatingIncomeRatio": 0.159480564881, "totalOtherIncomeExpensesNet": -115000.0, "incomeBeforeTax": 62130000, "incomeBeforeTaxRatio": 0.159701622978, "incomeTaxExpense": 12813000, "netIncome": 49317000, "netIncomeRatio": 0.126766536945, "eps": 0.27, "epsdiluted": 0.26, "weightedAverageShsOut": 185144000, "weightedAverageShsOutDil": 191051000, "link": "https://www.sec.gov/Archives/edgar/data/4127/000000412712000028/0000004127-12-000028-index.htm", "finalLink": "https://www.sec.gov/Archives/edgar/data/4127/000000412712000028/q31210qjune292012.htm"}, {"date": "2012-03-30", "symbol": "SWKS", "fillingDate": "2012-05-08", "acceptedDate": "2012-05-08 16:38:50", "period": "Q2", "revenue": 364690000, "costOfRevenue": 212418000, "grossProfit": 152272000, "grossProfitRatio": 0.417538183114426, "researchAndDevelopmentExpenses": 52986000, "generalAndAdministrativeExpenses": 38270000, "sellingAndMarketingExpenses": 0.0, "otherExpenses": 17202000, "operatingExpenses": 108458000, "costAndExpenses": 320876000, "interestExpense": 107000.0, "depreciationAndAmortization": 27118000, "ebitda": 70932000, "ebitdaratio": 0.194499437879, "operatingIncome": 43814000, "operatingIncomeRatio": 0.120140393211, "totalOtherIncomeExpensesNet": -99000.0, "incomeBeforeTax": 43460000, "incomeBeforeTaxRatio": 0.119169705778, "incomeTaxExpense": 9427000.0, "netIncome": 34033000, "netIncomeRatio": 0.0933203542735, "eps": 0.18, "epsdiluted": 0.18, "weightedAverageShsOut": 184581000, "weightedAverageShsOutDil": 190348000, "link": "https://www.sec.gov/Archives/edgar/data/4127/000000412712000021/0000004127-12-000021-index.htm", "finalLink": "https://www.sec.gov/Archives/edgar/data/4127/000000412712000021/q21210qmarch302012.htm"}, {"date": "2011-12-30", "symbol": "SWKS", "fillingDate": "2012-02-07", "acceptedDate": "2012-02-07 16:54:50", "period": "Q1", "revenue": 393740000, "costOfRevenue": 221890000, "grossProfit": 171850000, "grossProfitRatio": 0.4364555290293087, "researchAndDevelopmentExpenses": 46941000, "generalAndAdministrativeExpenses": 35702000, "sellingAndMarketingExpenses": 0.0, "otherExpenses": 14239000, "operatingExpenses": 96882000, "costAndExpenses": 318772000, "interestExpense": 481000.0, "depreciationAndAmortization": 23959000, "ebitda": 98927000, "ebitdaratio": 0.251249555544, "operatingIncome": 74968000, "operatingIncomeRatio": 0.190399756184, "totalOtherIncomeExpensesNet": 99000.0, "incomeBeforeTax": 74662000, "incomeBeforeTaxRatio": 0.18962259359, "incomeTaxExpense": 17536000, "netIncome": 57126000, "netIncomeRatio": 0.145085589475, "eps": 0.31, "epsdiluted": 0.3, "weightedAverageShsOut": 183956000, "weightedAverageShsOutDil": 189682000, "link": "https://www.sec.gov/Archives/edgar/data/4127/000000412712000010/0000004127-12-000010-index.htm", "finalLink": "https://www.sec.gov/Archives/edgar/data/4127/000000412712000010/swks1230201110q.htm"}, {"date": "2011-09-30", "symbol": "SWKS", "fillingDate": "2011-11-28", "acceptedDate": "2011-11-28 16:52:58", "period": "FY", "revenue": 402316000, "costOfRevenue": 227756000, "grossProfit": 174560000, "grossProfitRatio": 0.4338877896976506, "researchAndDevelopmentExpenses": 47409000, "generalAndAdministrativeExpenses": 39071000, "sellingAndMarketingExpenses": 0.0, "otherExpenses": 10384000, "operatingExpenses": 96864000, "costAndExpenses": 324620000, "interestExpense": 473000.0, "depreciationAndAmortization": 26532000, "ebitda": 104228000, "ebitdaratio": 0.259069984788, "operatingIncome": 77696000, "operatingIncomeRatio": 0.193121824635, "totalOtherIncomeExpensesNet": 683000.0, "incomeBeforeTax": 77906000, "incomeBeforeTaxRatio": 0.193643802384, "incomeTaxExpense": 13697000, "netIncome": 64209000, "netIncomeRatio": 0.159598425119, "eps": 0.35, "epsdiluted": 0.34, "weightedAverageShsOut": 182879000, "weightedAverageShsOutDil": 190667000, "link": "https://www.sec.gov/Archives/edgar/data/4127/000000412711000015/0000004127-11-000015-index.htm", "finalLink": "https://www.sec.gov/Archives/edgar/data/4127/000000412711000015/swks930201110k.htm"}, {"date": "2011-07-01", "symbol": "SWKS", "fillingDate": "2011-08-09", "acceptedDate": "2011-08-09 16:13:19", "period": "Q3", "revenue": 1016606000, "costOfRevenue": 570862000, "grossProfit": 445744000, "grossProfitRatio": 0.4384628853262719, "researchAndDevelopmentExpenses": 121228000, "generalAndAdministrativeExpenses": 98167000, "sellingAndMarketingExpenses": 0.0, "otherExpenses": 8721000.0, "operatingExpenses": 228116000, "costAndExpenses": 798978000, "interestExpense": 1463000.0, "depreciationAndAmortization": 51432000, "ebitda": 269060000, "ebitdaratio": 0.264664973451, "operatingIncome": 217628000, "operatingIncomeRatio": 0.214073102067, "totalOtherIncomeExpensesNet": -185000.0, "incomeBeforeTax": 215980000, "incomeBeforeTaxRatio": 0.212452021727, "incomeTaxExpense": 53604000, "netIncome": 162376000, "netIncomeRatio": 0.15972362941, "eps": 0.89, "epsdiluted": 0.85, "weightedAverageShsOut": 182642000, "weightedAverageShsOutDil": 190628000, "link": "https://www.sec.gov/Archives/edgar/data/4127/000119312511216494/0001193125-11-216494-index.htm", "finalLink": "https://www.sec.gov/Archives/edgar/data/4127/000119312511216494/d10q.htm"}, {"date": "2011-04-01", "symbol": "SWKS", "fillingDate": "2011-05-11", "acceptedDate": "2011-05-11 15:37:07", "period": "Q2", "revenue": 325411000, "costOfRevenue": 184430000, "grossProfit": 140981000, "grossProfitRatio": 0.4332398105780075, "researchAndDevelopmentExpenses": 39618000, "generalAndAdministrativeExpenses": 31665000, "sellingAndMarketingExpenses": 0.0, "otherExpenses": 1638000.0, "operatingExpenses": 72921000, "costAndExpenses": 257351000, "interestExpense": 0.0, "depreciationAndAmortization": 14293000, "ebitda": 82353000, "ebitdaratio": 0.2530738051264401, "operatingIncome": 68060000, "operatingIncomeRatio": 0.20915088918321753, "totalOtherIncomeExpensesNet": 0.0, "incomeBeforeTax": 67485000, "incomeBeforeTaxRatio": 0.20738389298456414, "incomeTaxExpense": 17525000, "netIncome": 49960000, "netIncomeRatio": 0.15352892188647588, "eps": 0.0, "epsdiluted": 0.0, "weightedAverageShsOut": 182642000, "weightedAverageShsOutDil": 190628000, "link": "https://www.sec.gov/Archives/edgar/data/4127/000095012311048857/0000950123-11-048857-index.htm", "finalLink": "https://www.sec.gov/Archives/edgar/data/4127/000095012311048857/a58326e10vq.htm"}, {"date": "2010-12-31", "symbol": "SWKS", "fillingDate": "2011-02-08", "acceptedDate": "2011-02-08 16:57:45", "period": "Q1", "revenue": 335120000, "costOfRevenue": 186582000, "grossProfit": 148538000, "grossProfitRatio": 0.4432382430174266, "researchAndDevelopmentExpenses": 38543000, "generalAndAdministrativeExpenses": 31051000, "sellingAndMarketingExpenses": 0.0, "otherExpenses": 1602000.0, "operatingExpenses": 71196000, "costAndExpenses": 257778000, "interestExpense": 0.0, "depreciationAndAmortization": 13589000, "ebitda": 90931000, "ebitdaratio": 0.2713386249701599, "operatingIncome": 77342000, "operatingIncomeRatio": 0.23078897111482455, "totalOtherIncomeExpensesNet": 0.0, "incomeBeforeTax": 76736000, "incomeBeforeTaxRatio": 0.2289806636428742, "incomeTaxExpense": 15868000, "netIncome": 60868000, "netIncomeRatio": 0.1816304607304846, "eps": 0.0, "epsdiluted": 0.0, "weightedAverageShsOut": 0.0, "weightedAverageShsOutDil": 0.0, "link": "https://www.sec.gov/Archives/edgar/data/4127/000095012311010342/0000950123-11-010342-index.htm", "finalLink": "https://www.sec.gov/Archives/edgar/data/4127/000095012311010342/a57989e10vq.htm"}, {"date": "2010-10-01", "symbol": "SWKS", "fillingDate": "2010-11-29", "acceptedDate": "2010-11-29 17:22:34", "period": "FY", "revenue": 313283000, "costOfRevenue": 177124000, "grossProfit": 136159000, "grossProfitRatio": 0.4346198165875582, "researchAndDevelopmentExpenses": 35409000, "generalAndAdministrativeExpenses": 33689000, "sellingAndMarketingExpenses": 0.0, "otherExpenses": 1634000.0, "operatingExpenses": 70732000, "costAndExpenses": 247856000, "interestExpense": 0.0, "depreciationAndAmortization": 12418000, "ebitda": 77845000, "ebitdaratio": 0.24848140499165292, "operatingIncome": 65427000, "operatingIncomeRatio": 0.20884312267183344, "totalOtherIncomeExpensesNet": -45000.0, "incomeBeforeTax": 64755000, "incomeBeforeTaxRatio": 0.20669809724753657, "incomeTaxExpense": 17951000, "netIncome": 46804000, "netIncomeRatio": 0.14939846720058222, "eps": 0.0, "epsdiluted": 0.0, "weightedAverageShsOut": 174220000, "weightedAverageShsOutDil": 174220000, "link": "https://www.sec.gov/Archives/edgar/data/4127/000095012310109435/0000950123-10-109435-index.htm", "finalLink": "https://www.sec.gov/Archives/edgar/data/4127/000095012310109435/a57120e10vk.htm"}, {"date": "2010-07-02", "symbol": "SWKS", "fillingDate": "2010-08-10", "acceptedDate": "2010-08-10 16:19:30", "period": "Q3", "revenue": 275370000, "costOfRevenue": 157104000, "grossProfit": 118266000, "grossProfitRatio": 0.4294803355485347, "researchAndDevelopmentExpenses": 34882000, "generalAndAdministrativeExpenses": 29451000, "sellingAndMarketingExpenses": 0.0, "otherExpenses": 461000.0, "operatingExpenses": 64794000, "costAndExpenses": 221898000, "interestExpense": 0.0, "depreciationAndAmortization": 11905000, "ebitda": 65377000, "ebitdaratio": 0.23741511420997205, "operatingIncome": 53472000, "operatingIncomeRatio": 0.19418237280749537, "totalOtherIncomeExpensesNet": 19000.0, "incomeBeforeTax": 52669000, "incomeBeforeTaxRatio": 0.19126629625594654, "incomeTaxExpense": 17933000, "netIncome": 34736000, "netIncomeRatio": 0.12614300758978828, "eps": 0.0, "epsdiluted": 0.0, "weightedAverageShsOut": 173583000, "weightedAverageShsOutDil": 173583000, "link": "https://www.sec.gov/Archives/edgar/data/4127/000095012310075643/0000950123-10-075643-index.htm", "finalLink": "https://www.sec.gov/Archives/edgar/data/4127/000095012310075643/a56124e10vq.htm"}, {"date": "2010-04-02", "symbol": "SWKS", "fillingDate": "2010-05-11", "acceptedDate": "2010-05-11 16:30:28", "period": "Q2", "revenue": 238058000, "costOfRevenue": 138204000, "grossProfit": 99854000, "grossProfitRatio": 0.41945240235572845, "researchAndDevelopmentExpenses": 32060000, "generalAndAdministrativeExpenses": 27982000, "sellingAndMarketingExpenses": 0.0, "otherExpenses": 1500000.0, "operatingExpenses": 61542000, "costAndExpenses": 199746000, "interestExpense": -338000.0, "depreciationAndAmortization": -420400000, "ebitda": -382088000, "ebitdaratio": 0.565225875695, "operatingIncome": 38312000, "operatingIncomeRatio": 0.547760757147, "totalOtherIncomeExpensesNet": -208000.0, "incomeBeforeTax": 36848000, "incomeBeforeTaxRatio": 0.547760757147, "incomeTaxExpense": 6986000.0, "netIncome": 27744000, "netIncomeRatio": 0.774969915764, "eps": -1.85, "epsdiluted": -1.85, "weightedAverageShsOut": 172717000, "weightedAverageShsOutDil": 172717000, "link": "https://www.sec.gov/Archives/edgar/data/4127/000095012310047885/0000950123-10-047885-index.htm", "finalLink": "https://www.sec.gov/Archives/edgar/data/4127/000095012310047885/a56032e10vq.htm"}, {"date": "2010-01-01", "symbol": "SWKS", "fillingDate": "2010-02-09", "acceptedDate": "2010-02-09 16:37:35", "period": "Q1", "revenue": 245138000, "costOfRevenue": 142584000, "grossProfit": 102554000, "grossProfitRatio": 0.4183521118716804, "researchAndDevelopmentExpenses": 31789000, "generalAndAdministrativeExpenses": 26731000, "sellingAndMarketingExpenses": 0.0, "otherExpenses": 1501000.0, "operatingExpenses": 60021000, "costAndExpenses": 202605000, "interestExpense": 1569000.0, "depreciationAndAmortization": 10870000, "ebitda": 53403000, "ebitdaratio": 0.21784872194437419, "operatingIncome": 42533000, "operatingIncomeRatio": 0.17350635152444746, "totalOtherIncomeExpensesNet": -111000.0, "incomeBeforeTax": 40802000, "incomeBeforeTaxRatio": 0.1664450228034821, "incomeTaxExpense": 12792000, "netIncome": 28010000, "netIncomeRatio": 0.11426217069568978, "eps": 0.16, "epsdiluted": 0.16, "weightedAverageShsOut": 172717000, "weightedAverageShsOutDil": 172717000, "link": "https://www.sec.gov/Archives/edgar/data/4127/000095012310010467/0000950123-10-010467-index.htm", "finalLink": "https://www.sec.gov/Archives/edgar/data/4127/000095012310010467/a55061e10vq.htm"}, {"date": "2009-10-02", "symbol": "SWKS", "fillingDate": "2009-11-30", "acceptedDate": "2009-11-30 17:14:41", "period": "FY", "revenue": 228146000, "costOfRevenue": 135618000, "grossProfit": 92528000, "grossProfitRatio": 0.4055648575911916, "researchAndDevelopmentExpenses": 31090000, "generalAndAdministrativeExpenses": 26311000, "sellingAndMarketingExpenses": 0.0, "otherExpenses": 2175000.0, "operatingExpenses": 59576000, "costAndExpenses": 195194000, "interestExpense": 807000.0, "depreciationAndAmortization": 10422000, "ebitda": 43374000, "ebitdaratio": 0.19011510173310073, "operatingIncome": 32952000, "operatingIncomeRatio": 0.14443382746136246, "totalOtherIncomeExpensesNet": 396000.0, "incomeBeforeTax": 26440000, "incomeBeforeTaxRatio": 0.115890701568294, "incomeTaxExpense": 0.0, "netIncome": 56005000, "netIncomeRatio": 0.24547877236506446, "eps": 0.56, "epsdiluted": 0.55, "weightedAverageShsOut": 167047000, "weightedAverageShsOutDil": 167047000, "link": "https://www.sec.gov/Archives/edgar/data/4127/000095012309066947/0000950123-09-066947-index.htm", "finalLink": "https://www.sec.gov/Archives/edgar/data/4127/000095012309066947/a54461e10vk.htm"}, {"date": "2009-07-03", "symbol": "SWKS", "fillingDate": "2009-08-11", "acceptedDate": "2009-08-11 17:02:24", "period": "Q3", "revenue": 191213000, "costOfRevenue": 114263000, "grossProfit": 76950000, "grossProfitRatio": 0.4024307970692369, "researchAndDevelopmentExpenses": 29666000, "generalAndAdministrativeExpenses": 24215000, "sellingAndMarketingExpenses": 0.0, "otherExpenses": 1548000.0, "operatingExpenses": 55429000, "costAndExpenses": 169692000, "interestExpense": 890000.0, "depreciationAndAmortization": 11176000, "ebitda": 32697000, "ebitdaratio": 0.17099778780731437, "operatingIncome": 21521000, "operatingIncomeRatio": 0.11254987893082584, "totalOtherIncomeExpensesNet": -32000.0, "incomeBeforeTax": 20599000, "incomeBeforeTaxRatio": 0.10772803104391437, "incomeTaxExpense": -1272000.0, "netIncome": 19849000, "netIncomeRatio": 0.1038057035870992, "eps": 0.22, "epsdiluted": 0.22, "weightedAverageShsOut": 165971000, "weightedAverageShsOutDil": 165971000, "link": "https://www.sec.gov/Archives/edgar/data/4127/000095012309033585/0000950123-09-033585-index.htm", "finalLink": "https://www.sec.gov/Archives/edgar/data/4127/000095012309033585/a53416e10vq.htm"}, {"date": "2009-04-03", "symbol": "SWKS", "fillingDate": "2009-05-13", "acceptedDate": "2009-05-13 17:25:56", "period": "Q2", "revenue": 172990000, "costOfRevenue": 108115000, "grossProfit": 64875000, "grossProfitRatio": 0.3750216775536158, "researchAndDevelopmentExpenses": 28596000, "generalAndAdministrativeExpenses": 22794000, "sellingAndMarketingExpenses": 0.0, "otherExpenses": 17228000, "operatingExpenses": 68618000, "costAndExpenses": 176733000, "interestExpense": 808000.0, "depreciationAndAmortization": 11604000, "ebitda": 7861000.0, "ebitdaratio": 0.04544193305971443, "operatingIncome": -3743000.0, "operatingIncomeRatio": -0.02163708884906642, "totalOtherIncomeExpensesNet": -13000.0, "incomeBeforeTax": -4564000.0, "incomeBeforeTaxRatio": -0.026383027920689056, "incomeTaxExpense": 25000.0, "netIncome": -4589000.0, "netIncomeRatio": -0.026527544944794496, "eps": 0.11, "epsdiluted": 0.11, "weightedAverageShsOut": 165426000, "weightedAverageShsOutDil": 165426000, "link": "https://www.sec.gov/Archives/edgar/data/4127/000095013409010567/0000950134-09-010567-index.htm", "finalLink": "https://www.sec.gov/Archives/edgar/data/4127/000095013409010567/a52495e10vq.htm"}, {"date": "2009-01-02", "symbol": "SWKS", "fillingDate": "2009-02-11", "acceptedDate": "2009-02-11 17:18:20", "period": "Q1", "revenue": 210228000, "costOfRevenue": 126361000, "grossProfit": 83867000, "grossProfitRatio": 0.3989335388245143, "researchAndDevelopmentExpenses": 34644000, "generalAndAdministrativeExpenses": 27101000, "sellingAndMarketingExpenses": 0.0, "otherExpenses": 1149000.0, "operatingExpenses": 62894000, "costAndExpenses": 189255000, "interestExpense": 1139000.0, "depreciationAndAmortization": 11211000, "ebitda": 32184000, "ebitdaratio": 0.15309092984759404, "operatingIncome": 20973000, "operatingIncomeRatio": 0.09976311433300987, "totalOtherIncomeExpensesNet": 1402000.0, "incomeBeforeTax": 23271000, "incomeBeforeTaxRatio": 0.11069410354472287, "incomeTaxExpense": 1247000.0, "netIncome": 22024000, "netIncomeRatio": 0.10476244838936774, "eps": 0.13, "epsdiluted": 0.13, "weightedAverageShsOut": 164855000, "weightedAverageShsOutDil": 164855000, "link": "https://www.sec.gov/Archives/edgar/data/4127/000089256909000066/0000892569-09-000066-index.htm", "finalLink": "https://www.sec.gov/Archives/edgar/data/4127/000089256909000066/a51295e10vq.htm"}, {"date": "2008-10-03", "symbol": "SWKS", "fillingDate": "2008-12-02", "acceptedDate": "2008-12-02 17:21:28", "period": "FY", "revenue": 232566000, "costOfRevenue": 138742000, "grossProfit": 93824000, "grossProfitRatio": 0.40342956408073405, "researchAndDevelopmentExpenses": 38777000, "generalAndAdministrativeExpenses": 25399000, "sellingAndMarketingExpenses": 0.0, "otherExpenses": 1668000.0, "operatingExpenses": 65844000, "costAndExpenses": 204586000, "interestExpense": 1695000.0, "depreciationAndAmortization": 11278000, "ebitda": 39258000, "ebitdaratio": 0.1688036944351281, "operatingIncome": 27980000, "operatingIncomeRatio": 0.12030993352424688, "totalOtherIncomeExpensesNet": 5979000.0, "incomeBeforeTax": 20435000, "incomeBeforeTaxRatio": 0.08786753007748338, "incomeTaxExpense": -34354000, "netIncome": 54789000, "netIncomeRatio": 0.23558473723588141, "eps": 0.69, "epsdiluted": 0.68, "weightedAverageShsOut": 161878000, "weightedAverageShsOutDil": 161878000, "link": "https://www.sec.gov/Archives/edgar/data/4127/000089256908001542/0000892569-08-001542-index.htm", "finalLink": "https://www.sec.gov/Archives/edgar/data/4127/000089256908001542/a50645e10vk.htm"}, {"date": "2008-07-27", "symbol": "SWKS", "fillingDate": "2008-08-06", "acceptedDate": "2008-08-06 13:16:25", "period": "Q3", "revenue": 215210000, "costOfRevenue": 128776000, "grossProfit": 86434000, "grossProfitRatio": 0.40162631847962454, "researchAndDevelopmentExpenses": 36561000, "generalAndAdministrativeExpenses": 25975000, "sellingAndMarketingExpenses": 0.0, "otherExpenses": 1101000.0, "operatingExpenses": 63637000, "costAndExpenses": 192413000, "interestExpense": 1658000.0, "depreciationAndAmortization": 11441000, "ebitda": 34238000, "ebitdaratio": 0.15909112030110126, "operatingIncome": 22797000, "operatingIncomeRatio": 0.10592909251428836, "totalOtherIncomeExpensesNet": -3929000.0, "incomeBeforeTax": 22203000, "incomeBeforeTaxRatio": 0.10316899772315413, "incomeTaxExpense": 1737000.0, "netIncome": 20466000, "netIncomeRatio": 0.09509781143998884, "eps": 0.35, "epsdiluted": 0.34, "weightedAverageShsOut": 161166000, "weightedAverageShsOutDil": 161166000, "link": "https://www.sec.gov/Archives/edgar/data/4127/000089256908001072/0000892569-08-001072-index.htm", "finalLink": "https://www.sec.gov/Archives/edgar/data/4127/000089256908001072/a42669e10vq.htm"}, {"date": "2008-03-28", "symbol": "SWKS", "fillingDate": "2008-05-07", "acceptedDate": "2008-05-07 17:03:57", "period": "Q2", "revenue": 201708000, "costOfRevenue": 121341000, "grossProfit": 80367000, "grossProfitRatio": 0.3984323874115057, "researchAndDevelopmentExpenses": 36581000, "generalAndAdministrativeExpenses": 23346000, "sellingAndMarketingExpenses": 0.0, "otherExpenses": 1871000.0, "operatingExpenses": 61798000, "costAndExpenses": 183139000, "interestExpense": 1769000.0, "depreciationAndAmortization": 11077000, "ebitda": 29646000, "ebitdaratio": 0.1469748349098697, "operatingIncome": 18569000, "operatingIncomeRatio": 0.09205881769686874, "totalOtherIncomeExpensesNet": 1883000.0, "incomeBeforeTax": 18683000, "incomeBeforeTaxRatio": 0.09262399111587047, "incomeTaxExpense": 2010000.0, "netIncome": 16673000, "netIncomeRatio": 0.08265909135978741, "eps": 0.22, "epsdiluted": 0.22, "weightedAverageShsOut": 160742000, "weightedAverageShsOutDil": 160742000, "link": "https://www.sec.gov/Archives/edgar/data/4127/000089256908000778/0000892569-08-000778-index.htm", "finalLink": "https://www.sec.gov/Archives/edgar/data/4127/000089256908000778/a40452e10vq.htm"}, {"date": "2007-12-28", "symbol": "SWKS", "fillingDate": "2008-02-06", "acceptedDate": "2008-02-06 16:45:28", "period": "Q1", "revenue": 210533000, "costOfRevenue": 128195000, "grossProfit": 82338000, "grossProfitRatio": 0.3910930827946213, "researchAndDevelopmentExpenses": 34094000, "generalAndAdministrativeExpenses": 25287000, "sellingAndMarketingExpenses": 0.0, "otherExpenses": 1932000.0, "operatingExpenses": 61313000, "costAndExpenses": 189508000, "interestExpense": 2208000.0, "depreciationAndAmortization": 10916000, "ebitda": 31941000, "ebitdaratio": 0.15171493305087563, "operatingIncome": 21025000, "operatingIncomeRatio": 0.09986557926785825, "totalOtherIncomeExpensesNet": 2050000.0, "incomeBeforeTax": 20867000, "incomeBeforeTaxRatio": 0.09911510309547672, "incomeTaxExpense": 1789000.0, "netIncome": 19078000, "netIncomeRatio": 0.09061762289047323, "eps": 0.128195, "epsdiluted": 0.128195, "weightedAverageShsOut": 160319000, "weightedAverageShsOutDil": 160319000, "link": "https://www.sec.gov/Archives/edgar/data/4127/000089256908000102/0000892569-08-000102-index.htm", "finalLink": "https://www.sec.gov/Archives/edgar/data/4127/000089256908000102/a37655e10vq.htm"}, {"date": "2007-09-28", "symbol": "SWKS", "fillingDate": "2007-11-27", "acceptedDate": "2007-11-27 16:35:04", "period": "FY", "revenue": 190454000, "costOfRevenue": 115719000, "grossProfit": 74735000, "grossProfitRatio": 0.3924044651201865, "researchAndDevelopmentExpenses": 33731000, "generalAndAdministrativeExpenses": 22298000, "sellingAndMarketingExpenses": 0.0, "otherExpenses": 536000.0, "operatingExpenses": 56565000, "costAndExpenses": 172284000, "interestExpense": 2662000.0, "depreciationAndAmortization": 10408000, "ebitda": 28578000, "ebitdaratio": 0.150051981055793, "operatingIncome": 18170000, "operatingIncomeRatio": 0.09540361452109171, "totalOtherIncomeExpensesNet": 3050000.0, "incomeBeforeTax": 18558000, "incomeBeforeTaxRatio": 0.0974408518592416, "incomeTaxExpense": -3435000.0, "netIncome": 21993000, "netIncomeRatio": 0.11547670303590368, "eps": 0.454359, "epsdiluted": 0.454359, "weightedAverageShsOut": 159993000, "weightedAverageShsOutDil": 159993000, "link": "https://www.sec.gov/Archives/edgar/data/4127/000089256907001468/0000892569-07-001468-index.htm", "finalLink": "https://www.sec.gov/Archives/edgar/data/4127/000089256907001468/a35868e10vk.htm"}, {"date": "2007-06-29", "symbol": "SWKS", "fillingDate": "2007-08-08", "acceptedDate": "2007-08-08 16:08:29", "period": "Q3", "revenue": 175050000, "costOfRevenue": 106418000, "grossProfit": 68632000, "grossProfitRatio": 0.3920708369037418, "researchAndDevelopmentExpenses": 30549000, "generalAndAdministrativeExpenses": 24874000, "sellingAndMarketingExpenses": 0.0, "otherExpenses": 793000.0, "operatingExpenses": 56216000, "costAndExpenses": 162634000, "interestExpense": 2565000.0, "depreciationAndAmortization": 9999000.0, "ebitda": 22415000, "ebitdaratio": 0.12804912882033706, "operatingIncome": 12416000, "operatingIncomeRatio": 0.07092830619822908, "totalOtherIncomeExpensesNet": 2766000.0, "incomeBeforeTax": 12617000, "incomeBeforeTaxRatio": 0.07207654955726935, "incomeTaxExpense": 1194000.0, "netIncome": 11423000, "netIncomeRatio": 0.06525564124535847, "eps": 0.33864, "epsdiluted": 0.33864, "weightedAverageShsOut": 160159000, "weightedAverageShsOutDil": 160159000, "link": "https://www.sec.gov/Archives/edgar/data/4127/000095013707011698/0000950137-07-011698-index.htm", "finalLink": "https://www.sec.gov/Archives/edgar/data/4127/000095013707011698/a32644e10vq.htm"}, {"date": "2007-03-30", "symbol": "SWKS", "fillingDate": "2007-05-09", "acceptedDate": "2007-05-09 13:15:02", "period": "Q2", "revenue": 180210000, "costOfRevenue": 111508000, "grossProfit": 68702000, "grossProfitRatio": 0.38123300593751736, "researchAndDevelopmentExpenses": 31383000, "generalAndAdministrativeExpenses": 23750000, "sellingAndMarketingExpenses": 0.0, "otherExpenses": 536000.0, "operatingExpenses": 55669000, "costAndExpenses": 167177000, "interestExpense": 4114000.0, "depreciationAndAmortization": 9328000.0, "ebitda": 22361000, "ebitdaratio": 0.12408301426113978, "operatingIncome": 13033000, "operatingIncomeRatio": 0.07232118084457022, "totalOtherIncomeExpensesNet": 2903000.0, "incomeBeforeTax": 11822000, "incomeBeforeTaxRatio": 0.06560124299428445, "incomeTaxExpense": -375000.0, "netIncome": 12197000, "netIncomeRatio": 0.06768214860440597, "eps": 0.232222, "epsdiluted": 0.232222, "weightedAverageShsOut": 160935000, "weightedAverageShsOutDil": 160935000, "link": "https://www.sec.gov/Archives/edgar/data/4127/000095013707007074/0000950137-07-007074-index.htm", "finalLink": "https://www.sec.gov/Archives/edgar/data/4127/000095013707007074/a29995e10vq.htm"}, {"date": "2006-12-29", "symbol": "SWKS", "fillingDate": "2007-02-07", "acceptedDate": "2007-02-07 15:57:21", "period": "Q1", "revenue": 196030000, "costOfRevenue": 120714000, "grossProfit": 75316000, "grossProfitRatio": 0.3842064990052543, "researchAndDevelopmentExpenses": 30412000, "generalAndAdministrativeExpenses": 24028000, "sellingAndMarketingExpenses": 0.0, "otherExpenses": 6009000.0, "operatingExpenses": 60449000, "costAndExpenses": 181163000, "interestExpense": 3249000.0, "depreciationAndAmortization": 9502000.0, "ebitda": 24369000, "ebitdaratio": 0.12431260521348773, "operatingIncome": 14867000, "operatingIncomeRatio": 0.07584043258684896, "totalOtherIncomeExpensesNet": 2155000.0, "incomeBeforeTax": 13773000, "incomeBeforeTaxRatio": 0.07025965413457123, "incomeTaxExpense": 1736000.0, "netIncome": 12037000, "netIncomeRatio": 0.06140386675508851, "eps": 0.120714, "epsdiluted": 0.120714, "weightedAverageShsOut": 161183000, "weightedAverageShsOutDil": 161183000, "link": "https://www.sec.gov/Archives/edgar/data/4127/000095013707001647/0000950137-07-001647-index.htm", "finalLink": "https://www.sec.gov/Archives/edgar/data/4127/000095013707001647/a26990e10vq.htm"}, {"date": "2006-09-29", "symbol": "SWKS", "fillingDate": "2006-12-13", "acceptedDate": "2006-12-13 16:58:58", "period": "FY", "revenue": 193133000, "costOfRevenue": 147874000, "grossProfit": 45259000, "grossProfitRatio": 0.23434110172782488, "researchAndDevelopmentExpenses": 40500000, "generalAndAdministrativeExpenses": 60505000, "sellingAndMarketingExpenses": 0.0, "otherExpenses": 29099000, "operatingExpenses": 130104000, "costAndExpenses": 277978000, "interestExpense": 3308000.0, "depreciationAndAmortization": 10080000, "ebitda": -73157000, "ebitdaratio": -0.37879078148219103, "operatingIncome": -83237000, "operatingIncomeRatio": -0.4309827942402386, "totalOtherIncomeExpensesNet": 1779000.0, "incomeBeforeTax": -84766000, "incomeBeforeTaxRatio": -0.4388996183976845, "incomeTaxExpense": 11604000, "netIncome": -96370000, "netIncomeRatio": -0.4989825664179607, "eps": 0.511071, "epsdiluted": 0.511071, "weightedAverageShsOut": 159408000, "weightedAverageShsOutDil": 159408000, "link": "https://www.sec.gov/Archives/edgar/data/4127/000089256906001446/0000892569-06-001446-index.htm", "finalLink": "https://www.sec.gov/Archives/edgar/data/4127/000089256906001446/a25760e10vk.htm"}, {"date": "2006-06-30", "symbol": "SWKS", "fillingDate": "2006-08-09", "acceptedDate": "2006-08-09 17:10:23", "period": "Q3", "revenue": 197058000, "costOfRevenue": 123711000, "grossProfit": 73347000, "grossProfitRatio": 0.3722102122217824, "researchAndDevelopmentExpenses": 40619000, "generalAndAdministrativeExpenses": 26333000, "sellingAndMarketingExpenses": 0.0, "otherExpenses": -1072000.0, "operatingExpenses": 65880000, "costAndExpenses": 189591000, "interestExpense": 3231000.0, "depreciationAndAmortization": 9708000.0, "ebitda": 15567000, "ebitdaratio": 0.07899704655482143, "operatingIncome": 5859000.0, "operatingIncomeRatio": 0.029732363060621745, "totalOtherIncomeExpensesNet": 1822000.0, "incomeBeforeTax": 4450000.0, "incomeBeforeTaxRatio": 0.022582183925544765, "incomeTaxExpense": 1445000.0, "netIncome": 3005000.0, "netIncomeRatio": 0.01524931745983416, "eps": 0.363197, "epsdiluted": 0.363197, "weightedAverageShsOut": 159119000, "weightedAverageShsOutDil": 159119000, "link": "https://www.sec.gov/Archives/edgar/data/4127/000089256906000971/0000892569-06-000971-index.htm", "finalLink": "https://www.sec.gov/Archives/edgar/data/4127/000089256906000971/a22795e10vq.htm"}, {"date": "2006-03-31", "symbol": "SWKS", "fillingDate": "2006-05-10", "acceptedDate": "2006-05-10 16:22:11", "period": "Q2", "revenue": 185234000, "costOfRevenue": 115884000, "grossProfit": 69350000, "grossProfitRatio": 0.37439131045056523, "researchAndDevelopmentExpenses": 40557000, "generalAndAdministrativeExpenses": 25710000, "sellingAndMarketingExpenses": 0.0, "otherExpenses": 536000.0, "operatingExpenses": 66803000, "costAndExpenses": 182687000, "interestExpense": 4446000.0, "depreciationAndAmortization": 9285000.0, "ebitda": 11832000, "ebitdaratio": 0.06387596229633868, "operatingIncome": 2547000.0, "operatingIncomeRatio": 0.013750175453750391, "totalOtherIncomeExpensesNet": 2430000.0, "incomeBeforeTax": 531000.0, "incomeBeforeTaxRatio": 0.002866644352548668, "incomeTaxExpense": -395000.0, "netIncome": 926000.0, "netIncomeRatio": 0.004999082241921029, "eps": 0.239486, "epsdiluted": 0.239486, "weightedAverageShsOut": 158828000, "weightedAverageShsOutDil": 158828000, "link": "https://www.sec.gov/Archives/edgar/data/4127/000095013706005726/0000950137-06-005726-index.htm", "finalLink": "https://www.sec.gov/Archives/edgar/data/4127/000095013706005726/a20409e10vq.htm"}, {"date": "2005-12-31", "symbol": "SWKS", "fillingDate": "2006-02-08", "acceptedDate": "2006-02-08 17:25:21", "period": "Q1", "revenue": 198325000, "costOfRevenue": 123602000, "grossProfit": 74723000, "grossProfitRatio": 0.37677045254002267, "researchAndDevelopmentExpenses": 42430000, "generalAndAdministrativeExpenses": 23253000, "sellingAndMarketingExpenses": 0.0, "otherExpenses": 536000.0, "operatingExpenses": 66219000, "costAndExpenses": 189821000, "interestExpense": 3812000.0, "depreciationAndAmortization": 9144000.0, "ebitda": 17648000, "ebitdaratio": 0.08898525148115467, "operatingIncome": 8504000.0, "operatingIncomeRatio": 0.042879112567754944, "totalOtherIncomeExpensesNet": 2319000.0, "incomeBeforeTax": 7011000.0, "incomeBeforeTaxRatio": 0.035351065170805496, "incomeTaxExpense": 2724000.0, "netIncome": 4287000.0, "netIncomeRatio": 0.021616034287154924, "eps": 0.123602, "epsdiluted": 0.123602, "weightedAverageShsOut": 158573000, "weightedAverageShsOutDil": 158573000, "link": "https://www.sec.gov/Archives/edgar/data/4127/000089256906000098/0000892569-06-000098-index.htm", "finalLink": "https://www.sec.gov/Archives/edgar/data/4127/000089256906000098/a17028e10vq.htm"}, {"date": "2005-09-30", "symbol": "SWKS", "fillingDate": "2005-12-14", "acceptedDate": "2005-12-14 17:25:06", "period": "FY", "revenue": 190174000, "costOfRevenue": 120894000, "grossProfit": 69280000, "grossProfitRatio": 0.3642979587114958, "researchAndDevelopmentExpenses": 36603000, "generalAndAdministrativeExpenses": 25043000, "sellingAndMarketingExpenses": 0.0, "otherExpenses": 536000.0, "operatingExpenses": 62182000, "costAndExpenses": 183076000, "interestExpense": 3746000.0, "depreciationAndAmortization": 9328000.0, "ebitda": 16426000, "ebitdaratio": 0.08637353160789593, "operatingIncome": 7098000.0, "operatingIncomeRatio": 0.03732371407237582, "totalOtherIncomeExpensesNet": 1729000.0, "incomeBeforeTax": 5081000.0, "incomeBeforeTaxRatio": 0.02671763753194443, "incomeTaxExpense": 2020000.0, "netIncome": 3061000.0, "netIncomeRatio": 0.016095785964432573, "eps": 0.16, "epsdiluted": 0.16, "weightedAverageShsOut": 157453000, "weightedAverageShsOutDil": 157453000, "link": "https://www.sec.gov/Archives/edgar/data/4127/000089256905001238/0000892569-05-001238-index.htm", "finalLink": "https://www.sec.gov/Archives/edgar/data/4127/000089256905001238/a15329e10vk.htm"}, {"date": "2005-07-01", "symbol": "SWKS", "fillingDate": "2005-08-10", "acceptedDate": "2005-08-10 16:16:20", "period": "Q3", "revenue": 191532000, "costOfRevenue": 113658000, "grossProfit": 77874000, "grossProfitRatio": 0.40658480045109957, "researchAndDevelopmentExpenses": 39823000, "generalAndAdministrativeExpenses": 25745000, "sellingAndMarketingExpenses": 0.0, "otherExpenses": 536000.0, "operatingExpenses": 66104000, "costAndExpenses": 179762000, "interestExpense": 3683000.0, "depreciationAndAmortization": 9040000.0, "ebitda": 20810000, "ebitdaratio": 0.10865025165507591, "operatingIncome": 11770000, "operatingIncomeRatio": 0.061451872271996326, "totalOtherIncomeExpensesNet": 1536000.0, "incomeBeforeTax": 9623000.0, "incomeBeforeTaxRatio": 0.05024225716851492, "incomeTaxExpense": 2234000.0, "netIncome": 7389000.0, "netIncomeRatio": 0.03857840987406804, "eps": 0.14, "epsdiluted": 0.14, "weightedAverageShsOut": 157161000, "weightedAverageShsOutDil": 158621000, "link": "https://www.sec.gov/Archives/edgar/data/4127/000095013705009995/0000950137-05-009995-index.htm", "finalLink": "https://www.sec.gov/Archives/edgar/data/4127/000095013705009995/a11622e10vq.htm"}, {"date": "2005-04-01", "symbol": "SWKS", "fillingDate": "2005-05-11", "acceptedDate": "Not found...", "period": "Q2", "revenue": 190505000, "costOfRevenue": 117906000, "grossProfit": 72599000, "grossProfitRatio": 0.3810871105745256, "researchAndDevelopmentExpenses": 38676000, "generalAndAdministrativeExpenses": 25058000, "sellingAndMarketingExpenses": 0.0, "otherExpenses": 545000.0, "operatingExpenses": 64279000, "costAndExpenses": 182185000, "interestExpense": 3635000.0, "depreciationAndAmortization": 9467000.0, "ebitda": 17787000, "ebitdaratio": 0.09336762814624289, "operatingIncome": 8320000.0, "operatingIncomeRatio": 0.043673394399097135, "totalOtherIncomeExpensesNet": 1067000.0, "incomeBeforeTax": 5752000.0, "incomeBeforeTaxRatio": 0.030193433243221962, "incomeTaxExpense": 4508000.0, "netIncome": 1244000.0, "netIncomeRatio": 0.006530012335634236, "eps": 96.66724051084884, "epsdiluted": 95.69767588653377, "weightedAverageShsOut": 156837.0, "weightedAverageShsOutDil": 158426.0, "link": "https://www.sec.gov/Archives/edgar/data/4127/000000412705000023/0000004127-05-000023-index.htm", "finalLink": "https://www.sec.gov/Archives/edgar/data/4127/000000412705000023/q2_05.htm"}, {"date": "2004-12-31", "symbol": "SWKS", "fillingDate": "2005-02-07", "acceptedDate": "2005-02-07 16:40:30", "period": "Q1", "revenue": 220160000, "costOfRevenue": 132141000, "grossProfit": 88019000, "grossProfitRatio": 0.39979560319767443, "researchAndDevelopmentExpenses": 37113000, "generalAndAdministrativeExpenses": 27224000, "sellingAndMarketingExpenses": 0.0, "otherExpenses": 737000.0, "operatingExpenses": 65074000, "costAndExpenses": 197215000, "interestExpense": 3533000.0, "depreciationAndAmortization": 9442000.0, "ebitda": 32387000, "ebitdaratio": 0.14710664970930232, "operatingIncome": 22945000, "operatingIncomeRatio": 0.10421965843023256, "totalOtherIncomeExpensesNet": 1121000.0, "incomeBeforeTax": 20533000, "incomeBeforeTaxRatio": 0.0932639898255814, "incomeTaxExpense": 6616000.0, "netIncome": 13917000, "netIncomeRatio": 0.06321311773255814, "eps": 88.96062388136026, "epsdiluted": 87.58062993612536, "weightedAverageShsOut": 156440.0, "weightedAverageShsOutDil": 158905.0, "link": "https://www.sec.gov/Archives/edgar/data/4127/000000412705000007/0000004127-05-000007-index.htm", "finalLink": "https://www.sec.gov/Archives/edgar/data/4127/000000412705000007/q1_05.htm"}, {"date": "2004-10-01", "symbol": "SWKS", "fillingDate": "2004-12-13", "acceptedDate": "2004-12-13 17:02:47", "period": "FY", "revenue": 425444000, "costOfRevenue": 248272000, "grossProfit": 177172000, "grossProfitRatio": 0.4164402365528718, "researchAndDevelopmentExpenses": 79947000, "generalAndAdministrativeExpenses": 57464000, "sellingAndMarketingExpenses": 0.0, "otherExpenses": 3112000.0, "operatingExpenses": 140523000, "costAndExpenses": 388795000, "interestExpense": 7170000.0, "depreciationAndAmortization": 18785000, "ebitda": 55434000, "ebitdaratio": 0.1302968193228721, "operatingIncome": 36649000, "operatingIncomeRatio": 0.08614294713287765, "totalOtherIncomeExpensesNet": 935000.0, "incomeBeforeTax": 30414000, "incomeBeforeTaxRatio": 0.07148766935248822, "incomeTaxExpense": 3984000.0, "netIncome": 27661000, "netIncomeRatio": 0.06501678246725774, "eps": 0.1473601157209547, "epsdiluted": 0.1473601157209547, "weightedAverageShsOut": 152090000, "weightedAverageShsOutDil": 152090000, "link": "https://www.sec.gov/Archives/edgar/data/4127/000000412704000082/0000004127-04-000082-index.htm", "finalLink": "https://www.sec.gov/Archives/edgar/data/4127/000000412704000082/tenk.htm"}, {"date": "2004-04-02", "symbol": "SWKS", "fillingDate": "2004-05-17", "acceptedDate": "2004-05-17 16:12:30", "period": "Q2", "revenue": 183471000, "costOfRevenue": 114167000, "grossProfit": 69304000, "grossProfitRatio": 0.37773817115511443, "researchAndDevelopmentExpenses": 35992000, "generalAndAdministrativeExpenses": 21154000, "sellingAndMarketingExpenses": 0.0, "otherExpenses": 16528000, "operatingExpenses": 73674000, "costAndExpenses": 187841000, "interestExpense": 5403000.0, "depreciationAndAmortization": 8419000.0, "ebitda": 4049000.0, "ebitdaratio": 0.022068882820718262, "operatingIncome": -4370000.0, "operatingIncomeRatio": -0.023818478124608248, "totalOtherIncomeExpensesNet": 303000.0, "incomeBeforeTax": -9470000.0, "incomeBeforeTaxRatio": -0.05161578669108469, "incomeTaxExpense": -1280000.0, "netIncome": -9421000.0, "netIncomeRatio": -0.051348714510740114, "eps": -0.04, "epsdiluted": -0.04, "weightedAverageShsOut": 149090000, "weightedAverageShsOutDil": 149090000, "link": "https://www.sec.gov/Archives/edgar/data/4127/000089256904000664/0000892569-04-000664-index.htm", "finalLink": "https://www.sec.gov/Archives/edgar/data/4127/000089256904000664/a99134e10vq.htm"}, {"date": "2004-01-02", "symbol": "SWKS", "fillingDate": "2004-02-17", "acceptedDate": "2004-02-17 09:49:25", "period": "Q1", "revenue": 175108000, "costOfRevenue": 108368000, "grossProfit": 66740000, "grossProfitRatio": 0.38113621307992784, "researchAndDevelopmentExpenses": 36694000, "generalAndAdministrativeExpenses": 18904000, "sellingAndMarketingExpenses": 0.0, "otherExpenses": 769000.0, "operatingExpenses": 56367000, "costAndExpenses": 164735000, "interestExpense": 5374000.0, "depreciationAndAmortization": 8625000.0, "ebitda": 18998000, "ebitdaratio": 0.1084930442926651, "operatingIncome": 10373000, "operatingIncomeRatio": 0.059237727573840146, "totalOtherIncomeExpensesNet": 453000.0, "incomeBeforeTax": 5452000.0, "incomeBeforeTaxRatio": 0.031135070927656074, "incomeTaxExpense": 1280000.0, "netIncome": 4172000.0, "netIncomeRatio": 0.02382529638851452, "eps": 0.03, "epsdiluted": 0.03, "weightedAverageShsOut": 148784000, "weightedAverageShsOutDil": 150997000, "link": "https://www.sec.gov/Archives/edgar/data/4127/000000412704000020/0000004127-04-000020-index.htm", "finalLink": "https://www.sec.gov/Archives/edgar/data/4127/000000412704000020/q1.htm"}, {"date": "2003-09-27", "symbol": "SWKS", "fillingDate": "2003-12-22", "acceptedDate": "2003-12-22 14:50:11", "period": "FY", "revenue": 467590000, "costOfRevenue": 286344000, "grossProfit": 181246000, "grossProfitRatio": 0.3876173570863363, "researchAndDevelopmentExpenses": 115334000, "generalAndAdministrativeExpenses": 60511000, "sellingAndMarketingExpenses": 0.0, "otherExpenses": 37804000, "operatingExpenses": 213649000, "costAndExpenses": 499993000, "interestExpense": 16334000, "depreciationAndAmortization": 9333000.0, "ebitda": -43156000, "ebitdaratio": -0.09229453153403623, "operatingIncome": -52489000, "operatingIncomeRatio": -0.11225432537051691, "totalOtherIncomeExpensesNet": 1035000.0, "incomeBeforeTax": -47702000, "incomeBeforeTaxRatio": -0.10201672405312347, "incomeTaxExpense": 389000.0, "netIncome": -445230000, "netIncomeRatio": -0.9521803289206356, "eps": -0.39, "epsdiluted": -2.85, "weightedAverageShsOut": 139376000, "weightedAverageShsOutDil": 139376000, "link": "https://www.sec.gov/Archives/edgar/data/4127/000000412703000048/0000004127-03-000048-index.htm", "finalLink": "https://www.sec.gov/Archives/edgar/data/4127/000000412703000048/tenk.htm"}, {"date": "2003-06-27", "symbol": "SWKS", "fillingDate": "2003-08-11", "acceptedDate": "2003-08-11 16:18:51", "period": "Q1", "revenue": 150199000, "costOfRevenue": 94121000, "grossProfit": 56078000, "grossProfitRatio": 0.3733580117044721, "researchAndDevelopmentExpenses": 36428000, "generalAndAdministrativeExpenses": 19711000, "sellingAndMarketingExpenses": 0.0, "otherExpenses": 1075000.0, "operatingExpenses": 57214000, "costAndExpenses": 151335000, "interestExpense": 5069000.0, "depreciationAndAmortization": 27608000, "ebitda": 26472000, "ebitdaratio": 0.17624618006777676, "operatingIncome": -1136000.0, "operatingIncomeRatio": -0.007563299356187458, "totalOtherIncomeExpensesNet": 282000.0, "incomeBeforeTax": -5923000.0, "incomeBeforeTaxRatio": -0.03943435042843162, "incomeTaxExpense": 263000.0, "netIncome": -6186000.0, "netIncomeRatio": -0.04118536075473206, "eps": -0.04, "epsdiluted": -0.04, "weightedAverageShsOut": 138729000, "weightedAverageShsOutDil": 138729000, "link": "https://www.sec.gov/Archives/edgar/data/4127/000000412703000038/0000004127-03-000038-index.htm", "finalLink": "https://www.sec.gov/Archives/edgar/data/4127/000000412703000038/third_quarter.htm"}]