[{"date": "2020-03-29", "symbol": "LRCX", "fillingDate": "2020-04-28", "acceptedDate": "2020-04-28 16:07:41", "period": "Q3", "revenue": 2503625000, "costOfRevenue": 1336618000, "grossProfit": 1167007000, "grossProfitRatio": 0.4661269159718408, "researchAndDevelopmentExpenses": 307914000, "generalAndAdministrativeExpenses": 164979000, "sellingAndMarketingExpenses": 0.0, "otherExpenses": -64619000, "operatingExpenses": 472893000, "costAndExpenses": 1809511000, "interestExpense": 41580000, "depreciationAndAmortization": 68609000, "ebitda": 762723000, "ebitdaratio": 0.304647461181, "operatingIncome": 694114000, "operatingIncomeRatio": 0.277243596785, "totalOtherIncomeExpensesNet": -91271000, "incomeBeforeTax": 629495000, "incomeBeforeTaxRatio": 0.251433421539, "incomeTaxExpense": 54700000, "netIncome": 574781000, "netIncomeRatio": 0.229579509711, "eps": 3.96, "epsdiluted": 3.87, "weightedAverageShsOut": 144654000, "weightedAverageShsOutDil": 149648000, "link": "https://www.sec.gov/Archives/edgar/data/707549/000070754920000081/0000707549-20-000081-index.htm", "finalLink": "https://www.sec.gov/Archives/edgar/data/707549/000070754920000081/lrcx10q3q2020document.htm"}, {"date": "2019-12-29", "symbol": "LRCX", "fillingDate": "2020-02-04", "acceptedDate": "2020-02-04 16:09:12", "period": "Q2", "revenue": 2583501000, "costOfRevenue": 1403857000, "grossProfit": 1179644000, "grossProfitRatio": 0.4566067518456544, "researchAndDevelopmentExpenses": 318861000, "generalAndAdministrativeExpenses": 174272000, "sellingAndMarketingExpenses": 0.0, "otherExpenses": -13924000, "operatingExpenses": 493133000, "costAndExpenses": 1896990000, "interestExpense": 42615000, "depreciationAndAmortization": 67105000, "ebitda": 753616000, "ebitdaratio": 0.29170339009, "operatingIncome": 686511000, "operatingIncomeRatio": 0.265728946883, "totalOtherIncomeExpensesNet": 0.0, "incomeBeforeTax": 672587000, "incomeBeforeTaxRatio": 0.2603393612, "incomeTaxExpense": 158100000, "netIncome": 514510000, "netIncomeRatio": 0.199152235668, "eps": 3.57, "epsdiluted": 3.43, "weightedAverageShsOut": 144330000, "weightedAverageShsOutDil": 150389000, "link": "https://www.sec.gov/Archives/edgar/data/707549/000070754920000020/0000707549-20-000020-index.htm", "finalLink": "https://www.sec.gov/Archives/edgar/data/707549/000070754920000020/lrcx10q2q2020document.htm"}, {"date": "2019-09-29", "symbol": "LRCX", "fillingDate": "2019-10-29", "acceptedDate": "2019-10-29 16:06:30", "period": "Q1", "revenue": 2165746000, "costOfRevenue": 1184036000, "grossProfit": 981710000, "grossProfitRatio": 0.45328953626140833, "researchAndDevelopmentExpenses": 286827000, "generalAndAdministrativeExpenses": 157428000, "sellingAndMarketingExpenses": 0.0, "otherExpenses": -12728000, "operatingExpenses": 444255000, "costAndExpenses": 1628291000, "interestExpense": 43995000, "depreciationAndAmortization": 66339000, "ebitda": 603794000, "ebitdaratio": 0.278792619264, "operatingIncome": 537455000, "operatingIncomeRatio": 0.248161603438, "totalOtherIncomeExpensesNet": 0.0, "incomeBeforeTax": 524727000, "incomeBeforeTaxRatio": 0.242284644644, "incomeTaxExpense": 58900000, "netIncome": 465789000, "netIncomeRatio": 0.215070927062, "eps": 3.22, "epsdiluted": 3.09, "weightedAverageShsOut": 144673000, "weightedAverageShsOutDil": 150682000, "link": "https://www.sec.gov/Archives/edgar/data/707549/000070754919000163/0000707549-19-000163-index.htm", "finalLink": "https://www.sec.gov/Archives/edgar/data/707549/000070754919000163/lrcx10q1q2020document.htm"}, {"date": "2019-06-30", "symbol": "LRCX", "fillingDate": "2019-08-20", "acceptedDate": "2019-08-20 16:15:59", "period": "FY", "revenue": 2361147000, "costOfRevenue": 1280256000, "grossProfit": 1080891000, "grossProfitRatio": 0.45778217112276365, "researchAndDevelopmentExpenses": 295578000, "generalAndAdministrativeExpenses": 168228000, "sellingAndMarketingExpenses": 0.0, "otherExpenses": -7667000.0, "operatingExpenses": 463806000, "costAndExpenses": 1744062000, "interestExpense": 45428000, "depreciationAndAmortization": 67614000, "ebitda": 684699000, "ebitdaratio": 0.289985756922, "operatingIncome": 617085000, "operatingIncomeRatio": 0.261349674544, "totalOtherIncomeExpensesNet": 10494000, "incomeBeforeTax": 609418000, "incomeBeforeTaxRatio": 0.25810252390046023, "incomeTaxExpense": 67641000, "netIncome": 541825000, "netIncomeRatio": 0.229475335504, "eps": 3.65, "epsdiluted": 3.5, "weightedAverageShsOut": 152478000, "weightedAverageShsOutDil": 159915000, "link": "https://www.sec.gov/Archives/edgar/data/707549/000070754919000124/0000707549-19-000124-index.htm", "finalLink": "https://www.sec.gov/Archives/edgar/data/707549/000070754919000124/lrcx10k2019document.htm"}, {"date": "2019-03-31", "symbol": "LRCX", "fillingDate": "2019-04-30", "acceptedDate": "2019-04-30 16:38:29", "period": "Q3", "revenue": 2439048000, "costOfRevenue": 1364711000, "grossProfit": 1074337000, "grossProfitRatio": 0.44047390621258786, "researchAndDevelopmentExpenses": 318514000, "generalAndAdministrativeExpenses": 190306000, "sellingAndMarketingExpenses": 0.0, "otherExpenses": 20532000, "operatingExpenses": 508820000, "costAndExpenses": 1873531000, "interestExpense": 30263000, "depreciationAndAmortization": 85135000, "ebitda": 650652000, "ebitdaratio": 0.266764737717, "operatingIncome": 565517000, "operatingIncomeRatio": 0.231859725598, "totalOtherIncomeExpensesNet": -10494000, "incomeBeforeTax": 586049000, "incomeBeforeTaxRatio": 0.240277764111, "incomeTaxExpense": 38600000, "netIncome": 547390000, "netIncomeRatio": 0.22442772754, "eps": 3.62, "epsdiluted": 3.47, "weightedAverageShsOut": 153891000, "weightedAverageShsOutDil": 161683000, "link": "https://www.sec.gov/Archives/edgar/data/707549/000070754919000078/0000707549-19-000078-index.htm", "finalLink": "https://www.sec.gov/Archives/edgar/data/707549/000070754919000078/lrcx10q3q2019document.htm"}, {"date": "2018-12-23", "symbol": "LRCX", "fillingDate": "2019-01-30", "acceptedDate": "2019-01-30 16:06:54", "period": "Q2", "revenue": 2522673000, "costOfRevenue": 1377640000, "grossProfit": 1145033000, "grossProfitRatio": 0.4538967198681716, "researchAndDevelopmentExpenses": 285556000, "generalAndAdministrativeExpenses": 169098000, "sellingAndMarketingExpenses": 0.0, "otherExpenses": -30649000, "operatingExpenses": 454654000, "costAndExpenses": 1832294000, "interestExpense": 19784000, "depreciationAndAmortization": 82825000, "ebitda": 773204000, "ebitdaratio": 0.306501873211, "operatingIncome": 690379000, "operatingIncomeRatio": 0.273669635343, "totalOtherIncomeExpensesNet": 0.0, "incomeBeforeTax": 659730000, "incomeBeforeTaxRatio": 0.261520220813, "incomeTaxExpense": 90900000, "netIncome": 568855000, "netIncomeRatio": 0.225496923303, "eps": 3.67, "epsdiluted": 3.5, "weightedAverageShsOut": 155340000, "weightedAverageShsOutDil": 163749000, "link": "https://www.sec.gov/Archives/edgar/data/707549/000070754919000008/0000707549-19-000008-index.htm", "finalLink": "https://www.sec.gov/Archives/edgar/data/707549/000070754919000008/lrcx10q2q2019document.htm"}, {"date": "2018-09-23", "symbol": "LRCX", "fillingDate": "2018-10-23", "acceptedDate": "2018-10-23 17:30:20", "period": "Q1", "revenue": 2330691000, "costOfRevenue": 1272493000, "grossProfit": 1058198000, "grossProfitRatio": 0.45402758237793, "researchAndDevelopmentExpenses": 291672000, "generalAndAdministrativeExpenses": 174775000, "sellingAndMarketingExpenses": 0.0, "otherExpenses": -377000.0, "operatingExpenses": 466447000, "costAndExpenses": 1738940000, "interestExpense": 21788000, "depreciationAndAmortization": 81050000, "ebitda": 672801000, "ebitdaratio": 0.288670184078, "operatingIncome": 591751000, "operatingIncomeRatio": 0.253895089482, "totalOtherIncomeExpensesNet": 0.0, "incomeBeforeTax": 591374000, "incomeBeforeTaxRatio": 0.253733334878, "incomeTaxExpense": 58000000, "netIncome": 533360000, "netIncomeRatio": 0.228842004367, "eps": 3.43, "epsdiluted": 3.23, "weightedAverageShsOut": 155658000, "weightedAverageShsOutDil": 165327000, "link": "https://www.sec.gov/Archives/edgar/data/707549/000070754918000125/0000707549-18-000125-index.htm", "finalLink": "https://www.sec.gov/Archives/edgar/data/707549/000070754918000125/lrcx10q1q2019document.htm"}, {"date": "2018-06-24", "symbol": "LRCX", "fillingDate": "2018-08-14", "acceptedDate": "2018-08-14 16:18:51", "period": "FY", "revenue": 3125928000, "costOfRevenue": 1646520000, "grossProfit": 1479408000, "grossProfitRatio": 0.47327001773553323, "researchAndDevelopmentExpenses": 327713000, "generalAndAdministrativeExpenses": 196500000, "sellingAndMarketingExpenses": 0.0, "otherExpenses": 2954000.0, "operatingExpenses": 524213000, "costAndExpenses": 2170733000, "interestExpense": 24431000, "depreciationAndAmortization": 86078000, "ebitda": 1041273000, "ebitdaratio": 0.333108440118, "operatingIncome": 955195000, "operatingIncomeRatio": 0.305571657441, "totalOtherIncomeExpensesNet": 0.0, "incomeBeforeTax": 958149000, "incomeBeforeTaxRatio": 0.306516656814, "incomeTaxExpense": 62997000, "netIncome": 1021146000, "netIncomeRatio": 0.326669712162, "eps": 6.33, "epsdiluted": 5.72, "weightedAverageShsOut": 161643000, "weightedAverageShsOutDil": 180782000, "link": "https://www.sec.gov/Archives/edgar/data/707549/000070754918000115/0000707549-18-000115-index.htm", "finalLink": "https://www.sec.gov/Archives/edgar/data/707549/000070754918000115/lrcx_10kx2018xdocument.htm"}, {"date": "2018-03-25", "symbol": "LRCX", "fillingDate": "2018-04-24", "acceptedDate": "2018-04-24 16:09:13", "period": "Q3", "revenue": 2892115000, "costOfRevenue": 1561401000, "grossProfit": 1330714000, "grossProfitRatio": 0.4601179413681683, "researchAndDevelopmentExpenses": 305412000, "generalAndAdministrativeExpenses": 197791000, "sellingAndMarketingExpenses": 0.0, "otherExpenses": -55810000, "operatingExpenses": 503203000, "costAndExpenses": 2064604000, "interestExpense": 25734000, "depreciationAndAmortization": 86578000, "ebitda": 914089000, "ebitdaratio": 0.316062466396, "operatingIncome": 827511000, "operatingIncomeRatio": 0.286126589019, "totalOtherIncomeExpensesNet": 0.0, "incomeBeforeTax": 771701000, "incomeBeforeTaxRatio": 0.266829292749, "incomeTaxExpense": 7099000.0, "netIncome": 778800000, "netIncomeRatio": 0.26928389777, "eps": 4.81, "epsdiluted": 4.29, "weightedAverageShsOut": 161885000, "weightedAverageShsOutDil": 182565000, "link": "https://www.sec.gov/Archives/edgar/data/707549/000070754918000084/0000707549-18-000084-index.htm", "finalLink": "https://www.sec.gov/Archives/edgar/data/707549/000070754918000084/lrcx_10qx3qx2018xdocument.htm"}, {"date": "2017-12-24", "symbol": "LRCX", "fillingDate": "2018-01-30", "acceptedDate": "2018-01-30 17:17:36", "period": "Q2", "revenue": 2580815000, "costOfRevenue": 1375248000, "grossProfit": 1205567000, "grossProfitRatio": 0.4671264697392103, "researchAndDevelopmentExpenses": 281311000, "generalAndAdministrativeExpenses": 186885000, "sellingAndMarketingExpenses": 0.0, "otherExpenses": -3152000.0, "operatingExpenses": 468196000, "costAndExpenses": 1843444000, "interestExpense": 23317000, "depreciationAndAmortization": 84437000, "ebitda": 821808000, "ebitdaratio": 0.318429643349, "operatingIncome": 737371000, "operatingIncomeRatio": 0.285712459049, "totalOtherIncomeExpensesNet": 0.0, "incomeBeforeTax": 734219000, "incomeBeforeTaxRatio": 0.284491139427, "incomeTaxExpense": 744174000, "netIncome": 1672453000, "netIncomeRatio": 0.6480328888355035, "eps": -0.05, "epsdiluted": -0.05, "weightedAverageShsOut": 161638000, "weightedAverageShsOutDil": 183958000, "link": "https://www.sec.gov/Archives/edgar/data/707549/000070754918000016/0000707549-18-000016-index.htm", "finalLink": "https://www.sec.gov/Archives/edgar/data/707549/000070754918000016/lrcx_10qx2qx2018xdocument.htm"}, {"date": "2017-09-24", "symbol": "LRCX", "fillingDate": "2017-10-23", "acceptedDate": "2017-10-23 16:27:13", "period": "Q1", "revenue": 2478140000, "costOfRevenue": 1328797000, "grossProfit": 1149343000, "grossProfitRatio": 0.4637926025164034, "researchAndDevelopmentExpenses": 275078000, "generalAndAdministrativeExpenses": 181043000, "sellingAndMarketingExpenses": 0.0, "otherExpenses": -5502000.0, "operatingExpenses": 456121000, "costAndExpenses": 1784918000, "interestExpense": 23905000, "depreciationAndAmortization": 83730000, "ebitda": 776952000, "ebitdaratio": 0.313522238453, "operatingIncome": 693222000, "operatingIncomeRatio": 0.279734801101, "totalOtherIncomeExpensesNet": 0.0, "incomeBeforeTax": 687720000, "incomeBeforeTaxRatio": 0.277514587554, "incomeTaxExpense": 97030000, "netIncome": 590690000, "netIncomeRatio": 0.238360221779, "eps": 3.64, "epsdiluted": 3.21, "weightedAverageShsOut": 162141000, "weightedAverageShsOutDil": 183880000, "link": "https://www.sec.gov/Archives/edgar/data/707549/000070754917000139/0000707549-17-000139-index.htm", "finalLink": "https://www.sec.gov/Archives/edgar/data/707549/000070754917000139/lrcx_10qx1qx2018xdocument.htm"}, {"date": "2017-06-25", "symbol": "LRCX", "fillingDate": "2017-08-15", "acceptedDate": "2017-08-15 16:08:17", "period": "FY", "revenue": 2344907000, "costOfRevenue": 1275946000, "grossProfit": 1068961000, "grossProfitRatio": 0.4558649873960886, "researchAndDevelopmentExpenses": 285712000, "generalAndAdministrativeExpenses": 175310000, "sellingAndMarketingExpenses": 0.0, "otherExpenses": -4444000.0, "operatingExpenses": 461022000, "costAndExpenses": 1736968000, "interestExpense": 24912000, "depreciationAndAmortization": 85150000, "ebitda": 693089000, "ebitdaratio": 0.295572063199, "operatingIncome": 607939000, "operatingIncomeRatio": 0.259259322438, "totalOtherIncomeExpensesNet": 0.0, "incomeBeforeTax": 603495000, "incomeBeforeTaxRatio": 0.257364151329, "incomeTaxExpense": 77071000, "netIncome": 526424000, "netIncomeRatio": 0.224496749764, "eps": 3.25, "epsdiluted": 2.84, "weightedAverageShsOut": 162222000, "weightedAverageShsOutDil": 183770000, "link": "https://www.sec.gov/Archives/edgar/data/707549/000070754917000100/0000707549-17-000100-index.htm", "finalLink": "https://www.sec.gov/Archives/edgar/data/707549/000070754917000100/lrcx_10kx2017xdocument.htm"}, {"date": "2017-03-26", "symbol": "LRCX", "fillingDate": "2017-04-24", "acceptedDate": "2017-04-24 16:27:41", "period": "Q3", "revenue": 2153995000, "costOfRevenue": 1182591000, "grossProfit": 971404000, "grossProfitRatio": 0.45097783421038584, "researchAndDevelopmentExpenses": 265986000, "generalAndAdministrativeExpenses": 167000000, "sellingAndMarketingExpenses": 0.0, "otherExpenses": -7838000.0, "operatingExpenses": 432986000, "costAndExpenses": 1615577000, "interestExpense": 24752000, "depreciationAndAmortization": 82378000, "ebitda": 620796000, "ebitdaratio": 0.288206797137, "operatingIncome": 538418000, "operatingIncomeRatio": 0.249962511519, "totalOtherIncomeExpensesNet": 0.0, "incomeBeforeTax": 530580000, "incomeBeforeTaxRatio": 0.246323691559, "incomeTaxExpense": 44133000, "netIncome": 574713000, "netIncomeRatio": 0.266812597058, "eps": 3.53, "epsdiluted": 3.12, "weightedAverageShsOut": 162225000, "weightedAverageShsOutDil": 182885000, "link": "https://www.sec.gov/Archives/edgar/data/707549/000070754917000056/0000707549-17-000056-index.htm", "finalLink": "https://www.sec.gov/Archives/edgar/data/707549/000070754917000056/lrcx_10qx3qx2017xdocument.htm"}, {"date": "2016-12-25", "symbol": "LRCX", "fillingDate": "2017-01-30", "acceptedDate": "2017-01-30 16:15:34", "period": "Q2", "revenue": 1882299000, "costOfRevenue": 1035502000, "grossProfit": 846797000, "grossProfitRatio": 0.4498737979460224, "researchAndDevelopmentExpenses": 246804000, "generalAndAdministrativeExpenses": 160165000, "sellingAndMarketingExpenses": 0.0, "otherExpenses": -55023000, "operatingExpenses": 406969000, "costAndExpenses": 1442471000, "interestExpense": 26641000, "depreciationAndAmortization": 83267000, "ebitda": 523095000, "ebitdaratio": 0.277902182384, "operatingIncome": 439828000, "operatingIncomeRatio": 0.233665320972, "totalOtherIncomeExpensesNet": 0.0, "incomeBeforeTax": 384805000, "incomeBeforeTaxRatio": 0.204433514548, "incomeTaxExpense": 52014000, "netIncome": 332791000, "netIncomeRatio": 0.176800285183, "eps": 2.05, "epsdiluted": 1.81, "weightedAverageShsOut": 161633000, "weightedAverageShsOutDil": 181780000, "link": "https://www.sec.gov/Archives/edgar/data/707549/000070754917000010/0000707549-17-000010-index.htm", "finalLink": "https://www.sec.gov/Archives/edgar/data/707549/000070754917000010/lrcx_10qx2qx2017xdocument.htm"}, {"date": "2016-09-25", "symbol": "LRCX", "fillingDate": "2016-10-25", "acceptedDate": "2016-10-24 19:57:45", "period": "Q1", "revenue": 1632419000, "costOfRevenue": 916222000, "grossProfit": 716197000, "grossProfitRatio": 0.43873356044005857, "researchAndDevelopmentExpenses": 235240000, "generalAndAdministrativeExpenses": 165010000, "sellingAndMarketingExpenses": 0.0, "otherExpenses": -23154000, "operatingExpenses": 400250000, "costAndExpenses": 1316472000, "interestExpense": 41429000, "depreciationAndAmortization": 81392000, "ebitda": 397339000, "ebitdaratio": 0.243405032654, "operatingIncome": 315947000, "operatingIncomeRatio": 0.193545284636, "totalOtherIncomeExpensesNet": 0.0, "incomeBeforeTax": 292793000, "incomeBeforeTaxRatio": 0.179361426202, "incomeTaxExpense": 28958000, "netIncome": 263835000, "netIncomeRatio": 0.161622108049, "eps": 1.64, "epsdiluted": 1.47, "weightedAverageShsOut": 160607000, "weightedAverageShsOutDil": 180017000, "link": "https://www.sec.gov/Archives/edgar/data/707549/000070754916000085/0000707549-16-000085-index.htm", "finalLink": "https://www.sec.gov/Archives/edgar/data/707549/000070754916000085/lrcx_10qx1qx2017xdocument.htm"}, {"date": "2016-06-26", "symbol": "LRCX", "fillingDate": "2016-08-17", "acceptedDate": "2016-08-16 19:26:13", "period": "FY", "revenue": 1546261000, "costOfRevenue": 847477000, "grossProfit": 698784000, "grossProfitRatio": 0.45191853121820963, "researchAndDevelopmentExpenses": 237255000, "generalAndAdministrativeExpenses": 152288000, "sellingAndMarketingExpenses": 0.0, "otherExpenses": -27249000, "operatingExpenses": 389543000, "costAndExpenses": 1237020000, "interestExpense": 33479000, "depreciationAndAmortization": 89560000, "ebitda": 398801000, "ebitdaratio": 0.257913120747, "operatingIncome": 309241000, "operatingIncomeRatio": 0.199992756721, "totalOtherIncomeExpensesNet": 0.0, "incomeBeforeTax": 281992000, "incomeBeforeTaxRatio": 0.182370246679, "incomeTaxExpense": 23053000, "netIncome": 258939000, "netIncomeRatio": 0.167461379418, "eps": 1.62, "epsdiluted": 1.46, "weightedAverageShsOut": 158919000, "weightedAverageShsOutDil": 175159000, "link": "https://www.sec.gov/Archives/edgar/data/707549/000070754916000050/0000707549-16-000050-index.htm", "finalLink": "https://www.sec.gov/Archives/edgar/data/707549/000070754916000050/lrcx_10kx2016xdocument.htm"}, {"date": "2016-03-27", "symbol": "LRCX", "fillingDate": "2016-04-25", "acceptedDate": "2016-04-25 16:14:26", "period": "Q3", "revenue": 1314055000, "costOfRevenue": 742790000, "grossProfit": 571265000, "grossProfitRatio": 0.43473446697436563, "researchAndDevelopmentExpenses": 221494000, "generalAndAdministrativeExpenses": 159018000, "sellingAndMarketingExpenses": 0.0, "otherExpenses": -29834000, "operatingExpenses": 380512000, "costAndExpenses": 1123302000, "interestExpense": 38056000, "depreciationAndAmortization": 96122000, "ebitda": 286875000, "ebitdaratio": 0.218312779906, "operatingIncome": 190753000, "operatingIncomeRatio": 0.145163634703, "totalOtherIncomeExpensesNet": 0.0, "incomeBeforeTax": 160919000, "incomeBeforeTaxRatio": 0.122459866596, "incomeTaxExpense": 17468000, "netIncome": 143451000, "netIncomeRatio": 0.109166663496, "eps": 0.9, "epsdiluted": 0.82, "weightedAverageShsOut": 158605000, "weightedAverageShsOutDil": 174329000, "link": "https://www.sec.gov/Archives/edgar/data/707549/000070754916000014/0000707549-16-000014-index.htm", "finalLink": "https://www.sec.gov/Archives/edgar/data/707549/000070754916000014/lrcx_10qx3qxdocument.htm"}, {"date": "2015-12-27", "symbol": "LRCX", "fillingDate": "2016-02-03", "acceptedDate": "2016-02-03 16:18:11", "period": "Q2", "revenue": 1425534000, "costOfRevenue": 799024000, "grossProfit": 626510000, "grossProfitRatio": 0.4394914467140033, "researchAndDevelopmentExpenses": 220754000, "generalAndAdministrativeExpenses": 166922000, "sellingAndMarketingExpenses": 0.0, "otherExpenses": -29935000, "operatingExpenses": 387676000, "costAndExpenses": 1186700000, "interestExpense": 38577000, "depreciationAndAmortization": 95447000, "ebitda": 334281000, "ebitdaratio": 0.234495283873, "operatingIncome": 238834000, "operatingIncomeRatio": 0.167540023598, "totalOtherIncomeExpensesNet": 0.0, "incomeBeforeTax": 208899000, "incomeBeforeTaxRatio": 0.146540875209, "incomeTaxExpense": 14081000, "netIncome": 222980000, "netIncomeRatio": 0.156418577179, "eps": 1.41, "epsdiluted": 1.28, "weightedAverageShsOut": 158388000, "weightedAverageShsOutDil": 174308000, "link": "https://www.sec.gov/Archives/edgar/data/707549/000162828016010687/0001628280-16-010687-index.htm", "finalLink": "https://www.sec.gov/Archives/edgar/data/707549/000162828016010687/lrcx_10qx2qxdocument.htm"}, {"date": "2015-09-27", "symbol": "LRCX", "fillingDate": "2015-11-03", "acceptedDate": "2015-11-03 16:46:41", "period": "Q1", "revenue": 1600043000, "costOfRevenue": 877680000, "grossProfit": 722363000, "grossProfitRatio": 0.45146474188506186, "researchAndDevelopmentExpenses": 234209000, "generalAndAdministrativeExpenses": 152726000, "sellingAndMarketingExpenses": 0.0, "otherExpenses": -27121000, "operatingExpenses": 386935000, "costAndExpenses": 1264615000, "interestExpense": 24661000, "depreciationAndAmortization": 80421000, "ebitda": 415849000, "ebitdaratio": 0.259898640224, "operatingIncome": 335428000, "operatingIncomeRatio": 0.209636866009, "totalOtherIncomeExpensesNet": 0.0, "incomeBeforeTax": 308307000, "incomeBeforeTaxRatio": 0.192686696545, "incomeTaxExpense": 19628000, "netIncome": 288679000, "netIncomeRatio": 0.180419526225, "eps": 1.82, "epsdiluted": 1.66, "weightedAverageShsOut": 158352000, "weightedAverageShsOutDil": 174374000, "link": "https://www.sec.gov/Archives/edgar/data/707549/000119312515364406/0001193125-15-364406-index.htm", "finalLink": "https://www.sec.gov/Archives/edgar/data/707549/000119312515364406/d15431d10q.htm"}, {"date": "2015-06-28", "symbol": "LRCX", "fillingDate": "2015-08-13", "acceptedDate": "2015-08-13 16:16:15", "period": "FY", "revenue": 1481370000, "costOfRevenue": 839832000, "grossProfit": 641538000, "grossProfitRatio": 0.43307073857307765, "researchAndDevelopmentExpenses": 221675000, "generalAndAdministrativeExpenses": 149384000, "sellingAndMarketingExpenses": 0.0, "otherExpenses": 79444000, "operatingExpenses": 450503000, "costAndExpenses": 1290335000, "interestExpense": 24553000, "depreciationAndAmortization": 81860000, "ebitda": 272895000, "ebitdaratio": 0.184217987404, "operatingIncome": 191035000, "operatingIncomeRatio": 0.128958329114, "totalOtherIncomeExpensesNet": 0.0, "incomeBeforeTax": 170682000, "incomeBeforeTaxRatio": 0.11521902023127241, "incomeTaxExpense": 39411000, "netIncome": 131271000, "netIncomeRatio": 0.0886145932481, "eps": 0.83, "epsdiluted": 0.74, "weightedAverageShsOut": 159629000, "weightedAverageShsOutDil": 177067000, "link": "https://www.sec.gov/Archives/edgar/data/707549/000119312515290023/0001193125-15-290023-index.htm", "finalLink": "https://www.sec.gov/Archives/edgar/data/707549/000119312515290023/d937085d10k.htm"}, {"date": "2015-03-29", "symbol": "LRCX", "fillingDate": "2015-04-30", "acceptedDate": "2015-04-30 16:18:11", "period": "Q3", "revenue": 1393333000, "costOfRevenue": 792731000, "grossProfit": 600602000, "grossProfitRatio": 0.43105417010865316, "researchAndDevelopmentExpenses": 217865000, "generalAndAdministrativeExpenses": 142772000, "sellingAndMarketingExpenses": 0.0, "otherExpenses": -11389000, "operatingExpenses": 360637000, "costAndExpenses": 1153368000, "interestExpense": 17628000, "depreciationAndAmortization": 79071000, "ebitda": 319036000, "ebitdaratio": 0.22897326052, "operatingIncome": 239965000, "operatingIncomeRatio": 0.172223725412, "totalOtherIncomeExpensesNet": 0.0, "incomeBeforeTax": 228576000, "incomeBeforeTaxRatio": 0.164049800012, "incomeTaxExpense": 22291000, "netIncome": 206285000, "netIncomeRatio": 0.148051470826, "eps": 1.3, "epsdiluted": 1.16, "weightedAverageShsOut": 159975000, "weightedAverageShsOutDil": 177231000, "link": "https://www.sec.gov/Archives/edgar/data/707549/000119312515161955/0001193125-15-161955-index.htm", "finalLink": "https://www.sec.gov/Archives/edgar/data/707549/000119312515161955/d892728d10q.htm"}, {"date": "2014-12-28", "symbol": "LRCX", "fillingDate": "2015-02-03", "acceptedDate": "2015-02-03 16:02:36", "period": "Q2", "revenue": 1232241000, "costOfRevenue": 695584000, "grossProfit": 536657000, "grossProfitRatio": 0.43551302058607044, "researchAndDevelopmentExpenses": 196768000, "generalAndAdministrativeExpenses": 151148000, "sellingAndMarketingExpenses": 0.0, "otherExpenses": -9799000.0, "operatingExpenses": 347916000, "costAndExpenses": 1043500000, "interestExpense": 15797000, "depreciationAndAmortization": 78145000, "ebitda": 266886000, "ebitdaratio": 0.216585878899, "operatingIncome": 188741000, "operatingIncomeRatio": 0.153168901213, "totalOtherIncomeExpensesNet": 0.0, "incomeBeforeTax": 178942000, "incomeBeforeTaxRatio": 0.145216723027, "incomeTaxExpense": 2002000.0, "netIncome": 176940000, "netIncomeRatio": 0.143592040843, "eps": 1.11, "epsdiluted": 1.0, "weightedAverageShsOut": 160467000, "weightedAverageShsOutDil": 177082000, "link": "https://www.sec.gov/Archives/edgar/data/707549/000119312515031451/0001193125-15-031451-index.htm", "finalLink": "https://www.sec.gov/Archives/edgar/data/707549/000119312515031451/d819463d10q.htm"}, {"date": "2014-09-28", "symbol": "LRCX", "fillingDate": "2014-11-03", "acceptedDate": "2014-11-03 16:03:39", "period": "Q1", "revenue": 1152368000, "costOfRevenue": 646829000, "grossProfit": 505539000, "grossProfitRatio": 0.4386957985643475, "researchAndDevelopmentExpenses": 188934000, "generalAndAdministrativeExpenses": 148307000, "sellingAndMarketingExpenses": 0.0, "otherExpenses": -5648000.0, "operatingExpenses": 337241000, "costAndExpenses": 984070000, "interestExpense": 15704000, "depreciationAndAmortization": 76394000, "ebitda": 244692000, "ebitdaratio": 0.212338419671, "operatingIncome": 168298000, "operatingIncomeRatio": 0.14604536051, "totalOtherIncomeExpensesNet": 0.0, "incomeBeforeTax": 162650000, "incomeBeforeTaxRatio": 0.14114414839703984, "incomeTaxExpense": 21569000, "netIncome": 141081000, "netIncomeRatio": 0.122427037196, "eps": 0.87, "epsdiluted": 0.8, "weightedAverageShsOut": 161685000, "weightedAverageShsOutDil": 177118000, "link": "https://www.sec.gov/Archives/edgar/data/707549/000119312514394018/0001193125-14-394018-index.htm", "finalLink": "https://www.sec.gov/Archives/edgar/data/707549/000119312514394018/d789413d10q.htm"}, {"date": "2014-06-29", "symbol": "LRCX", "fillingDate": "2014-08-26", "acceptedDate": "2014-08-26 17:02:02", "period": "FY", "revenue": 1248797000, "costOfRevenue": 691761000, "grossProfit": 557036000, "grossProfitRatio": 0.4460580863022573, "researchAndDevelopmentExpenses": 185449000, "generalAndAdministrativeExpenses": 155737000, "sellingAndMarketingExpenses": 0.0, "otherExpenses": -9442000.0, "operatingExpenses": 341186000, "costAndExpenses": 1032947000, "interestExpense": 15472000, "depreciationAndAmortization": 79526000, "ebitda": 295376000, "ebitdaratio": 0.236528434966, "operatingIncome": 215850000, "operatingIncomeRatio": 0.172846347325, "totalOtherIncomeExpensesNet": 0.0, "incomeBeforeTax": 289498000, "incomeBeforeTaxRatio": 0.23182150501642781, "incomeTaxExpense": 56103000, "netIncome": 233395000, "netIncomeRatio": 0.186895868584, "eps": 1.38, "epsdiluted": 1.29, "weightedAverageShsOut": 164741000, "weightedAverageShsOutDil": 174503000, "link": "https://www.sec.gov/Archives/edgar/data/707549/000119312514321759/0001193125-14-321759-index.htm", "finalLink": "https://www.sec.gov/Archives/edgar/data/707549/000119312514321759/d741932d10k.htm"}, {"date": "2014-03-30", "symbol": "LRCX", "fillingDate": "2014-05-08", "acceptedDate": "2014-05-08 16:14:45", "period": "Q3", "revenue": 1227392000, "costOfRevenue": 696594000, "grossProfit": 530798000, "grossProfitRatio": 0.43246004536448013, "researchAndDevelopmentExpenses": 185978000, "generalAndAdministrativeExpenses": 152883000, "sellingAndMarketingExpenses": 0.0, "otherExpenses": -9855000.0, "operatingExpenses": 338861000, "costAndExpenses": 1035455000, "interestExpense": 15621000, "depreciationAndAmortization": 81569000, "ebitda": 273506000, "ebitdaratio": 0.222835084472, "operatingIncome": 191937000, "operatingIncomeRatio": 0.156377913495, "totalOtherIncomeExpensesNet": 0.0, "incomeBeforeTax": 182082000, "incomeBeforeTaxRatio": 0.148348693816, "incomeTaxExpense": 17686000, "netIncome": 164396000, "netIncomeRatio": 0.133939279383, "eps": 1.02, "epsdiluted": 0.96, "weightedAverageShsOut": 161904000, "weightedAverageShsOutDil": 171051000, "link": "https://www.sec.gov/Archives/edgar/data/707549/000119312514190001/0001193125-14-190001-index.htm", "finalLink": "https://www.sec.gov/Archives/edgar/data/707549/000119312514190001/d696529d10q.htm"}, {"date": "2013-12-29", "symbol": "LRCX", "fillingDate": "2014-02-06", "acceptedDate": "2014-02-06 16:11:34", "period": "Q2", "revenue": 1116061000, "costOfRevenue": 628272000, "grossProfit": 487789000, "grossProfitRatio": 0.43706302791693286, "researchAndDevelopmentExpenses": 174477000, "generalAndAdministrativeExpenses": 148838000, "sellingAndMarketingExpenses": 0.0, "otherExpenses": -3837000.0, "operatingExpenses": 323315000, "costAndExpenses": 951587000, "interestExpense": 15297000, "depreciationAndAmortization": 81769000, "ebitda": 246243000, "ebitdaratio": 0.220635789621, "operatingIncome": 164474000, "operatingIncomeRatio": 0.147370081026, "totalOtherIncomeExpensesNet": 0.0, "incomeBeforeTax": 160637000, "incomeBeforeTaxRatio": 0.143932096902, "incomeTaxExpense": 11645000, "netIncome": 148992000, "netIncomeRatio": 0.133498079406, "eps": 0.92, "epsdiluted": 0.87, "weightedAverageShsOut": 162603000, "weightedAverageShsOutDil": 171592000, "link": "https://www.sec.gov/Archives/edgar/data/707549/000119312514038822/0001193125-14-038822-index.htm", "finalLink": "https://www.sec.gov/Archives/edgar/data/707549/000119312514038822/d643492d10q.htm"}, {"date": "2013-09-29", "symbol": "LRCX", "fillingDate": "2013-11-07", "acceptedDate": "2013-11-07 16:09:27", "period": "Q1", "revenue": 1015059000, "costOfRevenue": 583201000, "grossProfit": 431858000, "grossProfitRatio": 0.4254511314120657, "researchAndDevelopmentExpenses": 170567000, "generalAndAdministrativeExpenses": 155883000, "sellingAndMarketingExpenses": 0.0, "otherExpenses": -14262000, "operatingExpenses": 326450000, "costAndExpenses": 909651000, "interestExpense": 15302000, "depreciationAndAmortization": 82453000, "ebitda": 187861000, "ebitdaratio": 0.18507397107, "operatingIncome": 105408000, "operatingIncomeRatio": 0.103844210041, "totalOtherIncomeExpensesNet": 0.0, "incomeBeforeTax": 91146000, "incomeBeforeTaxRatio": 0.08979379523751821, "incomeTaxExpense": 5640000.0, "netIncome": 85506000, "netIncomeRatio": 0.0842374679698, "eps": 0.52, "epsdiluted": 0.5, "weightedAverageShsOut": 162896000, "weightedAverageShsOutDil": 171363000, "link": "https://www.sec.gov/Archives/edgar/data/707549/000119312513432804/0001193125-13-432804-index.htm", "finalLink": "https://www.sec.gov/Archives/edgar/data/707549/000119312513432804/d603827d10q.htm"}, {"date": "2013-06-30", "symbol": "LRCX", "fillingDate": "2013-08-27", "acceptedDate": "2013-08-27 16:11:24", "period": "FY", "revenue": 986214000, "costOfRevenue": 572287000, "grossProfit": 413927000, "grossProfitRatio": 0.41971316570237294, "researchAndDevelopmentExpenses": 180220000, "generalAndAdministrativeExpenses": 146417000, "sellingAndMarketingExpenses": 0.0, "otherExpenses": 792000.0, "operatingExpenses": 327429000, "costAndExpenses": 899716000, "interestExpense": 15114000, "depreciationAndAmortization": 84079000, "ebitda": 170577000, "ebitdaratio": 0.172961446501, "operatingIncome": 86498000, "operatingIncomeRatio": 0.0877071305011, "totalOtherIncomeExpensesNet": 0.0, "incomeBeforeTax": 74247000, "incomeBeforeTaxRatio": 0.07528487731871582, "incomeTaxExpense": -11460000, "netIncome": 85707000, "netIncomeRatio": 0.0869050733411, "eps": 0.51, "epsdiluted": 0.5, "weightedAverageShsOut": 168932000, "weightedAverageShsOutDil": 173430000, "link": "https://www.sec.gov/Archives/edgar/data/707549/000119312513348269/0001193125-13-348269-index.htm", "finalLink": "https://www.sec.gov/Archives/edgar/data/707549/000119312513348269/d556924d10k.htm"}, {"date": "2013-03-31", "symbol": "LRCX", "fillingDate": "2013-05-09", "acceptedDate": "2013-05-09 16:55:36", "period": "Q3", "revenue": 844928000, "costOfRevenue": 505096000, "grossProfit": 339832000, "grossProfitRatio": 0.4022023178306317, "researchAndDevelopmentExpenses": 174206000, "generalAndAdministrativeExpenses": 154807000, "sellingAndMarketingExpenses": 0.0, "otherExpenses": 0.0, "operatingExpenses": 329013000, "costAndExpenses": 834109000, "interestExpense": 15175000, "depreciationAndAmortization": 82796000, "ebitda": 93615000, "ebitdaratio": 0.11079642289, "operatingIncome": 10819000, "operatingIncomeRatio": 0.0128046413422, "totalOtherIncomeExpensesNet": 0.0, "incomeBeforeTax": -5015000.0, "incomeBeforeTaxRatio": -0.005935416982275413, "incomeTaxExpense": -24011000, "netIncome": 18996000, "netIncomeRatio": 0.022482389032, "eps": 0.11, "epsdiluted": 0.11, "weightedAverageShsOut": 171016000, "weightedAverageShsOutDil": 174306000, "link": "https://www.sec.gov/Archives/edgar/data/707549/000119312513211314/0001193125-13-211314-index.htm", "finalLink": "https://www.sec.gov/Archives/edgar/data/707549/000119312513211314/d508952d10q.htm"}, {"date": "2012-12-23", "symbol": "LRCX", "fillingDate": "2013-01-31", "acceptedDate": "2013-01-31 16:22:26", "period": "Q2", "revenue": 860886000, "costOfRevenue": 545472000, "grossProfit": 315414000, "grossProfitRatio": 0.3663830054153512, "researchAndDevelopmentExpenses": 165951000, "generalAndAdministrativeExpenses": 144400000, "sellingAndMarketingExpenses": 0.0, "otherExpenses": 1021000.0, "operatingExpenses": 311372000, "costAndExpenses": 856844000, "interestExpense": 14975000, "depreciationAndAmortization": 86231000, "ebitda": 90273000, "ebitdaratio": 0.104860573874, "operatingIncome": 4042000.0, "operatingIncomeRatio": 0.00469516289032, "totalOtherIncomeExpensesNet": 0.0, "incomeBeforeTax": -9348000.0, "incomeBeforeTaxRatio": -0.010858580578613197, "incomeTaxExpense": -15756000, "netIncome": 6408000.0, "netIncomeRatio": 0.00744349426056, "eps": 0.03, "epsdiluted": 0.03, "weightedAverageShsOut": 175314000, "weightedAverageShsOutDil": 177490000, "link": "https://www.sec.gov/Archives/edgar/data/707549/000119312513032553/0001193125-13-032553-index.htm", "finalLink": "https://www.sec.gov/Archives/edgar/data/707549/000119312513032553/d445167d10q.htm"}, {"date": "2012-09-23", "symbol": "LRCX", "fillingDate": "2012-11-01", "acceptedDate": "2012-11-01 16:47:32", "period": "Q1", "revenue": 906888000, "costOfRevenue": 573002000, "grossProfit": 333886000, "grossProfitRatio": 0.36816674164836233, "researchAndDevelopmentExpenses": 163311000, "generalAndAdministrativeExpenses": 153863000, "sellingAndMarketingExpenses": 0.0, "otherExpenses": -9938000.0, "operatingExpenses": 317174000, "costAndExpenses": 890176000, "interestExpense": 15144000, "depreciationAndAmortization": 82568000, "ebitda": 99280000, "ebitdaratio": 0.109473275642, "operatingIncome": 16712000, "operatingIncomeRatio": 0.0184278543767, "totalOtherIncomeExpensesNet": 0.0, "incomeBeforeTax": 6774000.0, "incomeBeforeTaxRatio": 0.00746950009262, "incomeTaxExpense": 4006000.0, "netIncome": 2768000.0, "netIncomeRatio": 0.00305219608154, "eps": 0.02, "epsdiluted": 0.02, "weightedAverageShsOut": 179928000, "weightedAverageShsOutDil": 181926000, "link": "https://www.sec.gov/Archives/edgar/data/707549/000119312512446748/0001193125-12-446748-index.htm", "finalLink": "https://www.sec.gov/Archives/edgar/data/707549/000119312512446748/d413418d10q.htm"}, {"date": "2012-06-24", "symbol": "LRCX", "fillingDate": "2012-08-22", "acceptedDate": "2012-08-22 17:01:37", "period": "FY", "revenue": 741814000, "costOfRevenue": 443601000, "grossProfit": 298213000, "grossProfitRatio": 0.40200508483258607, "researchAndDevelopmentExpenses": 124528000, "generalAndAdministrativeExpenses": 141015000, "sellingAndMarketingExpenses": 0.0, "otherExpenses": -320031000, "operatingExpenses": 265543000, "costAndExpenses": 709144000, "interestExpense": 10934000, "depreciationAndAmortization": 41590000, "ebitda": 74260000, "ebitdaratio": 0.10010595648, "operatingIncome": 32670000, "operatingIncomeRatio": 0.0440406894451, "totalOtherIncomeExpensesNet": 23426000, "incomeBeforeTax": 22781000, "incomeBeforeTaxRatio": 0.0307098544918, "incomeTaxExpense": 4712000.0, "netIncome": 18069000, "netIncomeRatio": 0.0243578578997, "eps": 0.11, "epsdiluted": 0.11, "weightedAverageShsOut": 124176000, "weightedAverageShsOutDil": 125233000, "link": "https://www.sec.gov/Archives/edgar/data/707549/000119312512365446/0001193125-12-365446-index.htm", "finalLink": "https://www.sec.gov/Archives/edgar/data/707549/000119312512365446/d365655d10k.htm"}, {"date": "2012-03-25", "symbol": "LRCX", "fillingDate": "2012-05-03", "acceptedDate": "2012-05-03 16:08:16", "period": "Q3", "revenue": 658961000, "costOfRevenue": 391814000, "grossProfit": 267147000, "grossProfitRatio": 0.4054063897559947, "researchAndDevelopmentExpenses": 113448000, "generalAndAdministrativeExpenses": 95581000, "sellingAndMarketingExpenses": 0.0, "otherExpenses": 320031000, "operatingExpenses": 209029000, "costAndExpenses": 600843000, "interestExpense": 9422000.0, "depreciationAndAmortization": 29267000, "ebitda": 87385000, "ebitdaratio": 0.132610275874, "operatingIncome": 58118000, "operatingIncomeRatio": 0.0881964183009, "totalOtherIncomeExpensesNet": -3568000.0, "incomeBeforeTax": 54550000, "incomeBeforeTaxRatio": 0.0827818338263, "incomeTaxExpense": 8946000.0, "netIncome": 45604000, "netIncomeRatio": 0.0692059165869, "eps": 0.38, "epsdiluted": 0.38, "weightedAverageShsOut": 120904000, "weightedAverageShsOutDil": 121830000, "link": "https://www.sec.gov/Archives/edgar/data/707549/000119312512208438/0001193125-12-208438-index.htm", "finalLink": "https://www.sec.gov/Archives/edgar/data/707549/000119312512208438/d316295d10q.htm"}, {"date": "2011-12-25", "symbol": "LRCX", "fillingDate": "2012-02-03", "acceptedDate": "2012-02-03 16:07:18", "period": "Q2", "revenue": 583981000, "costOfRevenue": 349155000, "grossProfit": 234826000, "grossProfitRatio": 0.40211239749238414, "researchAndDevelopmentExpenses": 104024000, "generalAndAdministrativeExpenses": 83256000, "sellingAndMarketingExpenses": 0.0, "otherExpenses": 0.0, "operatingExpenses": 187280000, "costAndExpenses": 536435000, "interestExpense": 9346000.0, "depreciationAndAmortization": 29043000, "ebitda": 76589000, "ebitdaratio": 0.131149814806, "operatingIncome": 47546000, "operatingIncomeRatio": 0.0814170324035, "totalOtherIncomeExpensesNet": -19858000, "incomeBeforeTax": 39761000, "incomeBeforeTaxRatio": 0.0680861192402, "incomeTaxExpense": 6549000.0, "netIncome": 33212000, "netIncomeRatio": 0.056871713292, "eps": 0.29, "epsdiluted": 0.28, "weightedAverageShsOut": 121435000, "weightedAverageShsOutDil": 122382000, "link": "https://www.sec.gov/Archives/edgar/data/707549/000119312512038815/0001193125-12-038815-index.htm", "finalLink": "https://www.sec.gov/Archives/edgar/data/707549/000119312512038815/d260189d10q.htm"}, {"date": "2011-09-25", "symbol": "LRCX", "fillingDate": "2011-11-03", "acceptedDate": "2011-11-03 16:32:21", "period": "Q1", "revenue": 680436000, "costOfRevenue": 396553000, "grossProfit": 283883000, "grossProfitRatio": 0.41720749636997456, "researchAndDevelopmentExpenses": 102559000, "generalAndAdministrativeExpenses": 80200000, "sellingAndMarketingExpenses": 0.0, "otherExpenses": 1725000.0, "operatingExpenses": 184484000, "costAndExpenses": 581037000, "interestExpense": 9260000.0, "depreciationAndAmortization": 27953000, "ebitda": 127352000, "ebitdaratio": 0.187162348847, "operatingIncome": 99399000, "operatingIncomeRatio": 0.146081336085, "totalOtherIncomeExpensesNet": 0.0, "incomeBeforeTax": 87326000, "incomeBeforeTaxRatio": 0.128338300737, "incomeTaxExpense": 15488000, "netIncome": 71838000, "netIncomeRatio": 0.105576424528, "eps": 0.58, "epsdiluted": 0.58, "weightedAverageShsOut": 123130000, "weightedAverageShsOutDil": 124049000, "link": "https://www.sec.gov/Archives/edgar/data/707549/000119312511295210/0001193125-11-295210-index.htm", "finalLink": "https://www.sec.gov/Archives/edgar/data/707549/000119312511295210/d227033d10q.htm"}, {"date": "2011-06-26", "symbol": "LRCX", "fillingDate": "2011-08-19", "acceptedDate": "2011-08-19 17:10:36", "period": "FY", "revenue": 752018000, "costOfRevenue": 413564000, "grossProfit": 338454000, "grossProfitRatio": 0.4500610357730799, "researchAndDevelopmentExpenses": 99583000, "generalAndAdministrativeExpenses": 79938000, "sellingAndMarketingExpenses": 0.0, "otherExpenses": 11579000, "operatingExpenses": 191100000, "costAndExpenses": 604664000, "interestExpense": 5380000.0, "depreciationAndAmortization": 23526000, "ebitda": 165717000, "ebitdaratio": 0.220363076416, "operatingIncome": 142191000, "operatingIncomeRatio": 0.189079250763, "totalOtherIncomeExpensesNet": -1722000.0, "incomeBeforeTax": 137060000, "incomeBeforeTaxRatio": 0.182256275781, "incomeTaxExpense": 11132000, "netIncome": 125928000, "netIncomeRatio": 0.167453438615, "eps": 1.02, "epsdiluted": 1.01, "weightedAverageShsOut": 123529000, "weightedAverageShsOutDil": 125019000, "link": "https://www.sec.gov/Archives/edgar/data/707549/000119312511227691/0001193125-11-227691-index.htm", "finalLink": "https://www.sec.gov/Archives/edgar/data/707549/000119312511227691/d10k.htm"}, {"date": "2011-03-27", "symbol": "LRCX", "fillingDate": "2011-05-03", "acceptedDate": "2011-05-03 16:05:18", "period": "Q3", "revenue": 809087000, "costOfRevenue": 435068000, "grossProfit": 374019000, "grossProfitRatio": 0.46227290761067724, "researchAndDevelopmentExpenses": 96880000, "generalAndAdministrativeExpenses": 80143000, "sellingAndMarketingExpenses": 0.0, "otherExpenses": -59000.0, "operatingExpenses": 177023000, "costAndExpenses": 612091000, "interestExpense": 0.0, "depreciationAndAmortization": 18176000, "ebitda": 215172000, "ebitdaratio": 0.265944206247, "operatingIncome": 196996000, "operatingIncomeRatio": 0.243479378608, "totalOtherIncomeExpensesNet": 1663000.0, "incomeBeforeTax": 198659000, "incomeBeforeTaxRatio": 0.245534781797, "incomeTaxExpense": 16419000, "netIncome": 182240000, "netIncomeRatio": 0.225241537684, "eps": 1.47, "epsdiluted": 1.46, "weightedAverageShsOut": 123482000, "weightedAverageShsOutDil": 125097000, "link": "https://www.sec.gov/Archives/edgar/data/707549/000119312511123917/0001193125-11-123917-index.htm", "finalLink": "https://www.sec.gov/Archives/edgar/data/707549/000119312511123917/d10q.htm"}, {"date": "2010-12-26", "symbol": "LRCX", "fillingDate": "2011-02-03", "acceptedDate": "2011-02-03 15:39:21", "period": "Q2", "revenue": 870714000, "costOfRevenue": 463281000, "grossProfit": 407433000, "grossProfitRatio": 0.467929767983517, "researchAndDevelopmentExpenses": 90477000, "generalAndAdministrativeExpenses": 75852000, "sellingAndMarketingExpenses": 0.0, "otherExpenses": 1038000.0, "operatingExpenses": 166329000, "costAndExpenses": 629610000, "interestExpense": 0.0, "depreciationAndAmortization": 18663000, "ebitda": 259767000, "ebitdaratio": 0.298337915779, "operatingIncome": 241104000, "operatingIncomeRatio": 0.276903782413, "totalOtherIncomeExpensesNet": 59000.0, "incomeBeforeTax": 242142000, "incomeBeforeTaxRatio": 0.278095907497, "incomeTaxExpense": 20286000, "netIncome": 221856000, "netIncomeRatio": 0.254797786644, "eps": 1.8, "epsdiluted": 1.77, "weightedAverageShsOut": 123384000, "weightedAverageShsOutDil": 124999000, "link": "https://www.sec.gov/Archives/edgar/data/707549/000119312511023102/0001193125-11-023102-index.htm", "finalLink": "https://www.sec.gov/Archives/edgar/data/707549/000119312511023102/d10q.htm"}, {"date": "2010-09-26", "symbol": "LRCX", "fillingDate": "2010-11-03", "acceptedDate": "2010-11-03 16:36:09", "period": "Q1", "revenue": 805874000, "costOfRevenue": 428548000, "grossProfit": 377326000, "grossProfitRatio": 0.4682195976045883, "researchAndDevelopmentExpenses": 86353000, "generalAndAdministrativeExpenses": 72142000, "sellingAndMarketingExpenses": 0.0, "otherExpenses": -979000.0, "operatingExpenses": 158495000, "costAndExpenses": 587043000, "interestExpense": 0.0, "depreciationAndAmortization": 17948000, "ebitda": 241942000, "ebitdaratio": 0.300223111802, "operatingIncome": 223994000, "operatingIncomeRatio": 0.277951640083, "totalOtherIncomeExpensesNet": 0.0, "incomeBeforeTax": 223015000, "incomeBeforeTaxRatio": 0.276736809973, "incomeTaxExpense": 29291000, "netIncome": 193724000, "netIncomeRatio": 0.240389936888, "eps": 1.57, "epsdiluted": 1.55, "weightedAverageShsOut": 123665000, "weightedAverageShsOutDil": 125202000, "link": "https://www.sec.gov/Archives/edgar/data/707549/000119312510246215/0001193125-10-246215-index.htm", "finalLink": "https://www.sec.gov/Archives/edgar/data/707549/000119312510246215/d10q.htm"}, {"date": "2010-06-27", "symbol": "LRCX", "fillingDate": "2010-08-23", "acceptedDate": "2010-08-20 18:37:58", "period": "FY", "revenue": 695289000, "costOfRevenue": 370409000, "grossProfit": 324880000, "grossProfitRatio": 0.46725893836951254, "researchAndDevelopmentExpenses": 85644000, "generalAndAdministrativeExpenses": 66779000, "sellingAndMarketingExpenses": 0.0, "otherExpenses": 0.0, "operatingExpenses": 161373000, "costAndExpenses": 4352000.0, "interestExpense": -994000.0, "depreciationAndAmortization": 17664000, "ebitda": 173381000, "ebitdaratio": 0.24936537180942026, "operatingIncome": 155717000, "operatingIncomeRatio": 0.22396010867423474, "totalOtherIncomeExpensesNet": -1190000.0, "incomeBeforeTax": 159258000, "incomeBeforeTaxRatio": 0.22905295495829792, "incomeTaxExpense": 19261000, "netIncome": 139997000, "netIncomeRatio": 0.2013508052047422, "eps": 2.73, "epsdiluted": 2.71, "weightedAverageShsOut": 126933000, "weightedAverageShsOutDil": 128126000, "link": "https://www.sec.gov/Archives/edgar/data/707549/000119312510194304/0001193125-10-194304-index.htm", "finalLink": "https://www.sec.gov/Archives/edgar/data/707549/000119312510194304/d10k.htm"}, {"date": "2010-03-28", "symbol": "LRCX", "fillingDate": "2010-05-05", "acceptedDate": "2010-05-05 17:27:13", "period": "Q3", "revenue": 632763000, "costOfRevenue": 339892000, "grossProfit": 292871000, "grossProfitRatio": 0.46284469856802624, "researchAndDevelopmentExpenses": 81845000, "generalAndAdministrativeExpenses": 61933000, "sellingAndMarketingExpenses": 0.0, "otherExpenses": 426000.0, "operatingExpenses": 143778000, "costAndExpenses": 483670000, "interestExpense": 0.0, "depreciationAndAmortization": 17872000, "ebitda": 166965000, "ebitdaratio": 0.26386656615510073, "operatingIncome": 149093000, "operatingIncomeRatio": 0.23562218397725532, "totalOtherIncomeExpensesNet": 1616000.0, "incomeBeforeTax": 150709000, "incomeBeforeTaxRatio": 0.23817606275967462, "incomeTaxExpense": 30408000, "netIncome": 120301000, "netIncomeRatio": 0.19012015557167533, "eps": 1.63, "epsdiluted": 1.61, "weightedAverageShsOut": 127127000, "weightedAverageShsOutDil": 128368000, "link": "https://www.sec.gov/Archives/edgar/data/707549/000119312510109158/0001193125-10-109158-index.htm", "finalLink": "https://www.sec.gov/Archives/edgar/data/707549/000119312510109158/d10q.htm"}, {"date": "2009-12-27", "symbol": "LRCX", "fillingDate": "2010-02-05", "acceptedDate": "2010-02-04 18:25:52", "period": "Q2", "revenue": 487176000, "costOfRevenue": 268685000, "grossProfit": 218491000, "grossProfitRatio": 0.44848473652232457, "researchAndDevelopmentExpenses": 82171000, "generalAndAdministrativeExpenses": 60111000, "sellingAndMarketingExpenses": 0.0, "otherExpenses": -58000.0, "operatingExpenses": 131856000, "costAndExpenses": 405254000, "interestExpense": 0.0, "depreciationAndAmortization": 18184000, "ebitda": 109532000, "ebitdaratio": 0.22483045141796804, "operatingIncome": 91348000, "operatingIncomeRatio": 0.18750513161567894, "totalOtherIncomeExpensesNet": -58000.0, "incomeBeforeTax": 91290000, "incomeBeforeTaxRatio": 0.18738607813192767, "incomeTaxExpense": 21716000, "netIncome": 69574000, "netIncomeRatio": 0.14281081169844162, "eps": 0.68, "epsdiluted": 0.67, "weightedAverageShsOut": 127035000, "weightedAverageShsOutDil": 128389000, "link": "https://www.sec.gov/Archives/edgar/data/707549/000119312510022346/0001193125-10-022346-index.htm", "finalLink": "https://www.sec.gov/Archives/edgar/data/707549/000119312510022346/d10q.htm"}, {"date": "2009-09-27", "symbol": "LRCX", "fillingDate": "2009-11-06", "acceptedDate": "2009-11-05 18:49:44", "period": "Q1", "revenue": 318548000, "costOfRevenue": 187233000, "grossProfit": 131315000, "grossProfitRatio": 0.41222986802616873, "researchAndDevelopmentExpenses": 71199000, "generalAndAdministrativeExpenses": 52119000, "sellingAndMarketingExpenses": 0.0, "otherExpenses": -368000.0, "operatingExpenses": 107518000, "costAndExpenses": 300206000, "interestExpense": 0.0, "depreciationAndAmortization": 17681000, "ebitda": 46933000, "ebitdaratio": 0.1473341537225159, "operatingIncome": 29252000, "operatingIncomeRatio": 0.09182917488102264, "totalOtherIncomeExpensesNet": -368000.0, "incomeBeforeTax": 28884000, "incomeBeforeTaxRatio": 0.09067393297085526, "incomeTaxExpense": 12087000, "netIncome": 16797000, "netIncomeRatio": 0.05272988686163467, "eps": 0.13, "epsdiluted": 0.13, "weightedAverageShsOut": 126774000, "weightedAverageShsOutDil": 127890000, "link": "https://www.sec.gov/Archives/edgar/data/707549/000119312509225916/0001193125-09-225916-index.htm", "finalLink": "https://www.sec.gov/Archives/edgar/data/707549/000119312509225916/d10q.htm"}, {"date": "2009-06-28", "symbol": "LRCX", "fillingDate": "2009-08-27", "acceptedDate": "2009-08-26 20:12:00", "period": "FY", "revenue": 217764000, "costOfRevenue": 150007000, "grossProfit": 67757000, "grossProfitRatio": 0.31114876655461876, "researchAndDevelopmentExpenses": 67491000, "generalAndAdministrativeExpenses": 47248000, "sellingAndMarketingExpenses": 0.0, "otherExpenses": 18204000, "operatingExpenses": 132943000, "costAndExpenses": 282950000, "interestExpense": -6497000.0, "depreciationAndAmortization": 17694000, "ebitda": -47492000, "ebitdaratio": -0.21808930769089474, "operatingIncome": -65186000, "operatingIncomeRatio": -0.29934240737679324, "totalOtherIncomeExpensesNet": -15281000, "incomeBeforeTax": -62317000, "incomeBeforeTaxRatio": -0.28616759427637256, "incomeTaxExpense": 26173000, "netIncome": -88490000, "netIncomeRatio": -0.4063573409746331, "eps": -2.41, "epsdiluted": -2.41, "weightedAverageShsOut": 125595000, "weightedAverageShsOutDil": 125595000, "link": "https://www.sec.gov/Archives/edgar/data/707549/000119312509182356/0001193125-09-182356-index.htm", "finalLink": "https://www.sec.gov/Archives/edgar/data/707549/000119312509182356/d10k.htm"}, {"date": "2009-03-29", "symbol": "LRCX", "fillingDate": "2009-05-08", "acceptedDate": "2009-05-08 16:52:37", "period": "Q3", "revenue": 174412000, "costOfRevenue": 127680000, "grossProfit": 46732000, "grossProfitRatio": 0.2679402793385776, "researchAndDevelopmentExpenses": 70434000, "generalAndAdministrativeExpenses": 56911000, "sellingAndMarketingExpenses": 0.0, "otherExpenses": 104354000, "operatingExpenses": 231699000, "costAndExpenses": 359379000, "interestExpense": 0.0, "depreciationAndAmortization": 19650000, "ebitda": -175534000, "ebitdaratio": -1.0064330435979176, "operatingIncome": -195184000, "operatingIncomeRatio": -1.1190973098181318, "totalOtherIncomeExpensesNet": 13497000, "incomeBeforeTax": -181687000, "incomeBeforeTaxRatio": -1.0417115794784761, "incomeTaxExpense": 16672000, "netIncome": -198359000, "netIncomeRatio": -1.137301332477123, "eps": -1.7, "epsdiluted": -1.7, "weightedAverageShsOut": 125368000, "weightedAverageShsOutDil": 125368000, "link": "https://www.sec.gov/Archives/edgar/data/707549/000119312509105515/0001193125-09-105515-index.htm", "finalLink": "https://www.sec.gov/Archives/edgar/data/707549/000119312509105515/d10q.htm"}, {"date": "2008-12-28", "symbol": "LRCX", "fillingDate": "2009-02-06", "acceptedDate": "2009-02-06 16:55:21", "period": "Q2", "revenue": 283409000, "costOfRevenue": 174329000, "grossProfit": 109080000, "grossProfitRatio": 0.3848854482391173, "researchAndDevelopmentExpenses": 68781000, "generalAndAdministrativeExpenses": 59842000, "sellingAndMarketingExpenses": 0.0, "otherExpenses": 10121000, "operatingExpenses": 138744000, "costAndExpenses": 313073000, "interestExpense": 0.0, "depreciationAndAmortization": 17177000, "ebitda": -20215000, "ebitdaratio": -0.07132801004908101, "operatingIncome": -37392000, "operatingIncomeRatio": -0.13193652989142898, "totalOtherIncomeExpensesNet": -7233000.0, "incomeBeforeTax": -44625000, "incomeBeforeTaxRatio": -0.15745794946526045, "incomeTaxExpense": -20453000, "netIncome": -24172000, "netIncomeRatio": -0.08529016368569806, "eps": -0.12, "epsdiluted": -0.12, "weightedAverageShsOut": 125266000, "weightedAverageShsOutDil": 125266000, "link": "https://www.sec.gov/Archives/edgar/data/707549/000095013409002080/0000950134-09-002080-index.htm", "finalLink": "https://www.sec.gov/Archives/edgar/data/707549/000095013409002080/f51386e10vq.htm"}, {"date": "2008-09-28", "symbol": "LRCX", "fillingDate": "2008-11-07", "acceptedDate": "2008-11-07 16:24:56", "period": "Q1", "revenue": 440361000, "costOfRevenue": 254203000, "grossProfit": 186158000, "grossProfitRatio": 0.42273952507147544, "researchAndDevelopmentExpenses": 81563000, "generalAndAdministrativeExpenses": 69060000, "sellingAndMarketingExpenses": 0.0, "otherExpenses": 15968000, "operatingExpenses": 166591000, "costAndExpenses": 420794000, "interestExpense": 0.0, "depreciationAndAmortization": 17896000, "ebitda": 34415000, "ebitdaratio": 0.07815178910030635, "operatingIncome": 16519000, "operatingIncomeRatio": 0.03751240459532066, "totalOtherIncomeExpensesNet": 9017000.0, "incomeBeforeTax": 25536000, "incomeBeforeTaxRatio": 0.05798878647291654, "incomeTaxExpense": 16663000, "netIncome": 8873000.0, "netIncomeRatio": 0.020149377442598232, "eps": 0.07, "epsdiluted": 0.07, "weightedAverageShsOut": 125527000, "weightedAverageShsOutDil": 126819000, "link": "https://www.sec.gov/Archives/edgar/data/707549/000095013408019861/0000950134-08-019861-index.htm", "finalLink": "https://www.sec.gov/Archives/edgar/data/707549/000095013408019861/f50409e10vq.htm"}, {"date": "2008-06-29", "symbol": "LRCX", "fillingDate": "2008-08-28", "acceptedDate": "2008-08-28 17:13:38", "period": "FY", "revenue": 566160000, "costOfRevenue": 318900000, "grossProfit": 247260000, "grossProfitRatio": 0.4367316659601526, "researchAndDevelopmentExpenses": 86652000, "generalAndAdministrativeExpenses": 77704000, "sellingAndMarketingExpenses": 0.0, "otherExpenses": 6366000.0, "operatingExpenses": 170722000, "costAndExpenses": 502232000, "interestExpense": -12674000, "depreciationAndAmortization": 19227000, "ebitda": 83155000, "ebitdaratio": 0.14687544157128726, "operatingIncome": 63928000, "operatingIncomeRatio": 0.1129150770100325, "totalOtherIncomeExpensesNet": -57201000, "incomeBeforeTax": 74272000, "incomeBeforeTaxRatio": 0.13118553059205879, "incomeTaxExpense": 2094000.0, "netIncome": 72178000, "netIncomeRatio": 0.12748692948989684, "eps": 3.52, "epsdiluted": 3.47, "weightedAverageShsOut": 124647000, "weightedAverageShsOutDil": 126504000, "link": "https://www.sec.gov/Archives/edgar/data/707549/000095013408015947/0000950134-08-015947-index.htm", "finalLink": "https://www.sec.gov/Archives/edgar/data/707549/000095013408015947/f43373e10vk.htm"}, {"date": "2008-03-30", "symbol": "LRCX", "fillingDate": "2008-05-09", "acceptedDate": "2008-05-09 17:03:50", "period": "Q3", "revenue": 613810000, "costOfRevenue": 320201000, "grossProfit": 293609000, "grossProfitRatio": 0.4783385738257767, "researchAndDevelopmentExpenses": 80576000, "generalAndAdministrativeExpenses": 74491000, "sellingAndMarketingExpenses": 0.0, "otherExpenses": 38262000, "operatingExpenses": 200925000, "costAndExpenses": 527527000, "interestExpense": 0.0, "depreciationAndAmortization": 12914000, "ebitda": 99197000, "ebitdaratio": 0.16160864111044135, "operatingIncome": 86283000, "operatingIncomeRatio": 0.1405695573548818, "totalOtherIncomeExpensesNet": 49605000, "incomeBeforeTax": 135888000, "incomeBeforeTaxRatio": 0.22138446750623156, "incomeTaxExpense": 32364000, "netIncome": 103524000, "netIncomeRatio": 0.16865805379514834, "eps": 2.95, "epsdiluted": 2.9, "weightedAverageShsOut": 124509000, "weightedAverageShsOutDil": 126531000, "link": "https://www.sec.gov/Archives/edgar/data/707549/000095013408009110/0000950134-08-009110-index.htm", "finalLink": "https://www.sec.gov/Archives/edgar/data/707549/000095013408009110/f40659e10vq.htm"}, {"date": "2007-12-23", "symbol": "LRCX", "fillingDate": "2008-03-31", "acceptedDate": "2008-03-31 17:16:26", "period": "Q2", "revenue": 610320000, "costOfRevenue": 302659000, "grossProfit": 307661000, "grossProfitRatio": 0.5040978503080351, "researchAndDevelopmentExpenses": 80243000, "generalAndAdministrativeExpenses": 66084000, "sellingAndMarketingExpenses": 0.0, "otherExpenses": 7596000.0, "operatingExpenses": 146327000, "costAndExpenses": 448986000, "interestExpense": 0.0, "depreciationAndAmortization": 11324000, "ebitda": 172658000, "ebitdaratio": 0.28289749639533357, "operatingIncome": 161334000, "operatingIncomeRatio": 0.2643432953204876, "totalOtherIncomeExpensesNet": -37000.0, "incomeBeforeTax": 161297000, "incomeBeforeTaxRatio": 0.2642826713855027, "incomeTaxExpense": 46238000, "netIncome": 115059000, "netIncomeRatio": 0.18852241447109713, "eps": 2.12, "epsdiluted": 2.08, "weightedAverageShsOut": 124370000, "weightedAverageShsOutDil": 126523000, "link": "https://www.sec.gov/Archives/edgar/data/707549/000089161808000191/0000891618-08-000191-index.htm", "finalLink": "https://www.sec.gov/Archives/edgar/data/707549/000089161808000191/f39312e10vq.htm"}, {"date": "2007-09-23", "symbol": "LRCX", "fillingDate": "2008-03-31", "acceptedDate": "2008-03-31 17:15:37", "period": "Q1", "revenue": 684621000, "costOfRevenue": 340734000, "grossProfit": 343887000, "grossProfitRatio": 0.5023027339213959, "researchAndDevelopmentExpenses": 76288000, "generalAndAdministrativeExpenses": 69713000, "sellingAndMarketingExpenses": 0.0, "otherExpenses": 0.0, "operatingExpenses": 146001000, "costAndExpenses": 486735000, "interestExpense": 0.0, "depreciationAndAmortization": 11239000, "ebitda": 209125000, "ebitdaratio": 0.30546097767962127, "operatingIncome": 197886000, "operatingIncomeRatio": 0.2890445954769135, "totalOtherIncomeExpensesNet": 7633000.0, "incomeBeforeTax": 205519000, "incomeBeforeTaxRatio": 0.30019382987083365, "incomeTaxExpense": 56931000, "netIncome": 148588000, "netIncomeRatio": 0.2170368714953237, "eps": 1.2, "epsdiluted": 1.18, "weightedAverageShsOut": 124057000, "weightedAverageShsOutDil": 126358000, "link": "https://www.sec.gov/Archives/edgar/data/707549/000089161808000190/0000891618-08-000190-index.htm", "finalLink": "https://www.sec.gov/Archives/edgar/data/707549/000089161808000190/f39311e10vq.htm"}, {"date": "2007-06-24", "symbol": "LRCX", "fillingDate": "2008-03-31", "acceptedDate": "2008-03-31 17:14:43", "period": "FY", "revenue": 678519000, "costOfRevenue": 335790000, "grossProfit": 342729000, "grossProfitRatio": 0.5051133424414055, "researchAndDevelopmentExpenses": 79601000, "generalAndAdministrativeExpenses": 62779000, "sellingAndMarketingExpenses": 0.0, "otherExpenses": 0.0, "operatingExpenses": 142380000, "costAndExpenses": 478170000, "interestExpense": -17817000, "depreciationAndAmortization": -24494000, "ebitda": 175855000, "ebitdaratio": 0.2591747615026256, "operatingIncome": 200349000, "operatingIncomeRatio": 0.2952739716942341, "totalOtherIncomeExpensesNet": -58191000, "incomeBeforeTax": 211221000, "incomeBeforeTaxRatio": 0.3112971044289106, "incomeTaxExpense": 40990000, "netIncome": 170231000, "netIncomeRatio": 0.2508861210960931, "eps": 4.94, "epsdiluted": 4.85, "weightedAverageShsOut": 138714000, "weightedAverageShsOutDil": 141524000, "link": "https://www.sec.gov/Archives/edgar/data/707549/000089161808000189/0000891618-08-000189-index.htm", "finalLink": "https://www.sec.gov/Archives/edgar/data/707549/000089161808000189/f39305e10vk.htm"}, {"date": "2007-03-25", "symbol": "LRCX", "fillingDate": "2007-04-30", "acceptedDate": "2007-04-30 16:09:28", "period": "Q3", "revenue": 650270000, "costOfRevenue": 324025000, "grossProfit": 326245000, "grossProfitRatio": 0.5017069832531103, "researchAndDevelopmentExpenses": 75064000, "generalAndAdministrativeExpenses": 62208000, "sellingAndMarketingExpenses": 0.0, "otherExpenses": 0.0, "operatingExpenses": 137272000, "costAndExpenses": 461297000, "interestExpense": 0.0, "depreciationAndAmortization": 11890000, "ebitda": 200863000, "ebitdaratio": 0.30889169114367876, "operatingIncome": 188973000, "operatingIncomeRatio": 0.290606978639642, "totalOtherIncomeExpensesNet": 14751000, "incomeBeforeTax": 203724000, "incomeBeforeTaxRatio": 0.31329140203300165, "incomeTaxExpense": 38983000, "netIncome": 164741000, "netIncomeRatio": 0.2533424577483199, "eps": 3.64, "epsdiluted": 3.57, "weightedAverageShsOut": 141516000, "weightedAverageShsOutDil": 144378000, "link": "https://www.sec.gov/Archives/edgar/data/707549/000095013407009535/0000950134-07-009535-index.htm", "finalLink": "https://www.sec.gov/Archives/edgar/data/707549/000095013407009535/f29652e10vq.htm"}, {"date": "2006-12-24", "symbol": "LRCX", "fillingDate": "2007-01-30", "acceptedDate": "2007-01-29 19:48:44", "period": "Q2", "revenue": 633400000, "costOfRevenue": 310484000, "grossProfit": 322916000, "grossProfitRatio": 0.5098137038206505, "researchAndDevelopmentExpenses": 69060000, "generalAndAdministrativeExpenses": 59351000, "sellingAndMarketingExpenses": 0.0, "otherExpenses": 0.0, "operatingExpenses": 128411000, "costAndExpenses": 438895000, "interestExpense": 0.0, "depreciationAndAmortization": 8760000.0, "ebitda": 203265000, "ebitdaratio": 0.32091095674139564, "operatingIncome": 194505000, "operatingIncomeRatio": 0.30708083359646354, "totalOtherIncomeExpensesNet": 13092000, "incomeBeforeTax": 207597000, "incomeBeforeTaxRatio": 0.32775023681717713, "incomeTaxExpense": 40271000, "netIncome": 167326000, "netIncomeRatio": 0.2641711398800126, "eps": 2.47, "epsdiluted": 2.42, "weightedAverageShsOut": 142120000, "weightedAverageShsOutDil": 145102000, "link": "https://www.sec.gov/Archives/edgar/data/707549/000095013407001541/0000950134-07-001541-index.htm", "finalLink": "https://www.sec.gov/Archives/edgar/data/707549/000095013407001541/f26746e10vq.htm"}, {"date": "2006-09-24", "symbol": "LRCX", "fillingDate": "2006-10-30", "acceptedDate": "2006-10-30 16:43:31", "period": "Q1", "revenue": 604387000, "costOfRevenue": 291223000, "grossProfit": 313164000, "grossProfitRatio": 0.5181514493197239, "researchAndDevelopmentExpenses": 61623000, "generalAndAdministrativeExpenses": 56708000, "sellingAndMarketingExpenses": 0.0, "otherExpenses": 0.0, "operatingExpenses": 118331000, "costAndExpenses": 409554000, "interestExpense": 0.0, "depreciationAndAmortization": 6527000.0, "ebitda": 201360000, "ebitdaratio": 0.3331640157713518, "operatingIncome": 194833000, "operatingIncomeRatio": 0.32236464384574787, "totalOtherIncomeExpensesNet": 30348000, "incomeBeforeTax": 225181000, "incomeBeforeTaxRatio": 0.3725775041488318, "incomeTaxExpense": 41663000, "netIncome": 183518000, "netIncomeRatio": 0.30364319550221963, "eps": 1.29, "epsdiluted": 1.27, "weightedAverageShsOut": 141928000, "weightedAverageShsOutDil": 144850000, "link": "https://www.sec.gov/Archives/edgar/data/707549/000095013406019947/0000950134-06-019947-index.htm", "finalLink": "https://www.sec.gov/Archives/edgar/data/707549/000095013406019947/f24511e10vq.htm"}, {"date": "2006-06-25", "symbol": "LRCX", "fillingDate": "2006-08-17", "acceptedDate": "2006-08-16 19:12:37", "period": "FY", "revenue": 525596000, "costOfRevenue": 251445000, "grossProfit": 274151000, "grossProfitRatio": 0.5216002404888926, "researchAndDevelopmentExpenses": 60824000, "generalAndAdministrativeExpenses": 53921000, "sellingAndMarketingExpenses": 0.0, "otherExpenses": 0.0, "operatingExpenses": 114745000, "costAndExpenses": 366190000, "interestExpense": -677000.0, "depreciationAndAmortization": -13552000, "ebitda": 145854000, "ebitdaratio": 0.27750211188821833, "operatingIncome": 159406000, "operatingIncomeRatio": 0.3032861741717974, "totalOtherIncomeExpensesNet": -25624000, "incomeBeforeTax": 168804000, "incomeBeforeTaxRatio": 0.32116682775363586, "incomeTaxExpense": 46655000, "netIncome": 122149000, "netIncomeRatio": 0.23240093151393845, "eps": 2.42, "epsdiluted": 2.34, "weightedAverageShsOut": 138581000, "weightedAverageShsOutDil": 143732000, "link": "https://www.sec.gov/Archives/edgar/data/707549/000095013406016366/0000950134-06-016366-index.htm", "finalLink": "https://www.sec.gov/Archives/edgar/data/707549/000095013406016366/f23105e10vk.htm"}, {"date": "2006-03-26", "symbol": "LRCX", "fillingDate": "2006-05-01", "acceptedDate": "2006-05-01 17:02:12", "period": "Q3", "revenue": 437423000, "costOfRevenue": 217769000, "grossProfit": 219654000, "grossProfitRatio": 0.5021546649353144, "researchAndDevelopmentExpenses": 61083000, "generalAndAdministrativeExpenses": 48303000, "sellingAndMarketingExpenses": 0.0, "otherExpenses": 0.0, "operatingExpenses": 109386000, "costAndExpenses": 327155000, "interestExpense": 0.0, "depreciationAndAmortization": 5239000.0, "ebitda": 115507000, "ebitdaratio": 0.2640624749955992, "operatingIncome": 110268000, "operatingIncomeRatio": 0.2520855099068865, "totalOtherIncomeExpensesNet": 7828000.0, "incomeBeforeTax": 118096000, "incomeBeforeTaxRatio": 0.2699812309823672, "incomeTaxExpense": 31759000, "netIncome": 86337000, "netIncomeRatio": 0.19737645254136157, "eps": 1.55, "epsdiluted": 1.49, "weightedAverageShsOut": 137703000, "weightedAverageShsOutDil": 143298000, "link": "https://www.sec.gov/Archives/edgar/data/707549/000095013406008407/0000950134-06-008407-index.htm", "finalLink": "https://www.sec.gov/Archives/edgar/data/707549/000095013406008407/f19981e10vq.htm"}, {"date": "2005-12-25", "symbol": "LRCX", "fillingDate": "2006-01-30", "acceptedDate": "2006-01-30 17:21:26", "period": "Q2", "revenue": 358245000, "costOfRevenue": 180735000, "grossProfit": 177510000, "grossProfitRatio": 0.4954988904241511, "researchAndDevelopmentExpenses": 55742000, "generalAndAdministrativeExpenses": 44859000, "sellingAndMarketingExpenses": 0.0, "otherExpenses": 0.0, "operatingExpenses": 100601000, "costAndExpenses": 281336000, "interestExpense": 0.0, "depreciationAndAmortization": 5356000.0, "ebitda": 82265000, "ebitdaratio": 0.22963335147734093, "operatingIncome": 76909000, "operatingIncomeRatio": 0.2146826892210638, "totalOtherIncomeExpensesNet": 9308000.0, "incomeBeforeTax": 86217000, "incomeBeforeTaxRatio": 0.2406649080936231, "incomeTaxExpense": 8439000.0, "netIncome": 77778000, "netIncomeRatio": 0.21710840346690113, "eps": 0.93, "epsdiluted": 0.89, "weightedAverageShsOut": 136499000, "weightedAverageShsOutDil": 142209000, "link": "https://www.sec.gov/Archives/edgar/data/707549/000089161806000033/0000891618-06-000033-index.htm", "finalLink": "https://www.sec.gov/Archives/edgar/data/707549/000089161806000033/f16526e10vq.htm"}, {"date": "2005-09-25", "symbol": "LRCX", "fillingDate": "2005-10-31", "acceptedDate": "2005-10-31 17:08:29", "period": "Q1", "revenue": 320907000, "costOfRevenue": 164828000, "grossProfit": 156079000, "grossProfitRatio": 0.48636832477945324, "researchAndDevelopmentExpenses": 51242000, "generalAndAdministrativeExpenses": 45155000, "sellingAndMarketingExpenses": 0.0, "otherExpenses": 0.0, "operatingExpenses": 96397000, "costAndExpenses": 261225000, "interestExpense": 0.0, "depreciationAndAmortization": 5640000.0, "ebitda": 65322000, "ebitdaratio": 0.2035543007787303, "operatingIncome": 59682000, "operatingIncomeRatio": 0.18597911544466153, "totalOtherIncomeExpensesNet": 8488000.0, "incomeBeforeTax": 68170000, "incomeBeforeTaxRatio": 0.21242914613891253, "incomeTaxExpense": 18679000, "netIncome": 49491000, "netIncomeRatio": 0.15422225130645328, "eps": 0.36, "epsdiluted": 0.35, "weightedAverageShsOut": 136453000, "weightedAverageShsOutDil": 141430000, "link": "https://www.sec.gov/Archives/edgar/data/707549/000095013405020081/0000950134-05-020081-index.htm", "finalLink": "https://www.sec.gov/Archives/edgar/data/707549/000095013405020081/f13801e10vq.htm"}, {"date": "2005-06-26", "symbol": "LRCX", "fillingDate": "2005-08-18", "acceptedDate": "2005-08-17 21:59:10", "period": "FY", "revenue": 353767000, "costOfRevenue": 177908000, "grossProfit": 175859000, "grossProfitRatio": 0.4971040260962724, "researchAndDevelopmentExpenses": 49474000, "generalAndAdministrativeExpenses": 43854000, "sellingAndMarketingExpenses": 0.0, "otherExpenses": 0.0, "operatingExpenses": 93328000, "costAndExpenses": 271236000, "interestExpense": -1413000.0, "depreciationAndAmortization": 5659000.0, "ebitda": 88190000, "ebitdaratio": 0.24928837342092394, "operatingIncome": 82531000, "operatingIncomeRatio": 0.2332919690078498, "totalOtherIncomeExpensesNet": -1949000.0, "incomeBeforeTax": 88702000, "incomeBeforeTaxRatio": 0.2507356536929674, "incomeTaxExpense": 22176000, "netIncome": 66526000, "netIncomeRatio": 0.1880503269100849, "eps": 2.17, "epsdiluted": 2.1, "weightedAverageShsOut": 137727000, "weightedAverageShsOutDil": 142417000, "link": "https://www.sec.gov/Archives/edgar/data/707549/000089161805000627/0000891618-05-000627-index.htm", "finalLink": "https://www.sec.gov/Archives/edgar/data/707549/000089161805000627/f11836e10vk.htm"}, {"date": "2005-03-27", "symbol": "LRCX", "fillingDate": "2005-05-05", "acceptedDate": "2005-05-05 17:00:50", "period": "Q3", "revenue": 349337000, "costOfRevenue": 174767000, "grossProfit": 174570000, "grossProfitRatio": 0.4997180373106771, "researchAndDevelopmentExpenses": 47226000, "generalAndAdministrativeExpenses": 34518000, "sellingAndMarketingExpenses": 0.0, "otherExpenses": 14201000, "operatingExpenses": 95945000, "costAndExpenses": 270712000, "interestExpense": 0.0, "depreciationAndAmortization": 6130000.0, "ebitda": 84755000, "ebitdaratio": 0.24261672825953162, "operatingIncome": 78625000, "operatingIncomeRatio": 0.22506920251791251, "totalOtherIncomeExpensesNet": 643000.0, "incomeBeforeTax": 79268000, "incomeBeforeTaxRatio": 0.22690983205328952, "incomeTaxExpense": 19817000, "netIncome": 59451000, "netIncomeRatio": 0.17018237403996714, "eps": 1.69, "epsdiluted": 1.64, "weightedAverageShsOut": 137566000, "weightedAverageShsOutDil": 142362000, "link": "https://www.sec.gov/Archives/edgar/data/707549/000089161805000328/0000891618-05-000328-index.htm", "finalLink": "https://www.sec.gov/Archives/edgar/data/707549/000089161805000328/f08668e10vq.htm"}, {"date": "2004-12-26", "symbol": "LRCX", "fillingDate": "2005-02-03", "acceptedDate": "2005-02-03 16:02:06", "period": "Q2", "revenue": 379800000, "costOfRevenue": 180898000, "grossProfit": 198902000, "grossProfitRatio": 0.5237019483938915, "researchAndDevelopmentExpenses": 47057000, "generalAndAdministrativeExpenses": 43275000, "sellingAndMarketingExpenses": 0.0, "otherExpenses": 0.0, "operatingExpenses": 90332000, "costAndExpenses": 271230000, "interestExpense": 0.0, "depreciationAndAmortization": 6470000.0, "ebitda": 115040000, "ebitdaratio": 0.30289626119010005, "operatingIncome": 108570000, "operatingIncomeRatio": 0.2858609794628752, "totalOtherIncomeExpensesNet": 1298000.0, "incomeBeforeTax": 109868000, "incomeBeforeTaxRatio": 0.2892785676671933, "incomeTaxExpense": 26254000, "netIncome": 83614000, "netIncomeRatio": 0.22015271195365982, "eps": 1.27, "epsdiluted": 1.23, "weightedAverageShsOut": 136366000, "weightedAverageShsOutDil": 141108000, "link": "https://www.sec.gov/Archives/edgar/data/707549/000095013405001994/0000950134-05-001994-index.htm", "finalLink": "https://www.sec.gov/Archives/edgar/data/707549/000095013405001994/f05158e10vq.htm"}, {"date": "2004-09-26", "symbol": "LRCX", "fillingDate": "2004-11-04", "acceptedDate": "2004-11-04 15:25:30", "period": "Q1", "revenue": 419549000, "costOfRevenue": 204788000, "grossProfit": 214761000, "grossProfitRatio": 0.511885381683665, "researchAndDevelopmentExpenses": 50358000, "generalAndAdministrativeExpenses": 43127000, "sellingAndMarketingExpenses": 0.0, "otherExpenses": 0.0, "operatingExpenses": 93485000, "costAndExpenses": 298273000, "interestExpense": 0.0, "depreciationAndAmortization": 5408000.0, "ebitda": 126684000, "ebitdaratio": 0.3019528112330145, "operatingIncome": 121276000, "operatingIncomeRatio": 0.28906277931779123, "totalOtherIncomeExpensesNet": 8000.0, "incomeBeforeTax": 121284000, "incomeBeforeTaxRatio": 0.2890818474123404, "incomeTaxExpense": 31534000, "netIncome": 89750000, "netIncomeRatio": 0.2139201857232409, "eps": 0.66, "epsdiluted": 0.64, "weightedAverageShsOut": 135478000, "weightedAverageShsOutDil": 139808000, "link": "https://www.sec.gov/Archives/edgar/data/707549/000095013404016390/0000950134-04-016390-index.htm", "finalLink": "https://www.sec.gov/Archives/edgar/data/707549/000095013404016390/f02865e10vq.htm"}, {"date": "2004-06-27", "symbol": "LRCX", "fillingDate": "2004-09-10", "acceptedDate": "2004-09-10 12:40:30", "period": "FY", "revenue": 329572000, "costOfRevenue": 170369000, "grossProfit": 159203000, "grossProfitRatio": 0.4830598473171265, "researchAndDevelopmentExpenses": 49961000, "generalAndAdministrativeExpenses": 40711000, "sellingAndMarketingExpenses": 0.0, "otherExpenses": 0.0, "operatingExpenses": 90672000, "costAndExpenses": 261041000, "interestExpense": -4634000.0, "depreciationAndAmortization": 20460000, "ebitda": 88991000, "ebitdaratio": 0.2700199046035464, "operatingIncome": 68531000, "operatingIncomeRatio": 0.2079393880548105, "totalOtherIncomeExpensesNet": -2794000.0, "incomeBeforeTax": 70207000, "incomeBeforeTaxRatio": 0.2130247715218526, "incomeTaxExpense": 17552000, "netIncome": 52655000, "netIncomeRatio": 0.15976782008180307, "eps": 0.63, "epsdiluted": 0.59, "weightedAverageShsOut": 131776000, "weightedAverageShsOutDil": 144928000, "link": "https://www.sec.gov/Archives/edgar/data/707549/000095013404013455/0000950134-04-013455-index.htm", "finalLink": "https://www.sec.gov/Archives/edgar/data/707549/000095013404013455/f01598e10vk.htm"}, {"date": "2004-03-28", "symbol": "LRCX", "fillingDate": "2004-05-05", "acceptedDate": "2004-05-04 21:34:45", "period": "Q3", "revenue": 231128000, "costOfRevenue": 125337000, "grossProfit": 105791000, "grossProfitRatio": 0.45771607074867604, "researchAndDevelopmentExpenses": 42914000, "generalAndAdministrativeExpenses": 37218000, "sellingAndMarketingExpenses": 0.0, "otherExpenses": 1317000.0, "operatingExpenses": 81449000, "costAndExpenses": 206786000, "interestExpense": 0.0, "depreciationAndAmortization": 985000.0, "ebitda": 25649000, "ebitdaratio": 0.1109731404243536, "operatingIncome": 24664000, "operatingIncomeRatio": 0.10671143262607732, "totalOtherIncomeExpensesNet": 877000.0, "incomeBeforeTax": 25541000, "incomeBeforeTaxRatio": 0.11050586687895884, "incomeTaxExpense": 6385000.0, "netIncome": 19156000, "netIncomeRatio": 0.08288048181094458, "eps": 0.23, "epsdiluted": 0.22, "weightedAverageShsOut": 130893000, "weightedAverageShsOutDil": 138527000, "link": "https://www.sec.gov/Archives/edgar/data/707549/000095013404006610/0000950134-04-006610-index.htm", "finalLink": "https://www.sec.gov/Archives/edgar/data/707549/000095013404006610/f98566e10vq.htm"}, {"date": "2003-12-28", "symbol": "LRCX", "fillingDate": "2004-02-09", "acceptedDate": "2004-02-06 20:00:08", "period": "Q2", "revenue": 191508000, "costOfRevenue": 105372000, "grossProfit": 86136000, "grossProfitRatio": 0.44977755498464816, "researchAndDevelopmentExpenses": 39078000, "generalAndAdministrativeExpenses": 34141000, "sellingAndMarketingExpenses": 0.0, "otherExpenses": 5948000.0, "operatingExpenses": 79167000, "costAndExpenses": 184539000, "interestExpense": 0.0, "depreciationAndAmortization": -6489000.0, "ebitda": 1559000.0, "ebitdaratio": 0.008140652087641247, "operatingIncome": 8048000.0, "operatingIncomeRatio": 0.042024354073981245, "totalOtherIncomeExpensesNet": 473000.0, "incomeBeforeTax": 8521000.0, "incomeBeforeTaxRatio": 0.044494224784343214, "incomeTaxExpense": 2130000.0, "netIncome": 6391000.0, "netIncomeRatio": 0.03337197401675126, "eps": 0.09, "epsdiluted": 0.08, "weightedAverageShsOut": 129688000, "weightedAverageShsOutDil": 137502000, "link": "https://www.sec.gov/Archives/edgar/data/707549/000089161804000493/0000891618-04-000493-index.htm", "finalLink": "https://www.sec.gov/Archives/edgar/data/707549/000089161804000493/f96166e10vq.htm"}, {"date": "2003-09-28", "symbol": "LRCX", "fillingDate": "2003-11-10", "acceptedDate": "2003-11-07 19:31:30", "period": "Q1", "revenue": 183738000, "costOfRevenue": 105470000, "grossProfit": 78268000, "grossProfitRatio": 0.4259761181682613, "researchAndDevelopmentExpenses": 38526000, "generalAndAdministrativeExpenses": 33993000, "sellingAndMarketingExpenses": 0.0, "otherExpenses": 1062000.0, "operatingExpenses": 73581000, "costAndExpenses": 179051000, "interestExpense": 0.0, "depreciationAndAmortization": 8462000.0, "ebitda": 13399000, "ebitdaratio": 0.07292449030684997, "operatingIncome": 4937000.0, "operatingIncomeRatio": 0.026869781972156004, "totalOtherIncomeExpensesNet": 1444000.0, "incomeBeforeTax": 6381000.0, "incomeBeforeTaxRatio": 0.03472879861541978, "incomeTaxExpense": 1595000.0, "netIncome": 4786000.0, "netIncomeRatio": 0.026047959594640194, "eps": 0.04, "epsdiluted": 0.04, "weightedAverageShsOut": 128351000, "weightedAverageShsOutDil": 134886000, "link": "https://www.sec.gov/Archives/edgar/data/707549/000089161803005756/0000891618-03-005756-index.htm", "finalLink": "https://www.sec.gov/Archives/edgar/data/707549/000089161803005756/f94197e10vq.htm"}, {"date": "2003-06-29", "symbol": "LRCX", "fillingDate": "2003-09-25", "acceptedDate": "2003-09-24 21:58:58", "period": "FY", "revenue": 186086000, "costOfRevenue": 109625000, "grossProfit": 76461000, "grossProfitRatio": 0.4108906634566813, "researchAndDevelopmentExpenses": 160493000, "generalAndAdministrativeExpenses": 34501000, "sellingAndMarketingExpenses": 0.0, "otherExpenses": -110297000, "operatingExpenses": 84697000, "costAndExpenses": 194322000, "interestExpense": -6096000.0, "depreciationAndAmortization": 8249000.0, "ebitda": 676000.0, "ebitdaratio": 0.0036327289532796666, "operatingIncome": -7573000.0, "operatingIncomeRatio": -0.04069623722364928, "totalOtherIncomeExpensesNet": 11970000, "incomeBeforeTax": -5863000.0, "incomeBeforeTaxRatio": -0.03150693765248326, "incomeTaxExpense": -9562000.0, "netIncome": 3699000.0, "netIncomeRatio": 0.019877905914469654, "eps": -0.06, "epsdiluted": -0.06, "weightedAverageShsOut": 126300000, "weightedAverageShsOutDil": 126300000, "link": "https://www.sec.gov/Archives/edgar/data/707549/000089161803004913/0000891618-03-004913-index.htm", "finalLink": "https://www.sec.gov/Archives/edgar/data/707549/000089161803004913/f93126e10vk.htm"}, {"date": "2003-03-30", "symbol": "LRCX", "fillingDate": "2003-05-14", "acceptedDate": "2003-05-13 21:54:38", "period": "Q3", "revenue": 569148000, "costOfRevenue": 342744000, "grossProfit": 226404000, "grossProfitRatio": 0.39779459824158214, "researchAndDevelopmentExpenses": 0.0, "generalAndAdministrativeExpenses": 98319000, "sellingAndMarketingExpenses": 0.0, "otherExpenses": 126198000, "operatingExpenses": 224517000, "costAndExpenses": 567261000, "interestExpense": 0.0, "depreciationAndAmortization": 30504000, "ebitda": 32692000, "ebitdaratio": 0.05744024401385931, "operatingIncome": 2188000.0, "operatingIncomeRatio": 0.003844342772003064, "totalOtherIncomeExpensesNet": -11970000, "incomeBeforeTax": -9782000.0, "incomeBeforeTaxRatio": -0.017187093690920464, "incomeTaxExpense": 1656000.0, "netIncome": -11438000, "netIncomeRatio": -0.02009670595346026, "eps": -0.09, "epsdiluted": -0.09, "weightedAverageShsOut": 126110000, "weightedAverageShsOutDil": 126110000, "link": "https://www.sec.gov/Archives/edgar/data/707549/000089161803002510/0000891618-03-002510-index.htm", "finalLink": "https://www.sec.gov/Archives/edgar/data/707549/000089161803002510/f89885e10vq.htm"}, {"date": "2001-03-25", "symbol": "LRCX", "fillingDate": "2001-04-30", "acceptedDate": "Not found...", "period": "Q3", "revenue": 0.0, "costOfRevenue": 0.0, "grossProfit": 0.0, "grossProfitRatio": 0.0, "researchAndDevelopmentExpenses": 0.0, "generalAndAdministrativeExpenses": 0.0, "sellingAndMarketingExpenses": 0.0, "otherExpenses": 0.0, "operatingExpenses": 0.0, "costAndExpenses": 0.0, "interestExpense": 0.0, "depreciationAndAmortization": 0.0, "ebitda": 0.0, "ebitdaratio": 0.0, "operatingIncome": 0.0, "operatingIncomeRatio": 0.0, "totalOtherIncomeExpensesNet": 0.0, "incomeBeforeTax": 0.0, "incomeBeforeTaxRatio": 0.0, "incomeTaxExpense": 0.0, "netIncome": 0.0, "netIncomeRatio": 0.0, "eps": 0.0, "epsdiluted": 0.0, "weightedAverageShsOut": 0.0, "weightedAverageShsOutDil": 0.0, "link": "https://www.sec.gov/Archives/edgar/data/707549/000070754901500009/0000707549-01-500009-index.htm", "finalLink": "https://www.sec.gov/Archives/edgar/data/707549/000070754901500009/body10q.htm"}, {"date": "2000-12-24", "symbol": "LRCX", "fillingDate": "2001-02-07", "acceptedDate": "Not found...", "period": "Q2", "revenue": 0.0, "costOfRevenue": 0.0, "grossProfit": 0.0, "grossProfitRatio": 0.0, "researchAndDevelopmentExpenses": 0.0, "generalAndAdministrativeExpenses": 0.0, "sellingAndMarketingExpenses": 0.0, "otherExpenses": 0.0, "operatingExpenses": 0.0, "costAndExpenses": 0.0, "interestExpense": 0.0, "depreciationAndAmortization": 0.0, "ebitda": 0.0, "ebitdaratio": 0.0, "operatingIncome": 0.0, "operatingIncomeRatio": 0.0, "totalOtherIncomeExpensesNet": 0.0, "incomeBeforeTax": 0.0, "incomeBeforeTaxRatio": 0.0, "incomeTaxExpense": 0.0, "netIncome": 0.0, "netIncomeRatio": 0.0, "eps": 0.0, "epsdiluted": 0.0, "weightedAverageShsOut": 0.0, "weightedAverageShsOutDil": 0.0, "link": "https://www.sec.gov/Archives/edgar/data/707549/000070754901500006/0000707549-01-500006-index.htm", "finalLink": "https://www.sec.gov/Archives/edgar/data/707549/000070754901500006/body10q.htm"}]