[{"date": "2020-03-31", "symbol": "VRTX", "fillingDate": "2020-05-01", "acceptedDate": "2020-05-01 16:37:49", "period": "Q1", "revenue": 1515107000, "costOfRevenue": 162497000, "grossProfit": 1352610000, "grossProfitRatio": 0.8927488289605948, "researchAndDevelopmentExpenses": 448528000, "generalAndAdministrativeExpenses": 182258000, "sellingAndMarketingExpenses": 0.0, "otherExpenses": -61130000, "operatingExpenses": 616650000, "costAndExpenses": 794883000, "interestExpense": 0.0, "depreciationAndAmortization": 26821000, "ebitda": 747045000, "ebitdaratio": 0.493064186226, "operatingIncome": 720224000, "operatingIncomeRatio": 0.47536180613, "totalOtherIncomeExpensesNet": -61130000, "incomeBeforeTax": 657534000, "incomeBeforeTaxRatio": 0.433985190485, "incomeTaxExpense": 54800000, "netIncome": 602753000, "netIncomeRatio": 0.397828668206, "eps": 2.32, "epsdiluted": 2.29, "weightedAverageShsOut": 259815000, "weightedAverageShsOutDil": 263515000, "link": "https://www.sec.gov/Archives/edgar/data/875320/000087532020000019/0000875320-20-000019-index.htm", "finalLink": "https://www.sec.gov/Archives/edgar/data/875320/000087532020000019/a2020q110-q.htm"}, {"date": "2019-12-31", "symbol": "VRTX", "fillingDate": "2020-02-13", "acceptedDate": "2020-02-13 16:48:57", "period": "FY", "revenue": 1413265000, "costOfRevenue": 185012000, "grossProfit": 1228253000, "grossProfitRatio": 0.8690889535932751, "researchAndDevelopmentExpenses": 480011000, "generalAndAdministrativeExpenses": 195277000, "sellingAndMarketingExpenses": 0.0, "otherExpenses": 44253000, "operatingExpenses": 719541000, "costAndExpenses": 861800000, "interestExpense": 58502000, "depreciationAndAmortization": 26256000, "ebitda": 577721000, "ebitdaratio": 0.408784622841, "operatingIncome": 551465000, "operatingIncomeRatio": 0.39020636611, "totalOtherIncomeExpensesNet": 127375000, "incomeBeforeTax": 676950000, "incomeBeforeTaxRatio": 0.478997215667, "incomeTaxExpense": 93709000, "netIncome": 583234000, "netIncomeRatio": 0.412685518993, "eps": 2.26, "epsdiluted": 2.23, "weightedAverageShsOut": 256728000, "weightedAverageShsOutDil": 260673000, "link": "https://www.sec.gov/Archives/edgar/data/875320/000087532020000007/0000875320-20-000007-index.htm", "finalLink": "https://www.sec.gov/Archives/edgar/data/875320/000087532020000007/a201910k-main.htm"}, {"date": "2019-09-30", "symbol": "VRTX", "fillingDate": "2019-10-31", "acceptedDate": "2019-10-31 16:19:23", "period": "Q3", "revenue": 949828000, "costOfRevenue": 131914000, "grossProfit": 817914000, "grossProfitRatio": 0.8611180129455017, "researchAndDevelopmentExpenses": 555948000, "generalAndAdministrativeExpenses": 159674000, "sellingAndMarketingExpenses": 0.0, "otherExpenses": 64802000, "operatingExpenses": 701074000, "costAndExpenses": 850495000, "interestExpense": 0.0, "depreciationAndAmortization": 25847000, "ebitda": 125180000, "ebitdaratio": 0.131792282392, "operatingIncome": 99333000, "operatingIncomeRatio": 0.104579987113, "totalOtherIncomeExpensesNet": -31747000, "incomeBeforeTax": 185771000, "incomeBeforeTaxRatio": 0.19558383202, "incomeTaxExpense": 13200000, "netIncome": 57518000, "netIncomeRatio": 0.0605562270222, "eps": 0.23, "epsdiluted": 0.22, "weightedAverageShsOut": 256289000, "weightedAverageShsOutDil": 260182000, "link": "https://www.sec.gov/Archives/edgar/data/875320/000087532019000057/0000875320-19-000057-index.htm", "finalLink": "https://www.sec.gov/Archives/edgar/data/875320/000087532019000057/a2019q310-q.htm"}, {"date": "2019-06-30", "symbol": "VRTX", "fillingDate": "2019-08-01", "acceptedDate": "2019-08-01 16:20:06", "period": "Q2", "revenue": 941293000, "costOfRevenue": 135740000, "grossProfit": 805553000, "grossProfitRatio": 0.8557941044924375, "researchAndDevelopmentExpenses": 379091000, "generalAndAdministrativeExpenses": 156502000, "sellingAndMarketingExpenses": 0.0, "otherExpenses": -14837000, "operatingExpenses": 520756000, "costAndExpenses": 671333000, "interestExpense": 0.0, "depreciationAndAmortization": 27698000, "ebitda": 297658000, "ebitdaratio": 0.316222472705, "operatingIncome": 269960000, "operatingIncomeRatio": 0.286796990948, "totalOtherIncomeExpensesNet": 53939000, "incomeBeforeTax": 212033000, "incomeBeforeTaxRatio": 0.225257172846, "incomeTaxExpense": 59700000, "netIncome": 267427000, "netIncomeRatio": 0.284106011624, "eps": 1.04, "epsdiluted": 1.03, "weightedAverageShsOut": 255941000, "weightedAverageShsOutDil": 260015000, "link": "https://www.sec.gov/Archives/edgar/data/875320/000087532019000037/0000875320-19-000037-index.htm", "finalLink": "https://www.sec.gov/Archives/edgar/data/875320/000087532019000037/a2019q210-q.htm"}, {"date": "2019-03-31", "symbol": "VRTX", "fillingDate": "2019-05-01", "acceptedDate": "2019-05-01 16:37:21", "period": "Q1", "revenue": 858435000, "costOfRevenue": 95092000, "grossProfit": 763343000, "grossProfitRatio": 0.889226324648925, "researchAndDevelopmentExpenses": 339490000, "generalAndAdministrativeExpenses": 147045000, "sellingAndMarketingExpenses": 0.0, "otherExpenses": -14868000, "operatingExpenses": 471667000, "costAndExpenses": 581627000, "interestExpense": 0.0, "depreciationAndAmortization": 27140000, "ebitda": 303948000, "ebitdaratio": 0.354072236104, "operatingIncome": 276808000, "operatingIncomeRatio": 0.322456563397, "totalOtherIncomeExpensesNet": 42610000, "incomeBeforeTax": 320165000, "incomeBeforeTaxRatio": 0.37296359072, "incomeTaxExpense": 51500000, "netIncome": 268631000, "netIncomeRatio": 0.312931089716, "eps": 1.05, "epsdiluted": 1.03, "weightedAverageShsOut": 255695000, "weightedAverageShsOutDil": 260175000, "link": "https://www.sec.gov/Archives/edgar/data/875320/000087532019000019/0000875320-19-000019-index.htm", "finalLink": "https://www.sec.gov/Archives/edgar/data/875320/000087532019000019/a2019q110-q.htm"}, {"date": "2018-12-31", "symbol": "VRTX", "fillingDate": "2019-02-13", "acceptedDate": "2019-02-13 16:38:26", "period": "FY", "revenue": 870106000, "costOfRevenue": 122289000, "grossProfit": 747817000, "grossProfitRatio": 0.8594550549013569, "researchAndDevelopmentExpenses": 437881000, "generalAndAdministrativeExpenses": 153210000, "sellingAndMarketingExpenses": 0.0, "otherExpenses": -90452000, "operatingExpenses": 586318000, "costAndExpenses": 742384000, "interestExpense": 0.0, "depreciationAndAmortization": 18826000, "ebitda": 146548000, "ebitdaratio": 0.168425456209, "operatingIncome": 127722000, "operatingIncomeRatio": 0.146789011913, "totalOtherIncomeExpensesNet": -90452000, "incomeBeforeTax": 32497000, "incomeBeforeTaxRatio": 0.0373483230779, "incomeTaxExpense": -1492599000, "netIncome": 1550527000, "netIncomeRatio": 1.78199782555, "eps": 6.09, "epsdiluted": 5.98, "weightedAverageShsOut": 254292000, "weightedAverageShsOutDil": 259185000, "link": "https://www.sec.gov/Archives/edgar/data/875320/000087532019000006/0000875320-19-000006-index.htm", "finalLink": "https://www.sec.gov/Archives/edgar/data/875320/000087532019000006/a201810k-main.htm"}, {"date": "2018-09-30", "symbol": "VRTX", "fillingDate": "2018-10-25", "acceptedDate": "2018-10-25 16:10:19", "period": "Q3", "revenue": 784535000, "costOfRevenue": 111255000, "grossProfit": 673280000, "grossProfitRatio": 0.8581898831792081, "researchAndDevelopmentExpenses": 330510000, "generalAndAdministrativeExpenses": 137295000, "sellingAndMarketingExpenses": 0.0, "otherExpenses": -60995000, "operatingExpenses": 459662000, "costAndExpenses": 578886000, "interestExpense": 0.0, "depreciationAndAmortization": 19192000, "ebitda": 224841000, "ebitdaratio": 0.286591420396, "operatingIncome": 205649000, "operatingIncomeRatio": 0.262128521991, "totalOtherIncomeExpensesNet": -60995000, "incomeBeforeTax": 136511000, "incomeBeforeTaxRatio": 0.174002434563, "incomeTaxExpense": 8055000.0, "netIncome": 128746000, "netIncomeRatio": 0.164104851919, "eps": 0.5, "epsdiluted": 0.5, "weightedAverageShsOut": 254096000, "weightedAverageShsOutDil": 258972000, "link": "https://www.sec.gov/Archives/edgar/data/875320/000087532018000029/0000875320-18-000029-index.htm", "finalLink": "https://www.sec.gov/Archives/edgar/data/875320/000087532018000029/a2018q310-q.htm"}, {"date": "2018-06-30", "symbol": "VRTX", "fillingDate": "2018-07-26", "acceptedDate": "2018-07-26 16:08:10", "period": "Q2", "revenue": 752157000, "costOfRevenue": 104382000, "grossProfit": 647775000, "grossProfitRatio": 0.8612231223002644, "researchAndDevelopmentExpenses": 337532000, "generalAndAdministrativeExpenses": 137303000, "sellingAndMarketingExpenses": 0.0, "otherExpenses": 53819000, "operatingExpenses": 464729000, "costAndExpenses": 579279000, "interestExpense": 0.0, "depreciationAndAmortization": 18059000, "ebitda": 190937000, "ebitdaratio": 0.253852586628, "operatingIncome": 172878000, "operatingIncomeRatio": 0.229842971614, "totalOtherIncomeExpensesNet": 53819000, "incomeBeforeTax": 216591000, "incomeBeforeTaxRatio": 0.287959827536, "incomeTaxExpense": 10341000, "netIncome": 207360000, "netIncomeRatio": 0.275687123832, "eps": 0.82, "epsdiluted": 0.8, "weightedAverageShsOut": 253685000, "weightedAverageShsOutDil": 258557000, "link": "https://www.sec.gov/Archives/edgar/data/875320/000087532018000022/0000875320-18-000022-index.htm", "finalLink": "https://www.sec.gov/Archives/edgar/data/875320/000087532018000022/a2018q210-q.htm"}, {"date": "2018-03-31", "symbol": "VRTX", "fillingDate": "2018-04-27", "acceptedDate": "2018-04-27 16:36:36", "period": "Q1", "revenue": 640799000, "costOfRevenue": 71613000, "grossProfit": 569186000, "grossProfitRatio": 0.8882442076220468, "researchAndDevelopmentExpenses": 310553000, "generalAndAdministrativeExpenses": 129808000, "sellingAndMarketingExpenses": 0.0, "otherExpenses": 96838000, "operatingExpenses": 429264000, "costAndExpenses": 511898000, "interestExpense": 0.0, "depreciationAndAmortization": 16343000, "ebitda": 145244000, "ebitdaratio": 0.226660778185, "operatingIncome": 128901000, "operatingIncomeRatio": 0.201156680956, "totalOtherIncomeExpensesNet": 96838000, "incomeBeforeTax": 214642000, "incomeBeforeTaxRatio": 0.334959948439, "incomeTaxExpense": -12659000, "netIncome": 210263000, "netIncomeRatio": 0.328126292332, "eps": 0.83, "epsdiluted": 0.81, "weightedAverageShsOut": 253231000, "weightedAverageShsOutDil": 258526000, "link": "https://www.sec.gov/Archives/edgar/data/875320/000087532018000014/0000875320-18-000014-index.htm", "finalLink": "https://www.sec.gov/Archives/edgar/data/875320/000087532018000014/a2018q110-q.htm"}, {"date": "2017-12-31", "symbol": "VRTX", "fillingDate": "2018-02-15", "acceptedDate": "2018-02-14 18:01:38", "period": "FY", "revenue": 651634000, "costOfRevenue": 83712000, "grossProfit": 567922000, "grossProfitRatio": 0.8715352483142378, "researchAndDevelopmentExpenses": 306664000, "generalAndAdministrativeExpenses": 134794000, "sellingAndMarketingExpenses": 0.0, "otherExpenses": -748000.0, "operatingExpenses": 429251000, "costAndExpenses": 525897000, "interestExpense": 60100000, "depreciationAndAmortization": 16432000, "ebitda": 142169000, "ebitdaratio": 0.218173084891, "operatingIncome": 125737000, "operatingIncomeRatio": 0.192956475568, "totalOtherIncomeExpensesNet": -748000.0, "incomeBeforeTax": 112442000, "incomeBeforeTaxRatio": 0.172553918304, "incomeTaxExpense": 10276000, "netIncome": 100684000, "netIncomeRatio": 0.154510047051, "eps": 0.4, "epsdiluted": 0.4, "weightedAverageShsOut": 248858000, "weightedAverageShsOutDil": 253225000, "link": "https://www.sec.gov/Archives/edgar/data/875320/000087532018000009/0000875320-18-000009-index.htm", "finalLink": "https://www.sec.gov/Archives/edgar/data/875320/000087532018000009/a201710k-main.htm"}, {"date": "2017-09-30", "symbol": "VRTX", "fillingDate": "2017-10-30", "acceptedDate": "2017-10-30 17:15:07", "period": "Q3", "revenue": 578165000, "costOfRevenue": 72186000, "grossProfit": 505979000, "grossProfitRatio": 0.8751463682512778, "researchAndDevelopmentExpenses": 454947000, "generalAndAdministrativeExpenses": 120710000, "sellingAndMarketingExpenses": 0.0, "otherExpenses": -77553000, "operatingExpenses": 562771000, "costAndExpenses": 904208000, "interestExpense": 0.0, "depreciationAndAmortization": 15225000, "ebitda": -310818000, "ebitdaratio": -0.5375939394463518, "operatingIncome": -326043000, "operatingIncomeRatio": -0.5639272526009012, "totalOtherIncomeExpensesNet": -77553000, "incomeBeforeTax": -417170000, "incomeBeforeTaxRatio": -0.7215414284849481, "incomeTaxExpense": -125903000, "netIncome": -291267000, "netIncomeRatio": -0.5037783331747857, "eps": -0.42, "epsdiluted": -0.42, "weightedAverageShsOut": 247963000, "weightedAverageShsOutDil": 252095000, "link": "https://www.sec.gov/Archives/edgar/data/875320/000087532017000060/0000875320-17-000060-index.htm", "finalLink": "https://www.sec.gov/Archives/edgar/data/875320/000087532017000060/a2017q310-q.htm"}, {"date": "2017-06-30", "symbol": "VRTX", "fillingDate": "2017-07-28", "acceptedDate": "2017-07-28 16:23:20", "period": "Q2", "revenue": 544135000, "costOfRevenue": 70535000, "grossProfit": 473600000, "grossProfitRatio": 0.8703722421825466, "researchAndDevelopmentExpenses": 289451000, "generalAndAdministrativeExpenses": 127249000, "sellingAndMarketingExpenses": 0.0, "otherExpenses": -2537000.0, "operatingExpenses": 402706000, "costAndExpenses": 491428000, "interestExpense": 0.0, "depreciationAndAmortization": 14890000, "ebitda": 67597000, "ebitdaratio": 0.124228362447, "operatingIncome": 52707000, "operatingIncomeRatio": 0.0968638297481, "totalOtherIncomeExpensesNet": -2537000.0, "incomeBeforeTax": 35506000, "incomeBeforeTaxRatio": 0.0652521892545, "incomeTaxExpense": 4315000.0, "netIncome": 17996000, "netIncomeRatio": 0.0330726749796, "eps": 0.07, "epsdiluted": 0.07, "weightedAverageShsOut": 246782000, "weightedAverageShsOutDil": 250199000, "link": "https://www.sec.gov/Archives/edgar/data/875320/000087532017000047/0000875320-17-000047-index.htm", "finalLink": "https://www.sec.gov/Archives/edgar/data/875320/000087532017000047/a2017q210-q.htm"}, {"date": "2017-03-31", "symbol": "VRTX", "fillingDate": "2017-04-28", "acceptedDate": "2017-04-28 16:22:12", "period": "Q1", "revenue": 714718000, "costOfRevenue": 46242000, "grossProfit": 668476000, "grossProfitRatio": 0.935300356224413, "researchAndDevelopmentExpenses": 273563000, "generalAndAdministrativeExpenses": 113326000, "sellingAndMarketingExpenses": 0.0, "otherExpenses": -544000.0, "operatingExpenses": 370870000, "costAndExpenses": 443876000, "interestExpense": 0.0, "depreciationAndAmortization": 14850000, "ebitda": 285692000, "ebitdaratio": 0.399726885289, "operatingIncome": 270842000, "operatingIncomeRatio": 0.378949459787, "totalOtherIncomeExpensesNet": -544000.0, "incomeBeforeTax": 253533000, "incomeBeforeTaxRatio": 0.354731516486, "incomeTaxExpense": 3985000.0, "netIncome": 247756000, "netIncomeRatio": 0.346648608262, "eps": 1.01, "epsdiluted": 0.99, "weightedAverageShsOut": 246024000, "weightedAverageShsOutDil": 248700000, "link": "https://www.sec.gov/Archives/edgar/data/875320/000087532017000030/0000875320-17-000030-index.htm", "finalLink": "https://www.sec.gov/Archives/edgar/data/875320/000087532017000030/a2017q110-q.htm"}, {"date": "2016-12-31", "symbol": "VRTX", "fillingDate": "2017-02-23", "acceptedDate": "2017-02-23 15:18:18", "period": "FY", "revenue": 458706000, "costOfRevenue": 59646000, "grossProfit": 399060000, "grossProfitRatio": 0.8699689997514748, "researchAndDevelopmentExpenses": 248452000, "generalAndAdministrativeExpenses": 109908000, "sellingAndMarketingExpenses": 0.0, "otherExpenses": 1105000.0, "operatingExpenses": 338757000, "costAndExpenses": 419066000, "interestExpense": 60200000, "depreciationAndAmortization": 15451000, "ebitda": 55091000, "ebitdaratio": 0.120100892511, "operatingIncome": 39640000, "operatingIncomeRatio": 0.0864170078438, "totalOtherIncomeExpensesNet": 1105000.0, "incomeBeforeTax": 20306000, "incomeBeforeTaxRatio": 0.0442680060867, "incomeTaxExpense": -7453000.0, "netIncome": 32945000, "netIncomeRatio": 0.0718216025079, "eps": 0.13, "epsdiluted": 0.13, "weightedAverageShsOut": 244685000, "weightedAverageShsOutDil": 244685000, "link": "https://www.sec.gov/Archives/edgar/data/875320/000087532017000017/0000875320-17-000017-index.htm", "finalLink": "https://www.sec.gov/Archives/edgar/data/875320/000087532017000017/a201610k-main.htm"}, {"date": "2016-09-30", "symbol": "VRTX", "fillingDate": "2016-10-31", "acceptedDate": "2016-10-31 16:48:15", "period": "Q3", "revenue": 413783000, "costOfRevenue": 53222000, "grossProfit": 360561000, "grossProfitRatio": 0.8713770261223879, "researchAndDevelopmentExpenses": 272370000, "generalAndAdministrativeExpenses": 106055000, "sellingAndMarketingExpenses": 0.0, "otherExpenses": -167000.0, "operatingExpenses": 359140000, "costAndExpenses": 432510000, "interestExpense": 0.0, "depreciationAndAmortization": 14569000, "ebitda": -4158000.0, "ebitdaratio": -0.010048745356865797, "operatingIncome": -18727000, "operatingIncomeRatio": -0.04525802171669691, "totalOtherIncomeExpensesNet": -167000.0, "incomeBeforeTax": -39034000, "incomeBeforeTaxRatio": -0.09433446999997583, "incomeTaxExpense": 503000.0, "netIncome": -39537000, "netIncomeRatio": -0.09555008301452694, "eps": -0.16, "epsdiluted": -0.16, "weightedAverageShsOut": 244529000, "weightedAverageShsOutDil": 244529000, "link": "https://www.sec.gov/Archives/edgar/data/875320/000087532016000107/0000875320-16-000107-index.htm", "finalLink": "https://www.sec.gov/Archives/edgar/data/875320/000087532016000107/a2016q310-q.htm"}, {"date": "2016-06-30", "symbol": "VRTX", "fillingDate": "2016-08-01", "acceptedDate": "2016-08-01 16:51:11", "period": "Q2", "revenue": 431608000, "costOfRevenue": 44154000, "grossProfit": 387454000, "grossProfitRatio": 0.8976988378343311, "researchAndDevelopmentExpenses": 271008000, "generalAndAdministrativeExpenses": 111652000, "sellingAndMarketingExpenses": 0.0, "otherExpenses": -1219000.0, "operatingExpenses": 363603000, "costAndExpenses": 428255000, "interestExpense": 0.0, "depreciationAndAmortization": 14963000, "ebitda": 18316000, "ebitdaratio": 0.0424366554837, "operatingIncome": 3353000.0, "operatingIncomeRatio": 0.00776862338047, "totalOtherIncomeExpensesNet": -1219000.0, "incomeBeforeTax": -18021000, "incomeBeforeTaxRatio": -0.04175316490889881, "incomeTaxExpense": 18130000, "netIncome": -36151000, "netIncomeRatio": -0.08375887379288614, "eps": -0.26, "epsdiluted": -0.26, "weightedAverageShsOut": 244124000, "weightedAverageShsOutDil": 244124000, "link": "https://www.sec.gov/Archives/edgar/data/875320/000087532016000091/0000875320-16-000091-index.htm", "finalLink": "https://www.sec.gov/Archives/edgar/data/875320/000087532016000091/a2016q210-q.htm"}, {"date": "2016-03-31", "symbol": "VRTX", "fillingDate": "2016-05-03", "acceptedDate": "2016-05-03 17:03:32", "period": "Q1", "revenue": 398080000, "costOfRevenue": 49789000, "grossProfit": 348291000, "grossProfitRatio": 0.8749271503215434, "researchAndDevelopmentExpenses": 255860000, "generalAndAdministrativeExpenses": 105214000, "sellingAndMarketingExpenses": 0.0, "otherExpenses": 4411000.0, "operatingExpenses": 341236000, "costAndExpenses": 412410000, "interestExpense": 0.0, "depreciationAndAmortization": 16415000, "ebitda": 2085000.0, "ebitdaratio": 0.00523764067524, "operatingIncome": -14330000, "operatingIncomeRatio": -0.035997789389067524, "totalOtherIncomeExpensesNet": 4411000.0, "incomeBeforeTax": -30617000, "incomeBeforeTaxRatio": -0.07691167604501607, "incomeTaxExpense": 5485000.0, "netIncome": -36102000, "netIncomeRatio": -0.09069031350482315, "eps": -0.17, "epsdiluted": -0.17, "weightedAverageShsOut": 243831000, "weightedAverageShsOutDil": 243831000, "link": "https://www.sec.gov/Archives/edgar/data/875320/000087532016000078/0000875320-16-000078-index.htm", "finalLink": "https://www.sec.gov/Archives/edgar/data/875320/000087532016000078/a2016q110-q.htm"}, {"date": "2015-12-31", "symbol": "VRTX", "fillingDate": "2016-02-16", "acceptedDate": "2016-02-16 16:23:48", "period": "FY", "revenue": 417935000, "costOfRevenue": 62092000, "grossProfit": 355843000, "grossProfitRatio": 0.8514314426884564, "researchAndDevelopmentExpenses": 310181000, "generalAndAdministrativeExpenses": 96549000, "sellingAndMarketingExpenses": 0.0, "otherExpenses": -1690000.0, "operatingExpenses": 387369000, "costAndExpenses": 471639000, "interestExpense": 60200000, "depreciationAndAmortization": 15747000, "ebitda": -37957000, "ebitdaratio": -0.09082034287628458, "operatingIncome": -53704000, "operatingIncomeRatio": -0.12849845071602042, "totalOtherIncomeExpensesNet": -1690000.0, "incomeBeforeTax": -76048000, "incomeBeforeTaxRatio": -0.18196130977305083, "incomeTaxExpense": -1379000.0, "netIncome": -74669000, "netIncomeRatio": -0.1786617536219747, "eps": -0.31, "epsdiluted": -0.31, "weightedAverageShsOut": 241312000, "weightedAverageShsOutDil": 241312000, "link": "https://www.sec.gov/Archives/edgar/data/875320/000087532016000067/0000875320-16-000067-index.htm", "finalLink": "https://www.sec.gov/Archives/edgar/data/875320/000087532016000067/a201510k-main.htm"}, {"date": "2015-09-30", "symbol": "VRTX", "fillingDate": "2015-10-30", "acceptedDate": "2015-10-30 16:23:50", "period": "Q3", "revenue": 309816000, "costOfRevenue": 30269000, "grossProfit": 279547000, "grossProfitRatio": 0.9023000748831564, "researchAndDevelopmentExpenses": 246284000, "generalAndAdministrativeExpenses": 99772000, "sellingAndMarketingExpenses": 0.0, "otherExpenses": -1326000.0, "operatingExpenses": 326613000, "costAndExpenses": 379842000, "interestExpense": 0.0, "depreciationAndAmortization": 16168000, "ebitda": -53858000, "ebitdaratio": -0.17383866553050842, "operatingIncome": -70026000, "operatingIncomeRatio": -0.22602447904562709, "totalOtherIncomeExpensesNet": -1326000.0, "incomeBeforeTax": -92486000, "incomeBeforeTaxRatio": -0.2985191210266739, "incomeTaxExpense": 1330000.0, "netIncome": -93816000, "netIncomeRatio": -0.3028119916337439, "eps": -0.39, "epsdiluted": -0.39, "weightedAverageShsOut": 240749000, "weightedAverageShsOutDil": 240749000, "link": "https://www.sec.gov/Archives/edgar/data/875320/000087532015000056/0000875320-15-000056-index.htm", "finalLink": "https://www.sec.gov/Archives/edgar/data/875320/000087532015000056/a2015q310-q.htm"}, {"date": "2015-06-30", "symbol": "VRTX", "fillingDate": "2015-08-04", "acceptedDate": "2015-08-04 16:16:59", "period": "Q2", "revenue": 166076000, "costOfRevenue": 15409000, "grossProfit": 150667000, "grossProfitRatio": 0.9072171776776897, "researchAndDevelopmentExpenses": 223858000, "generalAndAdministrativeExpenses": 94394000, "sellingAndMarketingExpenses": 0.0, "otherExpenses": 1414000.0, "operatingExpenses": 298592000, "costAndExpenses": 337240000, "interestExpense": 0.0, "depreciationAndAmortization": 14065000, "ebitda": -157099000, "ebitdaratio": -0.9459464341626725, "operatingIncome": -171164000, "operatingIncomeRatio": -1.0306365760254341, "totalOtherIncomeExpensesNet": 1414000.0, "incomeBeforeTax": -190861000, "incomeBeforeTaxRatio": -1.1492389026710663, "incomeTaxExpense": 30131000, "netIncome": -220992000, "netIncomeRatio": -1.3306678869914979, "eps": -0.78, "epsdiluted": -0.78, "weightedAverageShsOut": 240129000, "weightedAverageShsOutDil": 240129000, "link": "https://www.sec.gov/Archives/edgar/data/875320/000087532015000047/0000875320-15-000047-index.htm", "finalLink": "https://www.sec.gov/Archives/edgar/data/875320/000087532015000047/a2015q210-q.htm"}, {"date": "2015-03-31", "symbol": "VRTX", "fillingDate": "2015-05-04", "acceptedDate": "2015-05-04 16:29:38", "period": "Q1", "revenue": 138509000, "costOfRevenue": 9381000.0, "grossProfit": 129128000, "grossProfitRatio": 0.932271549141211, "researchAndDevelopmentExpenses": 215599000, "generalAndAdministrativeExpenses": 85860000, "sellingAndMarketingExpenses": 0.0, "otherExpenses": -5113000.0, "operatingExpenses": 283078000, "costAndExpenses": 310494000, "interestExpense": 0.0, "depreciationAndAmortization": 16363000, "ebitda": -155622000, "ebitdaratio": -1.123551538167195, "operatingIncome": -171985000, "operatingIncomeRatio": -1.2416882657444643, "totalOtherIncomeExpensesNet": -5113000.0, "incomeBeforeTax": -198405000, "incomeBeforeTaxRatio": -1.4324339934589088, "incomeTaxExpense": 299000.0, "netIncome": -198704000, "netIncomeRatio": -1.4345926979474257, "eps": -0.83, "epsdiluted": -0.83, "weightedAverageShsOut": 239493000, "weightedAverageShsOutDil": 239493000, "link": "https://www.sec.gov/Archives/edgar/data/875320/000087532015000029/0000875320-15-000029-index.htm", "finalLink": "https://www.sec.gov/Archives/edgar/data/875320/000087532015000029/a2015q110-q.htm"}, {"date": "2014-12-31", "symbol": "VRTX", "fillingDate": "2015-02-13", "acceptedDate": "2015-02-13 16:23:20", "period": "FY", "revenue": 144556000, "costOfRevenue": 11290000, "grossProfit": 133266000, "grossProfitRatio": 0.9218987797116688, "researchAndDevelopmentExpenses": 201463000, "generalAndAdministrativeExpenses": 78527000, "sellingAndMarketingExpenses": 0.0, "otherExpenses": -34192000, "operatingExpenses": 261550000, "costAndExpenses": 298181000, "interestExpense": 60200000, "depreciationAndAmortization": 16336000, "ebitda": -137289000, "ebitdaratio": -0.9497288248152965, "operatingIncome": -153625000, "operatingIncomeRatio": -1.0627369323999003, "totalOtherIncomeExpensesNet": -3792000.0, "incomeBeforeTax": -178594000, "incomeBeforeTaxRatio": -1.2354658402280085, "incomeTaxExpense": 2043000.0, "netIncome": -181549000, "netIncomeRatio": -1.2559077450953264, "eps": -0.74, "epsdiluted": -0.74, "weightedAverageShsOut": 235307000, "weightedAverageShsOutDil": 235307000, "link": "https://www.sec.gov/Archives/edgar/data/875320/000087532015000012/0000875320-15-000012-index.htm", "finalLink": "https://www.sec.gov/Archives/edgar/data/875320/000087532015000012/a201410k-main.htm"}, {"date": "2014-09-30", "symbol": "VRTX", "fillingDate": "2014-11-06", "acceptedDate": "2014-11-06 16:02:54", "period": "Q3", "revenue": 178987000, "costOfRevenue": 10208000, "grossProfit": 168779000, "grossProfitRatio": 0.9429679250448356, "researchAndDevelopmentExpenses": 190300000, "generalAndAdministrativeExpenses": 75224000, "sellingAndMarketingExpenses": 0.0, "otherExpenses": -3990000.0, "operatingExpenses": 249116000, "costAndExpenses": 320551000, "interestExpense": 0.0, "depreciationAndAmortization": 16961000, "ebitda": -124603000, "ebitdaratio": -0.6961567041181762, "operatingIncome": -141564000, "operatingIncomeRatio": -0.7909177761513406, "totalOtherIncomeExpensesNet": -3990000.0, "incomeBeforeTax": -165938000, "incomeBeforeTaxRatio": -0.9270952639018476, "incomeTaxExpense": 3419000.0, "netIncome": -169357000, "netIncomeRatio": -0.9461972098532295, "eps": -0.72, "epsdiluted": -0.72, "weightedAverageShsOut": 234207000, "weightedAverageShsOutDil": 234207000, "link": "https://www.sec.gov/Archives/edgar/data/875320/000087532014000063/0000875320-14-000063-index.htm", "finalLink": "https://www.sec.gov/Archives/edgar/data/875320/000087532014000063/a2014q310-q.htm"}, {"date": "2014-06-30", "symbol": "VRTX", "fillingDate": "2014-07-31", "acceptedDate": "2014-07-31 17:08:30", "period": "Q2", "revenue": 138421000, "costOfRevenue": 9655000.0, "grossProfit": 128766000, "grossProfitRatio": 0.9302490229083737, "researchAndDevelopmentExpenses": 224780000, "generalAndAdministrativeExpenses": 77446000, "sellingAndMarketingExpenses": 0.0, "otherExpenses": 37731000, "operatingExpenses": 294286000, "costAndExpenses": 319256000, "interestExpense": 0.0, "depreciationAndAmortization": 14172000, "ebitda": -166663000, "ebitdaratio": -1.204029735372523, "operatingIncome": -180835000, "operatingIncomeRatio": -1.306413044263515, "totalOtherIncomeExpensesNet": 37731000, "incomeBeforeTax": -158689000, "incomeBeforeTaxRatio": -1.1464228693623078, "incomeTaxExpense": 693000.0, "netIncome": -159382000, "netIncomeRatio": -1.151429335144234, "eps": -0.68, "epsdiluted": -0.68, "weightedAverageShsOut": 233353000, "weightedAverageShsOutDil": 233353000, "link": "https://www.sec.gov/Archives/edgar/data/875320/000087532014000058/0000875320-14-000058-index.htm", "finalLink": "https://www.sec.gov/Archives/edgar/data/875320/000087532014000058/a2014q210-q.htm"}, {"date": "2014-03-31", "symbol": "VRTX", "fillingDate": "2014-05-05", "acceptedDate": "2014-05-05 16:07:48", "period": "Q1", "revenue": 118451000, "costOfRevenue": 8572000.0, "grossProfit": 109879000, "grossProfitRatio": 0.9276325231530338, "researchAndDevelopmentExpenses": 238963000, "generalAndAdministrativeExpenses": 74212000, "sellingAndMarketingExpenses": 0.0, "otherExpenses": 451000.0, "operatingExpenses": 304362000, "costAndExpenses": 334839000, "interestExpense": 0.0, "depreciationAndAmortization": 15788000, "ebitda": -200600000, "ebitdaratio": -1.6935272813230788, "operatingIncome": -216388000, "operatingIncomeRatio": -1.826814463364598, "totalOtherIncomeExpensesNet": 451000.0, "incomeBeforeTax": -231654000, "incomeBeforeTaxRatio": -1.9556947598585068, "incomeTaxExpense": 803000.0, "netIncome": -232457000, "netIncomeRatio": -1.9624739343694861, "eps": -1.0, "epsdiluted": -1.0, "weightedAverageShsOut": 232887000, "weightedAverageShsOutDil": 232887000, "link": "https://www.sec.gov/Archives/edgar/data/875320/000087532014000026/0000875320-14-000026-index.htm", "finalLink": "https://www.sec.gov/Archives/edgar/data/875320/000087532014000026/a2014q110-q.htm"}, {"date": "2013-12-31", "symbol": "VRTX", "fillingDate": "2014-02-11", "acceptedDate": "2014-02-11 16:38:29", "period": "FY", "revenue": 351157000, "costOfRevenue": 13281000, "grossProfit": 337876000, "grossProfitRatio": 0.9621793101091535, "researchAndDevelopmentExpenses": 249609000, "generalAndAdministrativeExpenses": 75188000, "sellingAndMarketingExpenses": 0.0, "otherExpenses": -43361000, "operatingExpenses": 311050000, "costAndExpenses": 625319000, "interestExpense": 0.0, "depreciationAndAmortization": 17631000, "ebitda": -256531000, "ebitdaratio": -0.7305307882229316, "operatingIncome": -274162000, "operatingIncomeRatio": -0.78073909960502, "totalOtherIncomeExpensesNet": -43361000, "incomeBeforeTax": -340253000, "incomeBeforeTaxRatio": -0.9689483621286206, "incomeTaxExpense": -155704000, "netIncome": 44285000, "netIncomeRatio": 0.126111682239, "eps": 0.22, "epsdiluted": 0.22, "weightedAverageShsOut": 224906000, "weightedAverageShsOutDil": 224906000, "link": "https://www.sec.gov/Archives/edgar/data/875320/000087532014000015/0000875320-14-000015-index.htm", "finalLink": "https://www.sec.gov/Archives/edgar/data/875320/000087532014000015/a201310k.htm"}, {"date": "2013-09-30", "symbol": "VRTX", "fillingDate": "2013-11-07", "acceptedDate": "2013-11-07 16:22:30", "period": "Q3", "revenue": 221700000, "costOfRevenue": 20048000, "grossProfit": 201652000, "grossProfitRatio": 0.9095714930085701, "researchAndDevelopmentExpenses": 228624000, "generalAndAdministrativeExpenses": 87754000, "sellingAndMarketingExpenses": 0.0, "otherExpenses": 7291000.0, "operatingExpenses": 323669000, "costAndExpenses": 355765000, "interestExpense": 0.0, "depreciationAndAmortization": 9489000.0, "ebitda": -124576000, "ebitdaratio": -0.5619124943617501, "operatingIncome": -134065000, "operatingIncomeRatio": -0.6047135769057285, "totalOtherIncomeExpensesNet": 4652000.0, "incomeBeforeTax": -129413000, "incomeBeforeTaxRatio": -0.5837302661253947, "incomeTaxExpense": -751000.0, "netIncome": -128662000, "netIncomeRatio": -0.5803428055931439, "eps": -0.53, "epsdiluted": -0.53, "weightedAverageShsOut": 222764000, "weightedAverageShsOutDil": 222764000, "link": "https://www.sec.gov/Archives/edgar/data/875320/000087532013000045/0000875320-13-000045-index.htm", "finalLink": "https://www.sec.gov/Archives/edgar/data/875320/000087532013000045/a2013q310-q.htm"}, {"date": "2013-06-30", "symbol": "VRTX", "fillingDate": "2013-08-02", "acceptedDate": "2013-08-02 16:02:47", "period": "Q2", "revenue": 310750000, "costOfRevenue": 24695000, "grossProfit": 286055000, "grossProfitRatio": 0.9205309734513274, "researchAndDevelopmentExpenses": 222455000, "generalAndAdministrativeExpenses": 106521000, "sellingAndMarketingExpenses": 0.0, "otherExpenses": 13236000, "operatingExpenses": 342212000, "costAndExpenses": 367683000, "interestExpense": 0.0, "depreciationAndAmortization": 10554000, "ebitda": -46379000, "ebitdaratio": -0.14924859211584876, "operatingIncome": -56933000, "operatingIncomeRatio": -0.1832115848753017, "totalOtherIncomeExpensesNet": -6578000.0, "incomeBeforeTax": -63511000, "incomeBeforeTaxRatio": -0.20437972646822206, "incomeTaxExpense": -1799000.0, "netIncome": -61712000, "netIncomeRatio": -0.19859050683829446, "eps": -0.24, "epsdiluted": -0.24, "weightedAverageShsOut": 218795000, "weightedAverageShsOutDil": 218795000, "link": "https://www.sec.gov/Archives/edgar/data/875320/000087532013000038/0000875320-13-000038-index.htm", "finalLink": "https://www.sec.gov/Archives/edgar/data/875320/000087532013000038/a2013q210-q.htm"}, {"date": "2013-03-31", "symbol": "VRTX", "fillingDate": "2013-05-08", "acceptedDate": "2013-05-08 16:33:48", "period": "Q1", "revenue": 328368000, "costOfRevenue": 30955000, "grossProfit": 297413000, "grossProfitRatio": 0.9057307654826292, "researchAndDevelopmentExpenses": 218095000, "generalAndAdministrativeExpenses": 92879000, "sellingAndMarketingExpenses": 0.0, "otherExpenses": 11788000, "operatingExpenses": 322762000, "costAndExpenses": 766656000, "interestExpense": 0.0, "depreciationAndAmortization": 10691000, "ebitda": -427597000, "ebitdaratio": -1.3021883983823028, "operatingIncome": -438288000, "operatingIncomeRatio": -1.3347463821078789, "totalOtherIncomeExpensesNet": -4652000.0, "incomeBeforeTax": -442940000, "incomeBeforeTaxRatio": -1.3489134142181942, "incomeTaxExpense": -130313000, "netIncome": -312627000, "netIncomeRatio": -0.9520629293962871, "eps": -1.43, "epsdiluted": -1.43, "weightedAverageShsOut": 215421000, "weightedAverageShsOutDil": 215421000, "link": "https://www.sec.gov/Archives/edgar/data/875320/000087532013000024/0000875320-13-000024-index.htm", "finalLink": "https://www.sec.gov/Archives/edgar/data/875320/000087532013000024/a2013q110-q.htm"}, {"date": "2012-12-31", "symbol": "VRTX", "fillingDate": "2013-03-01", "acceptedDate": "2013-03-01 16:01:47", "period": "FY", "revenue": 333994000, "costOfRevenue": 75595000, "grossProfit": 258399000, "grossProfitRatio": 0.7736635987472829, "researchAndDevelopmentExpenses": 213109000, "generalAndAdministrativeExpenses": 110452000, "sellingAndMarketingExpenses": 0.0, "otherExpenses": 12120000, "operatingExpenses": 335681000, "costAndExpenses": 411470000, "interestExpense": 3793000.0, "depreciationAndAmortization": 12373000, "ebitda": -65103000, "ebitdaratio": -0.1949226632813763, "operatingIncome": -77476000, "operatingIncomeRatio": -0.2319682389504003, "totalOtherIncomeExpensesNet": 0.0, "incomeBeforeTax": -80772000, "incomeBeforeTaxRatio": -0.24183667970083295, "incomeTaxExpense": -2696000.0, "netIncome": -78076000, "netIncomeRatio": -0.23376467840739654, "eps": -0.35, "epsdiluted": -0.35, "weightedAverageShsOut": 211946000, "weightedAverageShsOutDil": 211946000, "link": "https://www.sec.gov/Archives/edgar/data/875320/000087532013000009/0000875320-13-000009-index.htm", "finalLink": "https://www.sec.gov/Archives/edgar/data/875320/000087532013000009/vrtx10k_12312012.htm"}, {"date": "2012-09-30", "symbol": "VRTX", "fillingDate": "2012-11-06", "acceptedDate": "2012-11-06 16:32:20", "period": "Q3", "revenue": 336006000, "costOfRevenue": 30680000, "grossProfit": 305326000, "grossProfitRatio": 0.908692106688571, "researchAndDevelopmentExpenses": 200161000, "generalAndAdministrativeExpenses": 97684000, "sellingAndMarketingExpenses": 0.0, "otherExpenses": 7856000.0, "operatingExpenses": 305701000, "costAndExpenses": 337077000, "interestExpense": 4560000.0, "depreciationAndAmortization": 8593000.0, "ebitda": 7522000.0, "ebitdaratio": 0.0223865050029, "operatingIncome": -1071000.0, "operatingIncomeRatio": -0.003187443081373547, "totalOtherIncomeExpensesNet": 0.0, "incomeBeforeTax": -5112000.0, "incomeBeforeTaxRatio": -0.015214014035463653, "incomeTaxExpense": 21355000, "netIncome": -26467000, "netIncomeRatio": -0.07876942673642733, "eps": -0.28, "epsdiluted": -0.27, "weightedAverageShsOut": 211053000, "weightedAverageShsOutDil": 211053000, "link": "https://www.sec.gov/Archives/edgar/data/875320/000104746912010125/0001047469-12-010125-index.htm", "finalLink": "https://www.sec.gov/Archives/edgar/data/875320/000104746912010125/a2211595z10-q.htm"}, {"date": "2012-06-30", "symbol": "VRTX", "fillingDate": "2012-08-08", "acceptedDate": "2012-08-08 16:31:41", "period": "Q2", "revenue": 418305000, "costOfRevenue": 104549000, "grossProfit": 313756000, "grossProfitRatio": 0.7500651438543646, "researchAndDevelopmentExpenses": 196544000, "generalAndAdministrativeExpenses": 117514000, "sellingAndMarketingExpenses": 0.0, "otherExpenses": 9874000.0, "operatingExpenses": 323932000, "costAndExpenses": 429075000, "interestExpense": 4195000.0, "depreciationAndAmortization": 8665000.0, "ebitda": -2105000.0, "ebitdaratio": -0.005032213337158293, "operatingIncome": -10770000, "operatingIncomeRatio": -0.02574676372503317, "totalOtherIncomeExpensesNet": 0.0, "incomeBeforeTax": -14405000, "incomeBeforeTaxRatio": -0.034436595307251884, "incomeTaxExpense": 20063000, "netIncome": -34468000, "netIncomeRatio": -0.08239920632074682, "eps": -0.31, "epsdiluted": -0.31, "weightedAverageShsOut": 209681000, "weightedAverageShsOutDil": 212957000, "link": "https://www.sec.gov/Archives/edgar/data/875320/000104746912007979/0001047469-12-007979-index.htm", "finalLink": "https://www.sec.gov/Archives/edgar/data/875320/000104746912007979/a2210334z10-q.htm"}, {"date": "2012-03-31", "symbol": "VRTX", "fillingDate": "2012-05-10", "acceptedDate": "2012-05-10 16:17:07", "period": "Q1", "revenue": 438737000, "costOfRevenue": 25918000, "grossProfit": 412819000, "grossProfitRatio": 0.9409258849834867, "researchAndDevelopmentExpenses": 196371000, "generalAndAdministrativeExpenses": 111146000, "sellingAndMarketingExpenses": 0.0, "otherExpenses": 13293000, "operatingExpenses": 320810000, "costAndExpenses": 347088000, "interestExpense": 4105000.0, "depreciationAndAmortization": 8560000.0, "ebitda": 100209000, "ebitdaratio": 0.228403348703, "operatingIncome": 91649000, "operatingIncomeRatio": 0.208892799103, "totalOtherIncomeExpensesNet": 0.0, "incomeBeforeTax": 87908000, "incomeBeforeTaxRatio": 0.200366050732, "incomeTaxExpense": 32000.0, "netIncome": 91590000, "netIncomeRatio": 0.208758322184, "eps": 0.44, "epsdiluted": 0.43, "weightedAverageShsOut": 208018000, "weightedAverageShsOutDil": 219264000, "link": "https://www.sec.gov/Archives/edgar/data/875320/000104746912005755/0001047469-12-005755-index.htm", "finalLink": "https://www.sec.gov/Archives/edgar/data/875320/000104746912005755/a2209148z10-q.htm"}, {"date": "2011-12-31", "symbol": "VRTX", "fillingDate": "2012-02-22", "acceptedDate": "2012-02-22 17:08:51", "period": "FY", "revenue": 563340000, "costOfRevenue": 22936000, "grossProfit": 540404000, "grossProfitRatio": 0.9592856889267583, "researchAndDevelopmentExpenses": 186438000, "generalAndAdministrativeExpenses": 121881000, "sellingAndMarketingExpenses": 0.0, "otherExpenses": 7191000.0, "operatingExpenses": 315510000, "costAndExpenses": 339438000, "interestExpense": 12430000, "depreciationAndAmortization": 16277000, "ebitda": 240179000, "ebitdaratio": 0.426348208897, "operatingIncome": 223902000, "operatingIncomeRatio": 0.397454467994, "totalOtherIncomeExpensesNet": 0.0, "incomeBeforeTax": 210801000, "incomeBeforeTaxRatio": 0.374198530195, "incomeTaxExpense": 22660000, "netIncome": 158629000, "netIncomeRatio": 0.281586608443, "eps": 0.77, "epsdiluted": 0.77, "weightedAverageShsOut": 204891000, "weightedAverageShsOutDil": 208807000, "link": "https://www.sec.gov/Archives/edgar/data/875320/000104746912001298/0001047469-12-001298-index.htm", "finalLink": "https://www.sec.gov/Archives/edgar/data/875320/000104746912001298/a2206536z10-k.htm"}, {"date": "2011-09-30", "symbol": "VRTX", "fillingDate": "2011-11-03", "acceptedDate": "2011-11-03 17:16:53", "period": "Q3", "revenue": 659200000, "costOfRevenue": 35285000, "grossProfit": 623915000, "grossProfitRatio": 0.9464729975728156, "researchAndDevelopmentExpenses": 189052000, "generalAndAdministrativeExpenses": 110654000, "sellingAndMarketingExpenses": 0.0, "otherExpenses": 3121000.0, "operatingExpenses": 302827000, "costAndExpenses": 443493000, "interestExpense": 7059000.0, "depreciationAndAmortization": 10419000, "ebitda": 226126000, "ebitdaratio": 0.343030946602, "operatingIncome": 215707000, "operatingIncomeRatio": 0.327225424757, "totalOtherIncomeExpensesNet": 0.0, "incomeBeforeTax": 200610000, "incomeBeforeTaxRatio": 0.30432342233, "incomeTaxExpense": -27842000, "netIncome": 221110000, "netIncomeRatio": 0.335421723301, "eps": 1.09, "epsdiluted": 1.09, "weightedAverageShsOut": 204262000, "weightedAverageShsOutDil": 204262000, "link": "https://www.sec.gov/Archives/edgar/data/875320/000104746911009007/0001047469-11-009007-index.htm", "finalLink": "https://www.sec.gov/Archives/edgar/data/875320/000104746911009007/a2206080z10-q.htm"}, {"date": "2011-06-30", "symbol": "VRTX", "fillingDate": "2011-08-09", "acceptedDate": "2011-08-09 16:13:29", "period": "Q2", "revenue": 114424000, "costOfRevenue": 5404000.0, "grossProfit": 109020000, "grossProfitRatio": 0.9527721457036985, "researchAndDevelopmentExpenses": 173604000, "generalAndAdministrativeExpenses": 96663000, "sellingAndMarketingExpenses": 0.0, "otherExpenses": 3902000.0, "operatingExpenses": 274169000, "costAndExpenses": 280314000, "interestExpense": 6962000.0, "depreciationAndAmortization": 11291000, "ebitda": -154599000, "ebitdaratio": -1.3511064112423967, "operatingIncome": -165890000, "operatingIncomeRatio": -1.4497832622526743, "totalOtherIncomeExpensesNet": 0.0, "incomeBeforeTax": -174870000, "incomeBeforeTaxRatio": -1.5282633014052995, "incomeTaxExpense": 24448000, "netIncome": -199318000, "netIncomeRatio": -1.7419247710270573, "eps": -0.85, "epsdiluted": -0.85, "weightedAverageShsOut": 203377000, "weightedAverageShsOutDil": 203377000, "link": "https://www.sec.gov/Archives/edgar/data/875320/000104746911007153/0001047469-11-007153-index.htm", "finalLink": "https://www.sec.gov/Archives/edgar/data/875320/000104746911007153/a2205008z10-q.htm"}, {"date": "2011-03-31", "symbol": "VRTX", "fillingDate": "2011-05-06", "acceptedDate": "2011-05-06 16:18:42", "period": "Q1", "revenue": 73662000, "costOfRevenue": 0.0, "grossProfit": 73662000, "grossProfitRatio": 1.0, "researchAndDevelopmentExpenses": 158612000, "generalAndAdministrativeExpenses": 71523000, "sellingAndMarketingExpenses": 0.0, "otherExpenses": 2666000.0, "operatingExpenses": 232801000, "costAndExpenses": 233561000, "interestExpense": 12001000, "depreciationAndAmortization": 15463000, "ebitda": -144436000, "ebitdaratio": -1.9607938964459286, "operatingIncome": -159899000, "operatingIncomeRatio": -2.1707121718117888, "totalOtherIncomeExpensesNet": 0.0, "incomeBeforeTax": -176096000, "incomeBeforeTaxRatio": -2.3905948793136216, "incomeTaxExpense": 0.0, "netIncome": -176096000, "netIncomeRatio": -2.3905948793136216, "eps": -0.87, "epsdiluted": -0.87, "weightedAverageShsOut": 202329000, "weightedAverageShsOutDil": 202329000, "link": "https://www.sec.gov/Archives/edgar/data/875320/000104746911004721/0001047469-11-004721-index.htm", "finalLink": "https://www.sec.gov/Archives/edgar/data/875320/000104746911004721/a2203470z10-q.htm"}, {"date": "2010-12-31", "symbol": "VRTX", "fillingDate": "2011-02-17", "acceptedDate": "2011-02-17 16:37:47", "period": "FY", "revenue": 65524000, "costOfRevenue": 0.0, "grossProfit": 65524000, "grossProfitRatio": 1.0, "researchAndDevelopmentExpenses": 168888000, "generalAndAdministrativeExpenses": 62478000, "sellingAndMarketingExpenses": 0.0, "otherExpenses": 3049000.0, "operatingExpenses": 234415000, "costAndExpenses": 232158000, "interestExpense": 7686000.0, "depreciationAndAmortization": 11773000, "ebitda": -154861000, "ebitdaratio": -2.3634240888834626, "operatingIncome": -166634000, "operatingIncomeRatio": -2.543098711922349, "totalOtherIncomeExpensesNet": 0.0, "incomeBeforeTax": -180392000, "incomeBeforeTaxRatio": -2.7530675782919234, "incomeTaxExpense": 0.0, "netIncome": -180392000, "netIncomeRatio": -2.7530675782919234, "eps": -0.9, "epsdiluted": -0.9, "weightedAverageShsOut": 200402000, "weightedAverageShsOutDil": 200402000, "link": "https://www.sec.gov/Archives/edgar/data/875320/000104746911001025/0001047469-11-001025-index.htm", "finalLink": "https://www.sec.gov/Archives/edgar/data/875320/000104746911001025/a2201820z10-k.htm"}, {"date": "2010-09-30", "symbol": "VRTX", "fillingDate": "2010-10-28", "acceptedDate": "2010-10-28 16:53:45", "period": "Q3", "revenue": 23795000, "costOfRevenue": 0.0, "grossProfit": 23795000, "grossProfitRatio": 1.0, "researchAndDevelopmentExpenses": 170434000, "generalAndAdministrativeExpenses": 48855000, "sellingAndMarketingExpenses": 0.0, "otherExpenses": 3228000.0, "operatingExpenses": 222517000, "costAndExpenses": 223383000, "interestExpense": 3951000.0, "depreciationAndAmortization": 10209000, "ebitda": -189379000, "ebitdaratio": -7.958772851439378, "operatingIncome": -199588000, "operatingIncomeRatio": -8.387812565665056, "totalOtherIncomeExpensesNet": 0.0, "incomeBeforeTax": -208957000, "incomeBeforeTaxRatio": -8.781550745955032, "incomeTaxExpense": 0.0, "netIncome": -208957000, "netIncomeRatio": -8.781550745955032, "eps": -1.04, "epsdiluted": -1.04, "weightedAverageShsOut": 200080000, "weightedAverageShsOutDil": 200080000, "link": "https://www.sec.gov/Archives/edgar/data/875320/000104746910008963/0001047469-10-008963-index.htm", "finalLink": "https://www.sec.gov/Archives/edgar/data/875320/000104746910008963/a2200597z10-q.htm"}, {"date": "2010-06-30", "symbol": "VRTX", "fillingDate": "2010-08-03", "acceptedDate": "2010-08-03 16:41:27", "period": "Q2", "revenue": 31622000, "costOfRevenue": 0.0, "grossProfit": 31622000, "grossProfitRatio": 1.0, "researchAndDevelopmentExpenses": 155082000, "generalAndAdministrativeExpenses": 40915000, "sellingAndMarketingExpenses": 0.0, "otherExpenses": 3086000.0, "operatingExpenses": 199083000, "costAndExpenses": 201195000, "interestExpense": 3683000.0, "depreciationAndAmortization": 11251000, "ebitda": -158322000, "ebitdaratio": -5.0067041932831575, "operatingIncome": -169573000, "operatingIncomeRatio": -5.362500790588831, "totalOtherIncomeExpensesNet": 0.0, "incomeBeforeTax": -200006000, "incomeBeforeTaxRatio": -6.324900385807349, "incomeTaxExpense": 0.0, "netIncome": -200006000, "netIncomeRatio": -6.324900385807349, "eps": -1.0, "epsdiluted": -1.0, "weightedAverageShsOut": 199670000, "weightedAverageShsOutDil": 199670000, "link": "https://www.sec.gov/Archives/edgar/data/875320/000104746910006916/0001047469-10-006916-index.htm", "finalLink": "https://www.sec.gov/Archives/edgar/data/875320/000104746910006916/a2199547z10-q.htm"}, {"date": "2010-03-31", "symbol": "VRTX", "fillingDate": "2010-05-03", "acceptedDate": "2010-05-03 16:33:34", "period": "Q1", "revenue": 22429000, "costOfRevenue": 0.0, "grossProfit": 22429000, "grossProfitRatio": 1.0, "researchAndDevelopmentExpenses": 143012000, "generalAndAdministrativeExpenses": 35552000, "sellingAndMarketingExpenses": 0.0, "otherExpenses": 3367000.0, "operatingExpenses": 181931000, "costAndExpenses": 182711000, "interestExpense": 3955000.0, "depreciationAndAmortization": 10815000, "ebitda": -149467000, "ebitdaratio": -6.6640064202594855, "operatingIncome": -160282000, "operatingIncomeRatio": -7.146194658700789, "totalOtherIncomeExpensesNet": 0.0, "incomeBeforeTax": -165271000, "incomeBeforeTaxRatio": -7.368629898791743, "incomeTaxExpense": 0.0, "netIncome": -165271000, "netIncomeRatio": -7.368629898791743, "eps": -0.83, "epsdiluted": -0.83, "weightedAverageShsOut": 198935000, "weightedAverageShsOutDil": 198935000, "link": "https://www.sec.gov/Archives/edgar/data/875320/000104746910004633/0001047469-10-004633-index.htm", "finalLink": "https://www.sec.gov/Archives/edgar/data/875320/000104746910004633/a2198073z10-q.htm"}, {"date": "2009-12-31", "symbol": "VRTX", "fillingDate": "2010-02-19", "acceptedDate": "2010-02-19 17:27:39", "period": "FY", "revenue": 33889000, "costOfRevenue": 0.0, "grossProfit": 33889000, "grossProfitRatio": 1.0, "researchAndDevelopmentExpenses": 502165000, "generalAndAdministrativeExpenses": 32574000, "sellingAndMarketingExpenses": 0.0, "otherExpenses": 0.0, "operatingExpenses": 534739000, "costAndExpenses": 180608000, "interestExpense": 4562000.0, "depreciationAndAmortization": 8383000.0, "ebitda": -138336000, "ebitdaratio": -4.082032517926171, "operatingIncome": -146719000, "operatingIncomeRatio": -4.329398920003541, "totalOtherIncomeExpensesNet": 0.0, "incomeBeforeTax": -158644000, "incomeBeforeTaxRatio": -4.681283012186845, "incomeTaxExpense": 0.0, "netIncome": -158644000, "netIncomeRatio": -4.681283012186845, "eps": -3.71, "epsdiluted": -3.71, "weightedAverageShsOut": 173259000, "weightedAverageShsOutDil": 173259000, "link": "https://www.sec.gov/Archives/edgar/data/875320/000104746910001033/0001047469-10-001033-index.htm", "finalLink": "https://www.sec.gov/Archives/edgar/data/875320/000104746910001033/a2196377z10-k.htm"}, {"date": "2009-09-30", "symbol": "VRTX", "fillingDate": "2009-11-09", "acceptedDate": "2009-11-09 16:45:01", "period": "Q3", "revenue": 24957000, "costOfRevenue": 0.0, "grossProfit": 24957000, "grossProfitRatio": 1.0, "researchAndDevelopmentExpenses": 17123000, "generalAndAdministrativeExpenses": 36572000, "sellingAndMarketingExpenses": 0.0, "otherExpenses": 0.0, "operatingExpenses": 53695000, "costAndExpenses": 173190000, "interestExpense": 1927000.0, "depreciationAndAmortization": 6815000.0, "ebitda": -141418000, "ebitdaratio": -5.666466322073967, "operatingIncome": -148233000, "operatingIncomeRatio": -5.939536001923308, "totalOtherIncomeExpensesNet": 0.0, "incomeBeforeTax": -149565000, "incomeBeforeTaxRatio": -5.99290780141844, "incomeTaxExpense": 0.0, "netIncome": -149565000, "netIncomeRatio": -5.99290780141844, "eps": -2.86, "epsdiluted": -2.86, "weightedAverageShsOut": 169137000, "weightedAverageShsOutDil": 169137000, "link": "https://www.sec.gov/Archives/edgar/data/875320/000104746909009834/0001047469-09-009834-index.htm", "finalLink": "https://www.sec.gov/Archives/edgar/data/875320/000104746909009834/a2195217z10-q.htm"}, {"date": "2009-06-30", "symbol": "VRTX", "fillingDate": "2009-08-10", "acceptedDate": "2009-08-10 16:21:21", "period": "Q2", "revenue": 19064000, "costOfRevenue": 0.0, "grossProfit": 19064000, "grossProfitRatio": 1.0, "researchAndDevelopmentExpenses": 13147000, "generalAndAdministrativeExpenses": 32526000, "sellingAndMarketingExpenses": 0.0, "otherExpenses": 0.0, "operatingExpenses": 45673000, "costAndExpenses": 176231000, "interestExpense": 3325000.0, "depreciationAndAmortization": 7745000.0, "ebitda": -149422000, "ebitdaratio": -7.837914393621485, "operatingIncome": -157167000, "operatingIncomeRatio": -8.244177507343684, "totalOtherIncomeExpensesNet": 0.0, "incomeBeforeTax": -171297000, "incomeBeforeTaxRatio": -8.985365086026018, "incomeTaxExpense": 0.0, "netIncome": -171297000, "netIncomeRatio": -8.985365086026018, "eps": -2.03, "epsdiluted": -2.03, "weightedAverageShsOut": 164258000, "weightedAverageShsOutDil": 164258000, "link": "https://www.sec.gov/Archives/edgar/data/875320/000104746909007495/0001047469-09-007495-index.htm", "finalLink": "https://www.sec.gov/Archives/edgar/data/875320/000104746909007495/a2194024z10-q.htm"}, {"date": "2009-03-31", "symbol": "VRTX", "fillingDate": "2009-05-11", "acceptedDate": "2009-05-11 16:31:15", "period": "Q1", "revenue": 23979000, "costOfRevenue": 0.0, "grossProfit": 23979000, "grossProfitRatio": 1.0, "researchAndDevelopmentExpenses": 17839000, "generalAndAdministrativeExpenses": 28520000, "sellingAndMarketingExpenses": 0.0, "otherExpenses": 0.0, "operatingExpenses": 46359000, "costAndExpenses": 185872000, "interestExpense": 3378000.0, "depreciationAndAmortization": 7164000.0, "ebitda": -154729000, "ebitdaratio": -6.452687768464073, "operatingIncome": -161893000, "operatingIncomeRatio": -6.751449184703282, "totalOtherIncomeExpensesNet": 0.0, "incomeBeforeTax": -162672000, "incomeBeforeTaxRatio": -6.783935943950957, "incomeTaxExpense": 0.0, "netIncome": -162672000, "netIncomeRatio": -6.783935943950957, "eps": -1.04, "epsdiluted": -1.04, "weightedAverageShsOut": 155860000, "weightedAverageShsOutDil": 155860000, "link": "https://www.sec.gov/Archives/edgar/data/875320/000104746909005373/0001047469-09-005373-index.htm", "finalLink": "https://www.sec.gov/Archives/edgar/data/875320/000104746909005373/a2192154z10-q.htm"}, {"date": "2008-12-31", "symbol": "VRTX", "fillingDate": "2009-02-17", "acceptedDate": "2009-02-13 17:58:57", "period": "FY", "revenue": 32811000, "costOfRevenue": 0.0, "grossProfit": 32811000, "grossProfitRatio": 1.0, "researchAndDevelopmentExpenses": 23683000, "generalAndAdministrativeExpenses": 24208000, "sellingAndMarketingExpenses": 0.0, "otherExpenses": 0.0, "operatingExpenses": 47891000, "costAndExpenses": 174674000, "interestExpense": 3912000.0, "depreciationAndAmortization": 8575000.0, "ebitda": -133288000, "ebitdaratio": -4.062296181158758, "operatingIncome": -141863000, "operatingIncomeRatio": -4.323641461704916, "totalOtherIncomeExpensesNet": 0.0, "incomeBeforeTax": -142332000, "incomeBeforeTaxRatio": -4.337935448477645, "incomeTaxExpense": 0.0, "netIncome": -142332000, "netIncomeRatio": -4.337935448477645, "eps": -3.27, "epsdiluted": -3.27, "weightedAverageShsOut": 140556000, "weightedAverageShsOutDil": 140556000, "link": "https://www.sec.gov/Archives/edgar/data/875320/000104746909001305/0001047469-09-001305-index.htm", "finalLink": "https://www.sec.gov/Archives/edgar/data/875320/000104746909001305/a2190245z10-k.htm"}, {"date": "2008-09-30", "symbol": "VRTX", "fillingDate": "2008-11-05", "acceptedDate": "2008-11-05 17:04:39", "period": "Q3", "revenue": 31609000, "costOfRevenue": 0.0, "grossProfit": 31609000, "grossProfitRatio": 1.0, "researchAndDevelopmentExpenses": 23846000, "generalAndAdministrativeExpenses": 27190000, "sellingAndMarketingExpenses": 0.0, "otherExpenses": 0.0, "operatingExpenses": 51036000, "costAndExpenses": 162237000, "interestExpense": 3812000.0, "depreciationAndAmortization": 7953000.0, "ebitda": -122675000, "ebitdaratio": -3.881014900819387, "operatingIncome": -130628000, "operatingIncomeRatio": -4.1326204561991835, "totalOtherIncomeExpensesNet": 0.0, "incomeBeforeTax": -130044000, "incomeBeforeTaxRatio": -4.1141447056218166, "incomeTaxExpense": 0.0, "netIncome": -130044000, "netIncomeRatio": -4.1141447056218166, "eps": -2.3, "epsdiluted": -2.3, "weightedAverageShsOut": 137788000, "weightedAverageShsOutDil": 137788000, "link": "https://www.sec.gov/Archives/edgar/data/875320/000104746908011653/0001047469-08-011653-index.htm", "finalLink": "https://www.sec.gov/Archives/edgar/data/875320/000104746908011653/a2188805z10-q.htm"}, {"date": "2008-06-30", "symbol": "VRTX", "fillingDate": "2008-08-11", "acceptedDate": "2008-08-11 14:22:13", "period": "Q2", "revenue": 69409000, "costOfRevenue": 0.0, "grossProfit": 69409000, "grossProfitRatio": 1.0, "researchAndDevelopmentExpenses": 59668000, "generalAndAdministrativeExpenses": 28889000, "sellingAndMarketingExpenses": 0.0, "otherExpenses": 0.0, "operatingExpenses": 88557000, "costAndExpenses": 160890000, "interestExpense": 3833000.0, "depreciationAndAmortization": 8170000.0, "ebitda": -83311000, "ebitdaratio": -1.2002910285409674, "operatingIncome": -91481000, "operatingIncomeRatio": -1.3179991067440822, "totalOtherIncomeExpensesNet": 0.0, "incomeBeforeTax": -91321000, "incomeBeforeTaxRatio": -1.3156939301819648, "incomeTaxExpense": 0.0, "netIncome": -91321000, "netIncomeRatio": -1.3156939301819648, "eps": -1.37, "epsdiluted": -1.37, "weightedAverageShsOut": 136607000, "weightedAverageShsOutDil": 136607000, "link": "https://www.sec.gov/Archives/edgar/data/875320/000104746908009124/0001047469-08-009124-index.htm", "finalLink": "https://www.sec.gov/Archives/edgar/data/875320/000104746908009124/a2186465z10-q.htm"}, {"date": "2008-03-31", "symbol": "VRTX", "fillingDate": "2008-05-12", "acceptedDate": "2008-05-12 16:58:44", "period": "Q1", "revenue": 41675000, "costOfRevenue": 0.0, "grossProfit": 41675000, "grossProfitRatio": 1.0, "researchAndDevelopmentExpenses": 30824000, "generalAndAdministrativeExpenses": 21623000, "sellingAndMarketingExpenses": 0.0, "otherExpenses": 0.0, "operatingExpenses": 52447000, "costAndExpenses": 140411000, "interestExpense": 1914000.0, "depreciationAndAmortization": 7498000.0, "ebitda": -91238000, "ebitdaratio": -2.1892741451709656, "operatingIncome": -98736000, "operatingIncomeRatio": -2.3691901619676066, "totalOtherIncomeExpensesNet": 0.0, "incomeBeforeTax": -96154000, "incomeBeforeTaxRatio": -2.307234553089382, "incomeTaxExpense": 0.0, "netIncome": -96154000, "netIncomeRatio": -2.307234553089382, "eps": -0.72, "epsdiluted": -0.72, "weightedAverageShsOut": 134471000, "weightedAverageShsOutDil": 134471000, "link": "https://www.sec.gov/Archives/edgar/data/875320/000104746908006420/0001047469-08-006420-index.htm", "finalLink": "https://www.sec.gov/Archives/edgar/data/875320/000104746908006420/a2185347z10-q.htm"}, {"date": "2007-12-31", "symbol": "VRTX", "fillingDate": "2008-02-11", "acceptedDate": "2008-02-11 16:26:52", "period": "FY", "revenue": 157998000, "costOfRevenue": 0.0, "grossProfit": 157998000, "grossProfitRatio": 1.0, "researchAndDevelopmentExpenses": 122547000, "generalAndAdministrativeExpenses": 63311000, "sellingAndMarketingExpenses": 0.0, "otherExpenses": 0.0, "operatingExpenses": 185858000, "costAndExpenses": 463995000, "interestExpense": 1791000.0, "depreciationAndAmortization": 27459000, "ebitda": -278538000, "ebitdaratio": -1.7629210496335397, "operatingIncome": -305997000, "operatingIncomeRatio": -1.9367143887897316, "totalOtherIncomeExpensesNet": 0.0, "incomeBeforeTax": -284246000, "incomeBeforeTaxRatio": -1.7990480892163192, "incomeTaxExpense": 0.0, "netIncome": -284246000, "netIncomeRatio": -1.7990480892163192, "eps": -3.03, "epsdiluted": -3.03, "weightedAverageShsOut": 128986000, "weightedAverageShsOutDil": 128986000, "link": "https://www.sec.gov/Archives/edgar/data/875320/000104746908001101/0001047469-08-001101-index.htm", "finalLink": "https://www.sec.gov/Archives/edgar/data/875320/000104746908001101/a2182258z10-k.htm"}, {"date": "2007-09-30", "symbol": "VRTX", "fillingDate": "2007-11-09", "acceptedDate": "2007-11-09 16:06:22", "period": "Q3", "revenue": 41014000, "costOfRevenue": 0.0, "grossProfit": 41014000, "grossProfitRatio": 1.0, "researchAndDevelopmentExpenses": 28492000, "generalAndAdministrativeExpenses": 21416000, "sellingAndMarketingExpenses": 0.0, "otherExpenses": 0.0, "operatingExpenses": 49908000, "costAndExpenses": 154809000, "interestExpense": 494000.0, "depreciationAndAmortization": -13173000, "ebitda": -126968000, "ebitdaratio": -3.0957234115180183, "operatingIncome": -113795000, "operatingIncomeRatio": -2.774540400838738, "totalOtherIncomeExpensesNet": 0.0, "incomeBeforeTax": -107033000, "incomeBeforeTaxRatio": -2.609669868825279, "incomeTaxExpense": 0.0, "netIncome": -107033000, "netIncomeRatio": -2.609669868825279, "eps": -0.82, "epsdiluted": -0.82, "weightedAverageShsOut": 130006000, "weightedAverageShsOutDil": 130006000, "link": "https://www.sec.gov/Archives/edgar/data/875320/000104746907008891/0001047469-07-008891-index.htm", "finalLink": "https://www.sec.gov/Archives/edgar/data/875320/000104746907008891/a2180618z10-q.htm"}, {"date": "2007-06-30", "symbol": "VRTX", "fillingDate": "2007-08-09", "acceptedDate": "2007-08-09 15:50:57", "period": "Q2", "revenue": 38196000, "costOfRevenue": 0.0, "grossProfit": 38196000, "grossProfitRatio": 1.0, "researchAndDevelopmentExpenses": 27229000, "generalAndAdministrativeExpenses": 23322000, "sellingAndMarketingExpenses": 0.0, "otherExpenses": 0.0, "operatingExpenses": 50551000, "costAndExpenses": 163816000, "interestExpense": 570000.0, "depreciationAndAmortization": 6852000.0, "ebitda": -118768000, "ebitdaratio": -3.1094355429887948, "operatingIncome": -125620000, "operatingIncomeRatio": -3.288826055084302, "totalOtherIncomeExpensesNet": 0.0, "incomeBeforeTax": -117767000, "incomeBeforeTaxRatio": -3.0832286103256887, "incomeTaxExpense": 0.0, "netIncome": -117767000, "netIncomeRatio": -3.0832286103256887, "eps": -1.56, "epsdiluted": -1.56, "weightedAverageShsOut": 127527000, "weightedAverageShsOutDil": 127527000, "link": "https://www.sec.gov/Archives/edgar/data/875320/000110465907060866/0001104659-07-060866-index.htm", "finalLink": "https://www.sec.gov/Archives/edgar/data/875320/000110465907060866/a07-18255_110q.htm"}, {"date": "2007-03-31", "symbol": "VRTX", "fillingDate": "2007-05-10", "acceptedDate": "2007-05-10 17:06:10", "period": "Q1", "revenue": 68810000, "costOfRevenue": 0.0, "grossProfit": 68810000, "grossProfitRatio": 1.0, "researchAndDevelopmentExpenses": 59014000, "generalAndAdministrativeExpenses": 16537000, "sellingAndMarketingExpenses": 0.0, "otherExpenses": 0.0, "operatingExpenses": 75551000, "costAndExpenses": 157439000, "interestExpense": 1221000.0, "depreciationAndAmortization": 6321000.0, "ebitda": -82308000, "ebitdaratio": -1.1961633483505305, "operatingIncome": -88629000, "operatingIncomeRatio": -1.2880249963668071, "totalOtherIncomeExpensesNet": 0.0, "incomeBeforeTax": -80728000, "incomeBeforeTaxRatio": -1.1732015695393112, "incomeTaxExpense": 0.0, "netIncome": -80728000, "netIncomeRatio": -1.1732015695393112, "eps": -0.64, "epsdiluted": -0.64, "weightedAverageShsOut": 125756000, "weightedAverageShsOutDil": 125756000, "link": "https://www.sec.gov/Archives/edgar/data/875320/000110465907038383/0001104659-07-038383-index.htm", "finalLink": "https://www.sec.gov/Archives/edgar/data/875320/000110465907038383/a07-11010_110q.htm"}, {"date": "2006-12-31", "symbol": "VRTX", "fillingDate": "2007-03-01", "acceptedDate": "2007-03-01 16:20:58", "period": "FY", "revenue": 94254000, "costOfRevenue": 0.0, "grossProfit": 94254000, "grossProfitRatio": 1.0, "researchAndDevelopmentExpenses": 82132000, "generalAndAdministrativeExpenses": 57860000, "sellingAndMarketingExpenses": 0.0, "otherExpenses": 0.0, "operatingExpenses": 139992000, "costAndExpenses": 129187000, "interestExpense": 1474000.0, "depreciationAndAmortization": 6875000.0, "ebitda": -28058000, "ebitdaratio": -0.2976849788868377, "operatingIncome": -34933000, "operatingIncomeRatio": -0.3706261803212596, "totalOtherIncomeExpensesNet": 0.0, "incomeBeforeTax": -27344000, "incomeBeforeTaxRatio": -0.29010970356695737, "incomeTaxExpense": 0.0, "netIncome": -27344000, "netIncomeRatio": -0.29010970356695737, "eps": -1.84, "epsdiluted": -1.84, "weightedAverageShsOut": 113221000, "weightedAverageShsOutDil": 113221000, "link": "https://www.sec.gov/Archives/edgar/data/875320/000110465907015545/0001104659-07-015545-index.htm", "finalLink": "https://www.sec.gov/Archives/edgar/data/875320/000110465907015545/a07-3650_110k.htm"}, {"date": "2006-09-30", "symbol": "VRTX", "fillingDate": "2006-11-09", "acceptedDate": "2006-11-09 16:03:31", "period": "Q3", "revenue": 53289000, "costOfRevenue": 0.0, "grossProfit": 53289000, "grossProfitRatio": 1.0, "researchAndDevelopmentExpenses": 42387000, "generalAndAdministrativeExpenses": -27249000, "sellingAndMarketingExpenses": 0.0, "otherExpenses": 0.0, "operatingExpenses": 15138000, "costAndExpenses": 238329000, "interestExpense": 1767000.0, "depreciationAndAmortization": 5934000.0, "ebitda": -56193000, "ebitdaratio": -1.0544952992174745, "operatingIncome": -62127000, "operatingIncomeRatio": -1.1658503631143389, "totalOtherIncomeExpensesNet": 0.0, "incomeBeforeTax": -51802000, "incomeBeforeTaxRatio": -0.9720955544296196, "incomeTaxExpense": 0.0, "netIncome": -51802000, "netIncomeRatio": -0.9720955544296196, "eps": -1.65, "epsdiluted": -1.65, "weightedAverageShsOut": 109608000, "weightedAverageShsOutDil": 109608000, "link": "https://www.sec.gov/Archives/edgar/data/875320/000110465906073601/0001104659-06-073601-index.htm", "finalLink": "https://www.sec.gov/Archives/edgar/data/875320/000110465906073601/a06-21893_110q.htm"}, {"date": "2006-06-30", "symbol": "VRTX", "fillingDate": "2006-08-09", "acceptedDate": "2006-08-09 17:21:54", "period": "Q2", "revenue": 29726000, "costOfRevenue": 0.0, "grossProfit": 29726000, "grossProfitRatio": 1.0, "researchAndDevelopmentExpenses": 20721000, "generalAndAdministrativeExpenses": 14370000, "sellingAndMarketingExpenses": 0.0, "otherExpenses": 0.0, "operatingExpenses": 35091000, "costAndExpenses": -13965000, "interestExpense": 2357000.0, "depreciationAndAmortization": 6809000.0, "ebitda": -72413000, "ebitdaratio": -2.436015609230976, "operatingIncome": -79222000, "operatingIncomeRatio": -2.665074345690641, "totalOtherIncomeExpensesNet": 0.0, "incomeBeforeTax": -77658000, "incomeBeforeTaxRatio": -2.612460472313799, "incomeTaxExpense": 0.0, "netIncome": -77658000, "netIncomeRatio": -2.612460472313799, "eps": -1.19, "epsdiluted": -1.19, "weightedAverageShsOut": 107985000, "weightedAverageShsOutDil": 107985000, "link": "https://www.sec.gov/Archives/edgar/data/875320/000110465906053261/0001104659-06-053261-index.htm", "finalLink": "https://www.sec.gov/Archives/edgar/data/875320/000110465906053261/a06-15580_110q.htm"}, {"date": "2006-03-31", "symbol": "VRTX", "fillingDate": "2006-05-10", "acceptedDate": "2006-05-10 16:20:04", "period": "Q1", "revenue": 39087000, "costOfRevenue": 0.0, "grossProfit": 39087000, "grossProfitRatio": 1.0, "researchAndDevelopmentExpenses": 29908000, "generalAndAdministrativeExpenses": 12879000, "sellingAndMarketingExpenses": 0.0, "otherExpenses": 0.0, "operatingExpenses": 42787000, "costAndExpenses": 91843000, "interestExpense": 2357000.0, "depreciationAndAmortization": 6250000.0, "ebitda": -46506000, "ebitdaratio": -1.1898073528283062, "operatingIncome": -52756000, "operatingIncomeRatio": -1.3497070637296287, "totalOtherIncomeExpensesNet": 0.0, "incomeBeforeTax": -50087000, "incomeBeforeTaxRatio": -1.281423491186328, "incomeTaxExpense": 0.0, "netIncome": -50087000, "netIncomeRatio": -1.281423491186328, "eps": -0.48, "epsdiluted": -0.48, "weightedAverageShsOut": 107440000, "weightedAverageShsOutDil": 107440000, "link": "https://www.sec.gov/Archives/edgar/data/875320/000110465906033312/0001104659-06-033312-index.htm", "finalLink": "https://www.sec.gov/Archives/edgar/data/875320/000110465906033312/a06-9722_110q.htm"}, {"date": "2005-12-31", "symbol": "VRTX", "fillingDate": "2006-03-16", "acceptedDate": "2006-03-16 16:51:23", "period": "FY", "revenue": 63756000, "costOfRevenue": 0.0, "grossProfit": 63756000, "grossProfitRatio": 1.0, "researchAndDevelopmentExpenses": 54013000, "generalAndAdministrativeExpenses": 12811000, "sellingAndMarketingExpenses": 0.0, "otherExpenses": 8134000.0, "operatingExpenses": 66824000, "costAndExpenses": 90150000, "interestExpense": 3543000.0, "depreciationAndAmortization": 6889000.0, "ebitda": -19505000, "ebitdaratio": -0.3059319907145994, "operatingIncome": -26394000, "operatingIncomeRatio": -0.41398456615847923, "totalOtherIncomeExpensesNet": 0.0, "incomeBeforeTax": -38131000, "incomeBeforeTaxRatio": -0.5980770437292177, "incomeTaxExpense": 0.0, "netIncome": -38131000, "netIncomeRatio": -0.5980770437292177, "eps": -2.28, "epsdiluted": -2.28, "weightedAverageShsOut": 89241000, "weightedAverageShsOutDil": 89241000, "link": "https://www.sec.gov/Archives/edgar/data/875320/000104746906003585/0001047469-06-003585-index.htm", "finalLink": "https://www.sec.gov/Archives/edgar/data/875320/000104746906003585/a2167642z10-k.htm"}, {"date": "2005-09-30", "symbol": "VRTX", "fillingDate": "2005-11-09", "acceptedDate": "2005-11-09 17:24:05", "period": "Q3", "revenue": 36207000, "costOfRevenue": 0.0, "grossProfit": 36207000, "grossProfitRatio": 1.0, "researchAndDevelopmentExpenses": 26741000, "generalAndAdministrativeExpenses": 10738000, "sellingAndMarketingExpenses": 0.0, "otherExpenses": 0.0, "operatingExpenses": 37479000, "costAndExpenses": 78689000, "interestExpense": 4505000.0, "depreciationAndAmortization": 7029000.0, "ebitda": -35453000, "ebitdaratio": -0.9791752975943878, "operatingIncome": -42482000, "operatingIncomeRatio": -1.1733090286408705, "totalOtherIncomeExpensesNet": 0.0, "incomeBeforeTax": -79578000, "incomeBeforeTaxRatio": -2.197862291822023, "incomeTaxExpense": 0.0, "netIncome": -79578000, "netIncomeRatio": -2.197862291822023, "eps": -1.93, "epsdiluted": -1.93, "weightedAverageShsOut": 85462000, "weightedAverageShsOutDil": 85462000, "link": "https://www.sec.gov/Archives/edgar/data/875320/000110465905054164/0001104659-05-054164-index.htm", "finalLink": "https://www.sec.gov/Archives/edgar/data/875320/000110465905054164/a05-18511_110q.htm"}, {"date": "2005-06-30", "symbol": "VRTX", "fillingDate": "2005-08-09", "acceptedDate": "2005-08-09 16:49:12", "period": "Q2", "revenue": 32321000, "costOfRevenue": 0.0, "grossProfit": 32321000, "grossProfitRatio": 1.0, "researchAndDevelopmentExpenses": 24854000, "generalAndAdministrativeExpenses": 10814000, "sellingAndMarketingExpenses": 0.0, "otherExpenses": -1914000.0, "operatingExpenses": 35668000, "costAndExpenses": 70917000, "interestExpense": 4639000.0, "depreciationAndAmortization": 6531000.0, "ebitda": -32065000, "ebitdaratio": -0.9920794529872219, "operatingIncome": -38596000, "operatingIncomeRatio": -1.1941462207233686, "totalOtherIncomeExpensesNet": 0.0, "incomeBeforeTax": -40988000, "incomeBeforeTaxRatio": -1.2681538318740138, "incomeTaxExpense": 0.0, "netIncome": -40988000, "netIncomeRatio": -1.2681538318740138, "eps": -1.06, "epsdiluted": -1.06, "weightedAverageShsOut": 80859000, "weightedAverageShsOutDil": 80859000, "link": "https://www.sec.gov/Archives/edgar/data/875320/000110465905037949/0001104659-05-037949-index.htm", "finalLink": "https://www.sec.gov/Archives/edgar/data/875320/000110465905037949/a05-14130_110q.htm"}, {"date": "2005-03-31", "symbol": "VRTX", "fillingDate": "2005-05-09", "acceptedDate": "2005-05-09 17:16:09", "period": "Q1", "revenue": 28606000, "costOfRevenue": 0.0, "grossProfit": 28606000, "grossProfitRatio": 1.0, "researchAndDevelopmentExpenses": 22453000, "generalAndAdministrativeExpenses": 9627000.0, "sellingAndMarketingExpenses": 0.0, "otherExpenses": 1914000.0, "operatingExpenses": 32080000, "costAndExpenses": 71006000, "interestExpense": 4639000.0, "depreciationAndAmortization": 6840000.0, "ebitda": -35560000, "ebitdaratio": -1.24309585401664, "operatingIncome": -42400000, "operatingIncomeRatio": -1.4822065300985807, "totalOtherIncomeExpensesNet": 0.0, "incomeBeforeTax": -44720000, "incomeBeforeTaxRatio": -1.5633083968398238, "incomeTaxExpense": 0.0, "netIncome": -44720000, "netIncomeRatio": -1.5633083968398238, "eps": -0.56, "epsdiluted": -0.56, "weightedAverageShsOut": 79428000, "weightedAverageShsOutDil": 79428000, "link": "https://www.sec.gov/Archives/edgar/data/875320/000104746905013999/0001047469-05-013999-index.htm", "finalLink": "https://www.sec.gov/Archives/edgar/data/875320/000104746905013999/a2156938z10-q.htm"}, {"date": "2004-12-31", "symbol": "VRTX", "fillingDate": "2005-03-16", "acceptedDate": "2005-03-16 14:42:31", "period": "FY", "revenue": 15989000, "costOfRevenue": 0.0, "grossProfit": 15989000, "grossProfitRatio": 1.0, "researchAndDevelopmentExpenses": 14068000, "generalAndAdministrativeExpenses": 9485000.0, "sellingAndMarketingExpenses": 0.0, "otherExpenses": 3899000.0, "operatingExpenses": 23553000, "costAndExpenses": 65665000, "interestExpense": 4363000.0, "depreciationAndAmortization": 8023000.0, "ebitda": -41653000, "ebitdaratio": -2.6051035086622054, "operatingIncome": -49676000, "operatingIncomeRatio": -3.1068859841140783, "totalOtherIncomeExpensesNet": 0.0, "incomeBeforeTax": 20611000, "incomeBeforeTaxRatio": 1.289073738195009, "incomeTaxExpense": 0.0, "netIncome": 20611000, "netIncomeRatio": 1.289073738195009, "eps": 0.27, "epsdiluted": 0.27, "weightedAverageShsOut": 76411000, "weightedAverageShsOutDil": 76411000, "link": "https://www.sec.gov/Archives/edgar/data/875320/000104746905006705/0001047469-05-006705-index.htm", "finalLink": "https://www.sec.gov/Archives/edgar/data/875320/000104746905006705/a2152583z10-k.htm"}, {"date": "2004-09-30", "symbol": "VRTX", "fillingDate": "2004-11-09", "acceptedDate": "2004-11-09 17:11:11", "period": "Q3", "revenue": 8287000.0, "costOfRevenue": 0.0, "grossProfit": 8287000.0, "grossProfitRatio": 1.0, "researchAndDevelopmentExpenses": 7895000.0, "generalAndAdministrativeExpenses": 440000.0, "sellingAndMarketingExpenses": 0.0, "otherExpenses": -276000.0, "operatingExpenses": 8335000.0, "costAndExpenses": 1642000.0, "interestExpense": 53000.0, "depreciationAndAmortization": 7208000.0, "ebitda": 13853000, "ebitdaratio": 1.6716543984554122, "operatingIncome": 6645000.0, "operatingIncomeRatio": 0.8018583323277423, "totalOtherIncomeExpensesNet": 0.0, "incomeBeforeTax": 5498000.0, "incomeBeforeTaxRatio": 0.6634487751900567, "incomeTaxExpense": 0.0, "netIncome": 5498000.0, "netIncomeRatio": 0.6634487751900567, "eps": -0.49, "epsdiluted": -0.49, "weightedAverageShsOut": 78742000, "weightedAverageShsOutDil": 78742000, "link": "https://www.sec.gov/Archives/edgar/data/875320/000104746904033612/0001047469-04-033612-index.htm", "finalLink": "https://www.sec.gov/Archives/edgar/data/875320/000104746904033612/a2145707z10-q.htm"}, {"date": "2004-06-30", "symbol": "VRTX", "fillingDate": "2004-08-09", "acceptedDate": "2004-08-09 14:39:05", "period": "Q2", "revenue": 1028000.0, "costOfRevenue": 0.0, "grossProfit": 1028000.0, "grossProfitRatio": 1.0, "researchAndDevelopmentExpenses": -401000.0, "generalAndAdministrativeExpenses": 438000.0, "sellingAndMarketingExpenses": 0.0, "otherExpenses": 19000.0, "operatingExpenses": 37000.0, "costAndExpenses": 6714000.0, "interestExpense": 154000.0, "depreciationAndAmortization": 7284000.0, "ebitda": 1598000.0, "ebitdaratio": 1.5544747081712063, "operatingIncome": -5686000.0, "operatingIncomeRatio": -5.531128404669261, "totalOtherIncomeExpensesNet": 0.0, "incomeBeforeTax": -3831000.0, "incomeBeforeTaxRatio": -3.7266536964980546, "incomeTaxExpense": 0.0, "netIncome": -3831000.0, "netIncomeRatio": -3.7266536964980546, "eps": -0.56, "epsdiluted": -0.56, "weightedAverageShsOut": 78807000, "weightedAverageShsOutDil": 78807000, "link": "https://www.sec.gov/Archives/edgar/data/875320/000104746904025791/0001047469-04-025791-index.htm", "finalLink": "https://www.sec.gov/Archives/edgar/data/875320/000104746904025791/a2141073z10-q.htm"}, {"date": "2004-03-31", "symbol": "VRTX", "fillingDate": "2004-05-10", "acceptedDate": "2004-05-10 15:39:04", "period": "Q1", "revenue": 17513000, "costOfRevenue": 0.0, "grossProfit": 17513000, "grossProfitRatio": 1.0, "researchAndDevelopmentExpenses": 14931000, "generalAndAdministrativeExpenses": 9722000.0, "sellingAndMarketingExpenses": 0.0, "otherExpenses": 1818000.0, "operatingExpenses": 24653000, "costAndExpenses": 54061000, "interestExpense": 4427000.0, "depreciationAndAmortization": 7125000.0, "ebitda": -29423000, "ebitdaratio": -1.6800662365100212, "operatingIncome": -36548000, "operatingIncomeRatio": -2.0869068691828927, "totalOtherIncomeExpensesNet": 0.0, "incomeBeforeTax": -40438000, "incomeBeforeTaxRatio": -2.309027579512362, "incomeTaxExpense": 0.0, "netIncome": -40438000, "netIncomeRatio": -2.309027579512362, "eps": -0.52, "epsdiluted": -0.52, "weightedAverageShsOut": 78094000, "weightedAverageShsOutDil": 78094000, "link": "https://www.sec.gov/Archives/edgar/data/875320/000104746904016647/0001047469-04-016647-index.htm", "finalLink": "https://www.sec.gov/Archives/edgar/data/875320/000104746904016647/a2135396z10-q.htm"}, {"date": "2003-12-31", "symbol": "VRTX", "fillingDate": "2004-03-15", "acceptedDate": "2004-03-15 16:14:56", "period": "FY", "revenue": 15823000, "costOfRevenue": 0.0, "grossProfit": 15823000, "grossProfitRatio": 1.0, "researchAndDevelopmentExpenses": 13820000, "generalAndAdministrativeExpenses": 9436000.0, "sellingAndMarketingExpenses": 0.0, "otherExpenses": 42394000, "operatingExpenses": 23256000, "costAndExpenses": 102254000, "interestExpense": 4334000.0, "depreciationAndAmortization": 5821000.0, "ebitda": -80610000, "ebitdaratio": -5.094482715035076, "operatingIncome": -86431000, "operatingIncomeRatio": -5.462364911837199, "totalOtherIncomeExpensesNet": 0.0, "incomeBeforeTax": -86421000, "incomeBeforeTaxRatio": -5.461732920432282, "incomeTaxExpense": 0.0, "netIncome": -86421000, "netIncomeRatio": -5.461732920432282, "eps": -1.12, "epsdiluted": -1.12, "weightedAverageShsOut": 77067000, "weightedAverageShsOutDil": 77067000, "link": "https://www.sec.gov/Archives/edgar/data/875320/000104746904007993/0001047469-04-007993-index.htm", "finalLink": "https://www.sec.gov/Archives/edgar/data/875320/000104746904007993/a2129731z10-k.htm"}, {"date": "2003-09-30", "symbol": "VRTX", "fillingDate": "2003-11-14", "acceptedDate": "2003-11-14 15:51:52", "period": "Q3", "revenue": 103603000, "costOfRevenue": 1651000.0, "grossProfit": 101952000, "grossProfitRatio": 0.9840641680260224, "researchAndDevelopmentExpenses": 13820000, "generalAndAdministrativeExpenses": 9974000.0, "sellingAndMarketingExpenses": 0.0, "otherExpenses": 42394000, "operatingExpenses": 23794000, "costAndExpenses": 103603000, "interestExpense": 4334000.0, "depreciationAndAmortization": 2906000.0, "ebitda": -82345000, "ebitdaratio": -0.7948128915185854, "operatingIncome": -85251000, "operatingIncomeRatio": -0.8228622723280213, "totalOtherIncomeExpensesNet": 0.0, "incomeBeforeTax": -86421000, "incomeBeforeTaxRatio": -0.8341553816009188, "incomeTaxExpense": 0.0, "netIncome": -86421000, "netIncomeRatio": -0.8341553816009188, "eps": -2.03, "epsdiluted": -2.03, "weightedAverageShsOut": 76750000, "weightedAverageShsOutDil": 76750000, "link": "https://www.sec.gov/Archives/edgar/data/875320/000110465903026672/0001104659-03-026672-index.htm", "finalLink": "https://www.sec.gov/Archives/edgar/data/875320/000110465903026672/a03-5386_110q.htm"}, {"date": "2003-06-30", "symbol": "VRTX", "fillingDate": "2003-08-14", "acceptedDate": "2003-08-14 16:14:00", "period": "Q2", "revenue": 87377000, "costOfRevenue": 2190000.0, "grossProfit": 85187000, "grossProfitRatio": 0.9749361960241253, "researchAndDevelopmentExpenses": 13932000, "generalAndAdministrativeExpenses": 10202000, "sellingAndMarketingExpenses": 0.0, "otherExpenses": 44131000, "operatingExpenses": 24134000, "costAndExpenses": 37351000, "interestExpense": 4342000.0, "depreciationAndAmortization": 7462000.0, "ebitda": -81545000, "ebitdaratio": -0.9332547466724653, "operatingIncome": -89007000, "operatingIncomeRatio": -1.0186547947400346, "totalOtherIncomeExpensesNet": 0.0, "incomeBeforeTax": -89928000, "incomeBeforeTaxRatio": -1.0291953260011215, "incomeTaxExpense": 0.0, "netIncome": -89928000, "netIncomeRatio": -1.0291953260011215, "eps": -0.91, "epsdiluted": -0.91, "weightedAverageShsOut": 76588000, "weightedAverageShsOutDil": 76588000, "link": "https://www.sec.gov/Archives/edgar/data/875320/000110465903018700/0001104659-03-018700-index.htm", "finalLink": "https://www.sec.gov/Archives/edgar/data/875320/000110465903018700/a03-2730_110q.htm"}, {"date": "2003-03-31", "symbol": "VRTX", "fillingDate": "2003-05-15", "acceptedDate": "2003-05-15 16:23:37", "period": "Q1", "revenue": 22609000, "costOfRevenue": 3515000.0, "grossProfit": 19094000, "grossProfitRatio": 0.8445309390065903, "researchAndDevelopmentExpenses": 14068000, "generalAndAdministrativeExpenses": 11452000, "sellingAndMarketingExpenses": 0.0, "otherExpenses": 3899000.0, "operatingExpenses": 25520000, "costAndExpenses": 72635000, "interestExpense": 4363000.0, "depreciationAndAmortization": 7249000.0, "ebitda": 26455000, "ebitdaratio": 1.1701092485293467, "operatingIncome": 19206000, "operatingIncomeRatio": 0.8494847184749436, "totalOtherIncomeExpensesNet": 0.0, "incomeBeforeTax": 20611000, "incomeBeforeTaxRatio": 0.9116281126984829, "incomeTaxExpense": 0.0, "netIncome": 20611000, "netIncomeRatio": 0.9116281126984829, "eps": 0.27, "epsdiluted": 0.27, "weightedAverageShsOut": 76411000, "weightedAverageShsOutDil": 76411000, "link": "https://www.sec.gov/Archives/edgar/data/875320/000091205703000195/0000912057-03-000195-index.htm", "finalLink": "https://www.sec.gov/Archives/edgar/data/875320/000091205703000195/a2109455z10-q.htm"}, {"date": "2002-12-31", "symbol": "VRTX", "fillingDate": "2003-03-31", "acceptedDate": "2003-03-31 15:42:42", "period": "FY", "revenue": 126809000, "costOfRevenue": 19150000, "grossProfit": 107659000, "grossProfitRatio": 0.8489854821030053, "researchAndDevelopmentExpenses": 58343000, "generalAndAdministrativeExpenses": 36462000, "sellingAndMarketingExpenses": 0.0, "otherExpenses": -55000.0, "operatingExpenses": 94805000, "costAndExpenses": 210562000, "interestExpense": 13272000, "depreciationAndAmortization": 7297000.0, "ebitda": -76456000, "ebitdaratio": -0.6029225055003983, "operatingIncome": -83753000, "operatingIncomeRatio": -0.6604657398134202, "totalOtherIncomeExpensesNet": 0.0, "incomeBeforeTax": -75169000, "incomeBeforeTaxRatio": -0.5927733835926472, "incomeTaxExpense": 0.0, "netIncome": -75169000, "netIncomeRatio": -0.5927733835926472, "eps": -1.43, "epsdiluted": -1.43, "weightedAverageShsOut": 75749000, "weightedAverageShsOutDil": 75749000, "link": "https://www.sec.gov/Archives/edgar/data/875320/000104746903011252/0001047469-03-011252-index.htm", "finalLink": "https://www.sec.gov/Archives/edgar/data/875320/000104746903011252/a2105571z10-k.htm"}]