[{"date": "2020-03-31", "symbol": "CERN", "fillingDate": "2020-04-29", "acceptedDate": "2020-04-29 16:02:47", "period": "Q1", "revenue": 1411741000, "costOfRevenue": 254416000, "grossProfit": 1157325000, "grossProfitRatio": 0.8197856405672145, "researchAndDevelopmentExpenses": 185320000, "generalAndAdministrativeExpenses": 139852000, "sellingAndMarketingExpenses": 0.0, "otherExpenses": 636649000, "operatingExpenses": 961821000, "costAndExpenses": 1233365000, "interestExpense": 0.0, "depreciationAndAmortization": 172646000, "ebitda": 351022000, "ebitdaratio": 0.248644758493, "operatingIncome": 178376000, "operatingIncomeRatio": 0.126351788324, "totalOtherIncomeExpensesNet": 5595000.0, "incomeBeforeTax": 183971000, "incomeBeforeTaxRatio": 0.130314979872, "incomeTaxExpense": 36812000, "netIncome": 147159000, "netIncomeRatio": 0.104239375353, "eps": 0.48, "epsdiluted": 0.47, "weightedAverageShsOut": 309657000, "weightedAverageShsOutDil": 312240000, "link": "https://www.sec.gov/Archives/edgar/data/804753/000080475320000031/0000804753-20-000031-index.htm", "finalLink": "https://www.sec.gov/Archives/edgar/data/804753/000080475320000031/cern-20200331.htm"}, {"date": "2019-12-28", "symbol": "CERN", "fillingDate": "2020-02-10", "acceptedDate": "2020-02-10 16:03:23", "period": "FY", "revenue": 1442232000, "costOfRevenue": 277386000, "grossProfit": 1164846000, "grossProfitRatio": 0.8076689464663106, "researchAndDevelopmentExpenses": 188202000, "generalAndAdministrativeExpenses": 122293000, "sellingAndMarketingExpenses": 0.0, "otherExpenses": 648512000, "operatingExpenses": 959007000, "costAndExpenses": 1259401000, "interestExpense": 14469000, "depreciationAndAmortization": 178407000, "ebitda": 361238000, "ebitdaratio": 0.250471491411, "operatingIncome": 182831000, "operatingIncomeRatio": 0.126769479529, "totalOtherIncomeExpensesNet": 8870000.0, "incomeBeforeTax": 191701000, "incomeBeforeTaxRatio": 0.132919668958, "incomeTaxExpense": 37370000, "netIncome": 154331000, "netIncomeRatio": 0.10700844247, "eps": 0.49, "epsdiluted": 0.49, "weightedAverageShsOut": 318229000, "weightedAverageShsOutDil": 321235000, "link": "https://www.sec.gov/Archives/edgar/data/804753/000080475320000007/0000804753-20-000007-index.htm", "finalLink": "https://www.sec.gov/Archives/edgar/data/804753/000080475320000007/a201910-k.htm"}, {"date": "2019-09-28", "symbol": "CERN", "fillingDate": "2019-10-25", "acceptedDate": "2019-10-25 08:13:26", "period": "Q3", "revenue": 1429428000, "costOfRevenue": 271778000, "grossProfit": 1157650000, "grossProfitRatio": 0.809869402306377, "researchAndDevelopmentExpenses": 187526000, "generalAndAdministrativeExpenses": 152321000, "sellingAndMarketingExpenses": 0.0, "otherExpenses": 707743000, "operatingExpenses": 1047590000, "costAndExpenses": 1340651000, "interestExpense": 0.0, "depreciationAndAmortization": 173073000, "ebitda": 261850000, "ebitdaratio": 0.183185162177, "operatingIncome": 88777000, "operatingIncomeRatio": 0.0621066608462, "totalOtherIncomeExpensesNet": 13535000, "incomeBeforeTax": 102312000, "incomeBeforeTaxRatio": 0.0715754833402, "incomeTaxExpense": 20377000, "netIncome": 81935000, "netIncomeRatio": 0.0573201308495, "eps": 0.26, "epsdiluted": 0.26, "weightedAverageShsOut": 320282000, "weightedAverageShsOutDil": 323361000, "link": "https://www.sec.gov/Archives/edgar/data/804753/000080475319000062/0000804753-19-000062-index.htm", "finalLink": "https://www.sec.gov/Archives/edgar/data/804753/000080475319000062/q3201910-q.htm"}, {"date": "2019-06-29", "symbol": "CERN", "fillingDate": "2019-07-25", "acceptedDate": "2019-07-25 16:03:06", "period": "Q2", "revenue": 1431061000, "costOfRevenue": 268673000, "grossProfit": 1162388000, "grossProfitRatio": 0.8122560813270713, "researchAndDevelopmentExpenses": 181047000, "generalAndAdministrativeExpenses": 149788000, "sellingAndMarketingExpenses": 0.0, "otherExpenses": 678895000, "operatingExpenses": 1009730000, "costAndExpenses": 1299944000, "interestExpense": 0.0, "depreciationAndAmortization": 169815000, "ebitda": 300932000, "ebitdaratio": 0.210285934702, "operatingIncome": 131117000, "operatingIncomeRatio": 0.0916222299399, "totalOtherIncomeExpensesNet": 23006000, "incomeBeforeTax": 154123000, "incomeBeforeTaxRatio": 0.107698413974, "incomeTaxExpense": 27154000, "netIncome": 126969000, "netIncomeRatio": 0.0887236812407, "eps": 0.4, "epsdiluted": 0.39, "weightedAverageShsOut": 322485000, "weightedAverageShsOutDil": 325498000, "link": "https://www.sec.gov/Archives/edgar/data/804753/000080475319000043/0000804753-19-000043-index.htm", "finalLink": "https://www.sec.gov/Archives/edgar/data/804753/000080475319000043/q2201910-q.htm"}, {"date": "2019-03-30", "symbol": "CERN", "fillingDate": "2019-04-26", "acceptedDate": "2019-04-26 16:03:24", "period": "Q1", "revenue": 1389877000, "costOfRevenue": 253204000, "grossProfit": 1136673000, "grossProfitRatio": 0.8178227281982506, "researchAndDevelopmentExpenses": 180361000, "generalAndAdministrativeExpenses": 96196000, "sellingAndMarketingExpenses": 0.0, "otherExpenses": 640187000, "operatingExpenses": 916744000, "costAndExpenses": 1191933000, "interestExpense": 0.0, "depreciationAndAmortization": 166671000, "ebitda": 364615000, "ebitdaratio": 0.26233616356, "operatingIncome": 197944000, "operatingIncomeRatio": 0.142418357883, "totalOtherIncomeExpensesNet": 8432000.0, "incomeBeforeTax": 206376000, "incomeBeforeTaxRatio": 0.148485081773, "incomeTaxExpense": 40157000, "netIncome": 166219000, "netIncomeRatio": 0.119592597043, "eps": 0.51, "epsdiluted": 0.51, "weightedAverageShsOut": 324573000, "weightedAverageShsOutDil": 327003000, "link": "https://www.sec.gov/Archives/edgar/data/804753/000080475319000019/0000804753-19-000019-index.htm", "finalLink": "https://www.sec.gov/Archives/edgar/data/804753/000080475319000019/q1201910-q.htm"}, {"date": "2018-12-29", "symbol": "CERN", "fillingDate": "2019-02-08", "acceptedDate": "2019-02-08 16:51:02", "period": "FY", "revenue": 1365664000, "costOfRevenue": 236955000, "grossProfit": 1128709000, "grossProfitRatio": 0.8264909963212035, "researchAndDevelopmentExpenses": 181471000, "generalAndAdministrativeExpenses": 98922000, "sellingAndMarketingExpenses": 0.0, "otherExpenses": 662697000, "operatingExpenses": 943090000, "costAndExpenses": 1201537000, "interestExpense": 7987000.0, "depreciationAndAmortization": 168843000, "ebitda": 332970000, "ebitdaratio": 0.243815462661, "operatingIncome": 164127000, "operatingIncomeRatio": 0.120181098718, "totalOtherIncomeExpensesNet": 7662000.0, "incomeBeforeTax": 171789000, "incomeBeforeTaxRatio": 0.125791556342, "incomeTaxExpense": 40469000, "netIncome": 131320000, "netIncomeRatio": 0.0961583522741, "eps": 0.4, "epsdiluted": 0.4, "weightedAverageShsOut": 330084000, "weightedAverageShsOutDil": 333572000, "link": "https://www.sec.gov/Archives/edgar/data/804753/000080475319000009/0000804753-19-000009-index.htm", "finalLink": "https://www.sec.gov/Archives/edgar/data/804753/000080475319000009/a201810-k.htm"}, {"date": "2018-09-29", "symbol": "CERN", "fillingDate": "2018-10-26", "acceptedDate": "2018-10-26 16:03:28", "period": "Q3", "revenue": 1340073000, "costOfRevenue": 230332000, "grossProfit": 1109741000, "grossProfitRatio": 0.8281198113834097, "researchAndDevelopmentExpenses": 172297000, "generalAndAdministrativeExpenses": 102789000, "sellingAndMarketingExpenses": 0.0, "otherExpenses": 605946000, "operatingExpenses": 881032000, "costAndExpenses": 1132917000, "interestExpense": 0.0, "depreciationAndAmortization": 161103000, "ebitda": 368259000, "ebitdaratio": 0.274805178524, "operatingIncome": 207156000, "operatingIncomeRatio": 0.154585608396, "totalOtherIncomeExpensesNet": 6943000.0, "incomeBeforeTax": 214099000, "incomeBeforeTaxRatio": 0.159766669428, "incomeTaxExpense": 44718000, "netIncome": 169381000, "netIncomeRatio": 0.126396845545, "eps": 0.52, "epsdiluted": 0.51, "weightedAverageShsOut": 330789000, "weightedAverageShsOutDil": 334493000, "link": "https://www.sec.gov/Archives/edgar/data/804753/000080475318000039/0000804753-18-000039-index.htm", "finalLink": "https://www.sec.gov/Archives/edgar/data/804753/000080475318000039/q3201810-q.htm"}, {"date": "2018-06-30", "symbol": "CERN", "fillingDate": "2018-08-03", "acceptedDate": "2018-08-03 16:06:19", "period": "Q2", "revenue": 1367727000, "costOfRevenue": 238783000, "grossProfit": 1128944000, "grossProfitRatio": 0.8254161832003024, "researchAndDevelopmentExpenses": 168278000, "generalAndAdministrativeExpenses": 95464000, "sellingAndMarketingExpenses": 0.0, "otherExpenses": 635105000, "operatingExpenses": 898847000, "costAndExpenses": 1159440000, "interestExpense": 0.0, "depreciationAndAmortization": 160053000, "ebitda": 368340000, "ebitdaratio": 0.269308129473, "operatingIncome": 208287000, "operatingIncomeRatio": 0.152286969549, "totalOtherIncomeExpensesNet": 6597000.0, "incomeBeforeTax": 214884000, "incomeBeforeTaxRatio": 0.15711030052, "incomeTaxExpense": 45527000, "netIncome": 169357000, "netIncomeRatio": 0.123823687037, "eps": 0.51, "epsdiluted": 0.5, "weightedAverageShsOut": 331479000, "weightedAverageShsOutDil": 335223000, "link": "https://www.sec.gov/Archives/edgar/data/804753/000080475318000033/0000804753-18-000033-index.htm", "finalLink": "https://www.sec.gov/Archives/edgar/data/804753/000080475318000033/q2201810-q.htm"}, {"date": "2018-03-31", "symbol": "CERN", "fillingDate": "2018-05-03", "acceptedDate": "2018-05-03 07:19:23", "period": "Q1", "revenue": 1292861000, "costOfRevenue": 231278000, "grossProfit": 1061583000, "grossProfitRatio": 0.8211114729270973, "researchAndDevelopmentExpenses": 161617000, "generalAndAdministrativeExpenses": 92294000, "sellingAndMarketingExpenses": 0.0, "otherExpenses": 589948000, "operatingExpenses": 843859000, "costAndExpenses": 1097646000, "interestExpense": 0.0, "depreciationAndAmortization": 152592000, "ebitda": 347807000, "ebitdaratio": 0.269021186346, "operatingIncome": 195215000, "operatingIncomeRatio": 0.150994577143, "totalOtherIncomeExpensesNet": 4864000.0, "incomeBeforeTax": 200079000, "incomeBeforeTaxRatio": 0.154756775864, "incomeTaxExpense": 40078000, "netIncome": 160001000, "netIncomeRatio": 0.123757310337, "eps": 0.48, "epsdiluted": 0.48, "weightedAverageShsOut": 332395000, "weightedAverageShsOutDil": 336534000, "link": "https://www.sec.gov/Archives/edgar/data/804753/000080475318000018/0000804753-18-000018-index.htm", "finalLink": "https://www.sec.gov/Archives/edgar/data/804753/000080475318000018/q1201810-q.htm"}, {"date": "2017-12-30", "symbol": "CERN", "fillingDate": "2018-02-12", "acceptedDate": "2018-02-12 17:17:03", "period": "FY", "revenue": 1313785000, "costOfRevenue": 125437000, "grossProfit": 1188348000, "grossProfitRatio": 0.9045224294690531, "researchAndDevelopmentExpenses": 162476000, "generalAndAdministrativeExpenses": 92064000, "sellingAndMarketingExpenses": 0.0, "otherExpenses": 616757000, "operatingExpenses": 871297000, "costAndExpenses": 1094734000, "interestExpense": 8012000.0, "depreciationAndAmortization": 155482000, "ebitda": 374533000, "ebitdaratio": 0.285079369912, "operatingIncome": 219051000, "operatingIncomeRatio": 0.166732760688, "totalOtherIncomeExpensesNet": 2604000.0, "incomeBeforeTax": 221655000, "incomeBeforeTaxRatio": 0.168714820157, "incomeTaxExpense": -115003000, "netIncome": 336658000, "netIncomeRatio": 0.256250451938, "eps": 1.02, "epsdiluted": 1.0, "weightedAverageShsOut": 331373000, "weightedAverageShsOutDil": 337999000, "link": "https://www.sec.gov/Archives/edgar/data/804753/000080475318000006/0000804753-18-000006-index.htm", "finalLink": "https://www.sec.gov/Archives/edgar/data/804753/000080475318000006/a201710-k.htm"}, {"date": "2017-09-30", "symbol": "CERN", "fillingDate": "2017-10-27", "acceptedDate": "2017-10-27 16:02:31", "period": "Q3", "revenue": 1276007000, "costOfRevenue": 105200000, "grossProfit": 1170807000, "grossProfitRatio": 0.9175553112169448, "researchAndDevelopmentExpenses": 153834000, "generalAndAdministrativeExpenses": 84178000, "sellingAndMarketingExpenses": 0.0, "otherExpenses": 588778000, "operatingExpenses": 826790000, "costAndExpenses": 1028101000, "interestExpense": 0.0, "depreciationAndAmortization": 146352000, "ebitda": 394258000, "ebitdaratio": 0.308977928804, "operatingIncome": 247906000, "operatingIncomeRatio": 0.194282633246, "totalOtherIncomeExpensesNet": 2509000.0, "incomeBeforeTax": 250415000, "incomeBeforeTaxRatio": 0.196248923399, "incomeTaxExpense": 72991000, "netIncome": 177424000, "netIncomeRatio": 0.139046259151, "eps": 0.53, "epsdiluted": 0.52, "weightedAverageShsOut": 331319000, "weightedAverageShsOutDil": 337946000, "link": "https://www.sec.gov/Archives/edgar/data/804753/000080475317000039/0000804753-17-000039-index.htm", "finalLink": "https://www.sec.gov/Archives/edgar/data/804753/000080475317000039/q3201710-q.htm"}, {"date": "2017-07-01", "symbol": "CERN", "fillingDate": "2017-07-28", "acceptedDate": "2017-07-28 16:02:18", "period": "Q2", "revenue": 1291994000, "costOfRevenue": 117275000, "grossProfit": 1174719000, "grossProfitRatio": 0.9092294546259503, "researchAndDevelopmentExpenses": 142835000, "generalAndAdministrativeExpenses": 90633000, "sellingAndMarketingExpenses": 0.0, "otherExpenses": 590157000, "operatingExpenses": 823625000, "costAndExpenses": 1042606000, "interestExpense": 0.0, "depreciationAndAmortization": 144056000, "ebitda": 393444000, "ebitdaratio": 0.304524634015, "operatingIncome": 249388000, "operatingIncomeRatio": 0.193025664206, "totalOtherIncomeExpensesNet": 2661000.0, "incomeBeforeTax": 252049000, "incomeBeforeTaxRatio": 0.195085271294, "incomeTaxExpense": 72366000, "netIncome": 179683000, "netIncomeRatio": 0.139074175267, "eps": 0.55, "epsdiluted": 0.53, "weightedAverageShsOut": 330607000, "weightedAverageShsOutDil": 337116000, "link": "https://www.sec.gov/Archives/edgar/data/804753/000080475317000029/0000804753-17-000029-index.htm", "finalLink": "https://www.sec.gov/Archives/edgar/data/804753/000080475317000029/q2201710-q.htm"}, {"date": "2017-04-01", "symbol": "CERN", "fillingDate": "2017-04-28", "acceptedDate": "2017-04-28 16:02:26", "period": "Q1", "revenue": 1260486000, "costOfRevenue": 100409000, "grossProfit": 1160077000, "grossProfitRatio": 0.9203410430579951, "researchAndDevelopmentExpenses": 145901000, "generalAndAdministrativeExpenses": 88392000, "sellingAndMarketingExpenses": 0.0, "otherExpenses": 582592000, "operatingExpenses": 816885000, "costAndExpenses": 1016360000, "interestExpense": 0.0, "depreciationAndAmortization": 134833000, "ebitda": 378959000, "ebitdaratio": 0.300645147983, "operatingIncome": 244126000, "operatingIncomeRatio": 0.193676090016, "totalOtherIncomeExpensesNet": -1116000.0, "incomeBeforeTax": 243010000, "incomeBeforeTaxRatio": 0.192790717231, "incomeTaxExpense": 69797000, "netIncome": 173213000, "netIncomeRatio": 0.137417630977, "eps": 0.52, "epsdiluted": 0.52, "weightedAverageShsOut": 329973000, "weightedAverageShsOutDil": 336190000, "link": "https://www.sec.gov/Archives/edgar/data/804753/000080475317000016/0000804753-17-000016-index.htm", "finalLink": "https://www.sec.gov/Archives/edgar/data/804753/000080475317000016/q1201710-q.htm"}, {"date": "2016-12-31", "symbol": "CERN", "fillingDate": "2017-02-10", "acceptedDate": "2017-02-10 16:47:44", "period": "FY", "revenue": 1257819000, "costOfRevenue": 115730000, "grossProfit": 1142089000, "grossProfitRatio": 0.9079915313729559, "researchAndDevelopmentExpenses": 145967000, "generalAndAdministrativeExpenses": 125222000, "sellingAndMarketingExpenses": 0.0, "otherExpenses": 562238000, "operatingExpenses": 833427000, "costAndExpenses": 1045791000, "interestExpense": 4479000.0, "depreciationAndAmortization": 132851000, "ebitda": 344879000, "ebitdaratio": 0.274188098606, "operatingIncome": 212028000, "operatingIncomeRatio": 0.168567973611, "totalOtherIncomeExpensesNet": 3687000.0, "incomeBeforeTax": 215715000, "incomeBeforeTaxRatio": 0.171499237967, "incomeTaxExpense": 66024000, "netIncome": 149691000, "netIncomeRatio": 0.119008378789, "eps": 0.44, "epsdiluted": 0.44, "weightedAverageShsOut": 337740000, "weightedAverageShsOutDil": 343653000, "link": "https://www.sec.gov/Archives/edgar/data/804753/000080475317000004/0000804753-17-000004-index.htm", "finalLink": "https://www.sec.gov/Archives/edgar/data/804753/000080475317000004/a201610-k.htm"}, {"date": "2016-10-01", "symbol": "CERN", "fillingDate": "2016-11-02", "acceptedDate": "2016-11-02 16:02:33", "period": "Q3", "revenue": 1184557000, "costOfRevenue": 93275000, "grossProfit": 1091282000, "grossProfitRatio": 0.9212574827551566, "researchAndDevelopmentExpenses": 136755000, "generalAndAdministrativeExpenses": 87071000, "sellingAndMarketingExpenses": 0.0, "otherExpenses": 534891000, "operatingExpenses": 758717000, "costAndExpenses": 942332000, "interestExpense": 0.0, "depreciationAndAmortization": 127289000, "ebitda": 369514000, "ebitdaratio": 0.31194277692, "operatingIncome": 242225000, "operatingIncomeRatio": 0.204485727576, "totalOtherIncomeExpensesNet": -417000.0, "incomeBeforeTax": 241808000, "incomeBeforeTaxRatio": 0.204133697239, "incomeTaxExpense": 71829000, "netIncome": 169979000, "netIncomeRatio": 0.143495838529, "eps": 0.5, "epsdiluted": 0.49, "weightedAverageShsOut": 338675000, "weightedAverageShsOutDil": 344917000, "link": "https://www.sec.gov/Archives/edgar/data/804753/000080475316000092/0000804753-16-000092-index.htm", "finalLink": "https://www.sec.gov/Archives/edgar/data/804753/000080475316000092/q3201610-q.htm"}, {"date": "2016-07-02", "symbol": "CERN", "fillingDate": "2016-08-03", "acceptedDate": "2016-08-03 16:02:50", "period": "Q2", "revenue": 1215962000, "costOfRevenue": 113836000, "grossProfit": 1102126000, "grossProfitRatio": 0.9063819428567669, "researchAndDevelopmentExpenses": 135164000, "generalAndAdministrativeExpenses": 90027000, "sellingAndMarketingExpenses": 0.0, "otherExpenses": 542372000, "operatingExpenses": 767563000, "costAndExpenses": 974650000, "interestExpense": 0.0, "depreciationAndAmortization": 124970000, "ebitda": 366282000, "ebitdaratio": 0.30122816338, "operatingIncome": 241312000, "operatingIncomeRatio": 0.198453570095, "totalOtherIncomeExpensesNet": 2470000.0, "incomeBeforeTax": 243782000, "incomeBeforeTaxRatio": 0.200484883574, "incomeTaxExpense": 77328000, "netIncome": 166454000, "netIncomeRatio": 0.136890790995, "eps": 0.5, "epsdiluted": 0.49, "weightedAverageShsOut": 338657000, "weightedAverageShsOutDil": 344984000, "link": "https://www.sec.gov/Archives/edgar/data/804753/000080475316000086/0000804753-16-000086-index.htm", "finalLink": "https://www.sec.gov/Archives/edgar/data/804753/000080475316000086/q2201610-q.htm"}, {"date": "2016-04-02", "symbol": "CERN", "fillingDate": "2016-05-06", "acceptedDate": "2016-05-06 16:02:36", "period": "Q1", "revenue": 1138135000, "costOfRevenue": 89225000, "grossProfit": 1048910000, "grossProfitRatio": 0.9216042033677903, "researchAndDevelopmentExpenses": 133532000, "generalAndAdministrativeExpenses": 90134000, "sellingAndMarketingExpenses": 0.0, "otherExpenses": 520970000, "operatingExpenses": 744636000, "costAndExpenses": 922687000, "interestExpense": 0.0, "depreciationAndAmortization": 119126000, "ebitda": 334574000, "ebitdaratio": 0.293966884421, "operatingIncome": 215448000, "operatingIncomeRatio": 0.189299160469, "totalOtherIncomeExpensesNet": 1681000.0, "incomeBeforeTax": 217129000, "incomeBeforeTaxRatio": 0.190776138156, "incomeTaxExpense": 66769000, "netIncome": 150360000, "netIncomeRatio": 0.132110865583, "eps": 0.44, "epsdiluted": 0.43, "weightedAverageShsOut": 339518000, "weightedAverageShsOutDil": 345900000, "link": "https://www.sec.gov/Archives/edgar/data/804753/000080475316000074/0000804753-16-000074-index.htm", "finalLink": "https://www.sec.gov/Archives/edgar/data/804753/000080475316000074/q1201610-q.htm"}, {"date": "2016-01-02", "symbol": "CERN", "fillingDate": "2016-02-17", "acceptedDate": "2016-02-17 16:03:22", "period": "FY", "revenue": 1175294000, "costOfRevenue": 120574000, "grossProfit": 1054720000, "grossProfitRatio": 0.8974094992401901, "researchAndDevelopmentExpenses": 141263000, "generalAndAdministrativeExpenses": 94363000, "sellingAndMarketingExpenses": 0.0, "otherExpenses": 506768000, "operatingExpenses": 742394000, "costAndExpenses": 948160000, "interestExpense": 11820000, "depreciationAndAmortization": 123150000, "ebitda": 350284000, "ebitdaratio": 0.298039469273, "operatingIncome": 227134000, "operatingIncomeRatio": 0.193257176502, "totalOtherIncomeExpensesNet": 798000.0, "incomeBeforeTax": 227932000, "incomeBeforeTaxRatio": 0.193936155549, "incomeTaxExpense": 61824000, "netIncome": 166108000, "netIncomeRatio": 0.141333147281, "eps": 0.48, "epsdiluted": 0.48, "weightedAverageShsOut": 343178000, "weightedAverageShsOutDil": 350908000, "link": "https://www.sec.gov/Archives/edgar/data/804753/000080475316000061/0000804753-16-000061-index.htm", "finalLink": "https://www.sec.gov/Archives/edgar/data/804753/000080475316000061/a201510-k.htm"}, {"date": "2015-10-03", "symbol": "CERN", "fillingDate": "2015-11-04", "acceptedDate": "2015-11-04 17:03:45", "period": "Q3", "revenue": 1127887000, "costOfRevenue": 105760000, "grossProfit": 1022127000, "grossProfitRatio": 0.9062317413003252, "researchAndDevelopmentExpenses": 132814000, "generalAndAdministrativeExpenses": 98705000, "sellingAndMarketingExpenses": 0.0, "otherExpenses": 484806000, "operatingExpenses": 716325000, "costAndExpenses": 912533000, "interestExpense": 0.0, "depreciationAndAmortization": 115562000, "ebitda": 330916000, "ebitdaratio": 0.293394639711, "operatingIncome": 215354000, "operatingIncomeRatio": 0.1909357941, "totalOtherIncomeExpensesNet": 317000.0, "incomeBeforeTax": 215671000, "incomeBeforeTaxRatio": 0.191216850624, "incomeTaxExpense": 68389000, "netIncome": 147282000, "netIncomeRatio": 0.130582230312, "eps": 0.43, "epsdiluted": 0.42, "weightedAverageShsOut": 343933000, "weightedAverageShsOutDil": 351891000, "link": "https://www.sec.gov/Archives/edgar/data/804753/000080475315000050/0000804753-15-000050-index.htm", "finalLink": "https://www.sec.gov/Archives/edgar/data/804753/000080475315000050/q3201510-q.htm"}, {"date": "2015-07-04", "symbol": "CERN", "fillingDate": "2015-08-05", "acceptedDate": "2015-08-05 16:01:39", "period": "Q2", "revenue": 1125997000, "costOfRevenue": 112502000, "grossProfit": 1013495000, "grossProfitRatio": 0.9000867675491142, "researchAndDevelopmentExpenses": 138451000, "generalAndAdministrativeExpenses": 117292000, "sellingAndMarketingExpenses": 0.0, "otherExpenses": 481496000, "operatingExpenses": 737239000, "costAndExpenses": 954261000, "interestExpense": 0.0, "depreciationAndAmortization": 113068000, "ebitda": 284804000, "ebitdaratio": 0.252934954534, "operatingIncome": 171736000, "operatingIncomeRatio": 0.152519056445, "totalOtherIncomeExpensesNet": -1079000.0, "incomeBeforeTax": 170657000, "incomeBeforeTaxRatio": 0.151560794567, "incomeTaxExpense": 55619000, "netIncome": 115038000, "netIncomeRatio": 0.1021654587, "eps": 0.34, "epsdiluted": 0.32, "weightedAverageShsOut": 343880000, "weightedAverageShsOutDil": 352162000, "link": "https://www.sec.gov/Archives/edgar/data/804753/000080475315000036/0000804753-15-000036-index.htm", "finalLink": "https://www.sec.gov/Archives/edgar/data/804753/000080475315000036/q2201510-q.htm"}, {"date": "2015-04-04", "symbol": "CERN", "fillingDate": "2015-05-08", "acceptedDate": "2015-05-08 16:01:42", "period": "Q1", "revenue": 996089000, "costOfRevenue": 91499000, "grossProfit": 904590000, "grossProfitRatio": 0.9081417423543479, "researchAndDevelopmentExpenses": 127271000, "generalAndAdministrativeExpenses": 113064000, "sellingAndMarketingExpenses": 0.0, "otherExpenses": 438332000, "operatingExpenses": 678667000, "costAndExpenses": 829177000, "interestExpense": 0.0, "depreciationAndAmortization": 100445000, "ebitda": 267357000, "ebitdaratio": 0.268406738755, "operatingIncome": 166912000, "operatingIncomeRatio": 0.167567355929, "totalOtherIncomeExpensesNet": 208000.0, "incomeBeforeTax": 167120000, "incomeBeforeTaxRatio": 0.167776172611, "incomeTaxExpense": 56186000, "netIncome": 110934000, "netIncomeRatio": 0.111369566374, "eps": 0.32, "epsdiluted": 0.32, "weightedAverageShsOut": 343216000, "weightedAverageShsOutDil": 351659000, "link": "https://www.sec.gov/Archives/edgar/data/804753/000080475315000024/0000804753-15-000024-index.htm", "finalLink": "https://www.sec.gov/Archives/edgar/data/804753/000080475315000024/q1201510-q.htm"}, {"date": "2015-01-03", "symbol": "CERN", "fillingDate": "2015-02-11", "acceptedDate": "2015-02-11 16:02:16", "period": "FY", "revenue": 926031000, "costOfRevenue": 102150000, "grossProfit": 823881000, "grossProfitRatio": 0.8896905179200264, "researchAndDevelopmentExpenses": 106908000, "generalAndAdministrativeExpenses": 65969000, "sellingAndMarketingExpenses": 0.0, "otherExpenses": 392489000, "operatingExpenses": 565366000, "costAndExpenses": 720737000, "interestExpense": 3993000.0, "depreciationAndAmortization": 85141000, "ebitda": 290435000, "ebitdaratio": 0.31363420879, "operatingIncome": 205294000, "operatingIncomeRatio": 0.221692362351, "totalOtherIncomeExpensesNet": 3182000.0, "incomeBeforeTax": 208476000, "incomeBeforeTaxRatio": 0.225128532414, "incomeTaxExpense": 60604000, "netIncome": 147872000, "netIncomeRatio": 0.159683639101, "eps": 0.44, "epsdiluted": 0.42, "weightedAverageShsOut": 342150000, "weightedAverageShsOutDil": 350386000, "link": "https://www.sec.gov/Archives/edgar/data/804753/000080475315000009/0000804753-15-000009-index.htm", "finalLink": "https://www.sec.gov/Archives/edgar/data/804753/000080475315000009/a201410-k.htm"}, {"date": "2014-09-27", "symbol": "CERN", "fillingDate": "2014-10-24", "acceptedDate": "2014-10-24 16:03:06", "period": "Q3", "revenue": 840149000, "costOfRevenue": 65520000, "grossProfit": 774629000, "grossProfitRatio": 0.9220138332605288, "researchAndDevelopmentExpenses": 97026000, "generalAndAdministrativeExpenses": 68487000, "sellingAndMarketingExpenses": 0.0, "otherExpenses": 369153000, "operatingExpenses": 534666000, "costAndExpenses": 651995000, "interestExpense": 0.0, "depreciationAndAmortization": 75406000, "ebitda": 263560000, "ebitdaratio": 0.313706259247, "operatingIncome": 188154000, "operatingIncomeRatio": 0.223953132123, "totalOtherIncomeExpensesNet": 2181000.0, "incomeBeforeTax": 190335000, "incomeBeforeTaxRatio": 0.226549100219, "incomeTaxExpense": 61333000, "netIncome": 129002000, "netIncomeRatio": 0.153546573286, "eps": 0.37, "epsdiluted": 0.37, "weightedAverageShsOut": 342254000, "weightedAverageShsOutDil": 350468000, "link": "https://www.sec.gov/Archives/edgar/data/804753/000080475314000041/0000804753-14-000041-index.htm", "finalLink": "https://www.sec.gov/Archives/edgar/data/804753/000080475314000041/q3201410-q.htm"}, {"date": "2014-06-28", "symbol": "CERN", "fillingDate": "2014-07-25", "acceptedDate": "2014-07-25 16:27:11", "period": "Q2", "revenue": 851762000, "costOfRevenue": 81306000, "grossProfit": 770456000, "grossProfitRatio": 0.9045437575285115, "researchAndDevelopmentExpenses": 97326000, "generalAndAdministrativeExpenses": 57200000, "sellingAndMarketingExpenses": 0.0, "otherExpenses": 372266000, "operatingExpenses": 526792000, "costAndExpenses": 660129000, "interestExpense": 0.0, "depreciationAndAmortization": 71712000, "ebitda": 263345000, "ebitdaratio": 0.30917674186, "operatingIncome": 191633000, "operatingIncomeRatio": 0.224984209204, "totalOtherIncomeExpensesNet": 2737000.0, "incomeBeforeTax": 194370000, "incomeBeforeTaxRatio": 0.228197548141, "incomeTaxExpense": 65337000, "netIncome": 129033000, "netIncomeRatio": 0.151489500588, "eps": 0.38, "epsdiluted": 0.37, "weightedAverageShsOut": 342787000, "weightedAverageShsOutDil": 351049000, "link": "https://www.sec.gov/Archives/edgar/data/804753/000080475314000033/0000804753-14-000033-index.htm", "finalLink": "https://www.sec.gov/Archives/edgar/data/804753/000080475314000033/q2201410-q.htm"}, {"date": "2014-03-29", "symbol": "CERN", "fillingDate": "2014-04-25", "acceptedDate": "2014-04-25 16:04:49", "period": "Q1", "revenue": 784761000, "costOfRevenue": 65113000, "grossProfit": 719648000, "grossProfitRatio": 0.9170282417194534, "researchAndDevelopmentExpenses": 91545000, "generalAndAdministrativeExpenses": 55213000, "sellingAndMarketingExpenses": 0.0, "otherExpenses": 351546000, "operatingExpenses": 498304000, "costAndExpenses": 606758000, "interestExpense": 0.0, "depreciationAndAmortization": 70094000, "ebitda": 248097000, "ebitdaratio": 0.31614338633, "operatingIncome": 178003000, "operatingIncomeRatio": 0.226824472674, "totalOtherIncomeExpensesNet": 2990000.0, "incomeBeforeTax": 180993000, "incomeBeforeTaxRatio": 0.230634549882, "incomeTaxExpense": 61467000, "netIncome": 119526000, "netIncomeRatio": 0.152308792104, "eps": 0.35, "epsdiluted": 0.34, "weightedAverageShsOut": 343701000, "weightedAverageShsOutDil": 352230000, "link": "https://www.sec.gov/Archives/edgar/data/804753/000080475314000017/0000804753-14-000017-index.htm", "finalLink": "https://www.sec.gov/Archives/edgar/data/804753/000080475314000017/q1201410-q.htm"}, {"date": "2013-12-28", "symbol": "CERN", "fillingDate": "2014-02-05", "acceptedDate": "2014-02-05 16:05:13", "period": "FY", "revenue": 795328000, "costOfRevenue": 84794000, "grossProfit": 710534000, "grossProfitRatio": 0.8933848676269414, "researchAndDevelopmentExpenses": 92443000, "generalAndAdministrativeExpenses": 157182000, "sellingAndMarketingExpenses": 0.0, "otherExpenses": 338287000, "operatingExpenses": 587912000, "costAndExpenses": 711579000, "interestExpense": 4226000.0, "depreciationAndAmortization": 74078000, "ebitda": 157827000, "ebitdaratio": 0.198442655106, "operatingIncome": 83749000, "operatingIncomeRatio": 0.105301209061, "totalOtherIncomeExpensesNet": 2756000.0, "incomeBeforeTax": 86505000, "incomeBeforeTaxRatio": 0.108766446045, "incomeTaxExpense": 26442000, "netIncome": 60063000, "netIncomeRatio": 0.0755197855476, "eps": 0.18, "epsdiluted": 0.17, "weightedAverageShsOut": 343636000, "weightedAverageShsOutDil": 352281000, "link": "https://www.sec.gov/Archives/edgar/data/804753/000080475314000006/0000804753-14-000006-index.htm", "finalLink": "https://www.sec.gov/Archives/edgar/data/804753/000080475314000006/a201310-k.htm"}, {"date": "2013-09-28", "symbol": "CERN", "fillingDate": "2013-10-25", "acceptedDate": "2013-10-25 16:07:36", "period": "Q3", "revenue": 727830000, "costOfRevenue": 64389000, "grossProfit": 663441000, "grossProfitRatio": 0.9115329129054862, "researchAndDevelopmentExpenses": 82998000, "generalAndAdministrativeExpenses": 51352000, "sellingAndMarketingExpenses": 0.0, "otherExpenses": 321343000, "operatingExpenses": 455693000, "costAndExpenses": 558592000, "interestExpense": 0.0, "depreciationAndAmortization": 67228000, "ebitda": 236466000, "ebitdaratio": 0.324891801657, "operatingIncome": 169238000, "operatingIncomeRatio": 0.232524078425, "totalOtherIncomeExpensesNet": 3509000.0, "incomeBeforeTax": 172747000, "incomeBeforeTaxRatio": 0.237345259195, "incomeTaxExpense": 57403000, "netIncome": 115344000, "netIncomeRatio": 0.15847656733, "eps": 0.33, "epsdiluted": 0.33, "weightedAverageShsOut": 343681000, "weightedAverageShsOutDil": 352332000, "link": "https://www.sec.gov/Archives/edgar/data/804753/000080475313000045/0000804753-13-000045-index.htm", "finalLink": "https://www.sec.gov/Archives/edgar/data/804753/000080475313000045/q3201310-q.htm"}, {"date": "2013-06-29", "symbol": "CERN", "fillingDate": "2013-07-26", "acceptedDate": "2013-07-26 16:04:42", "period": "Q2", "revenue": 707561000, "costOfRevenue": 71708000, "grossProfit": 635853000, "grossProfitRatio": 0.898654674296633, "researchAndDevelopmentExpenses": 82282000, "generalAndAdministrativeExpenses": 51831000, "sellingAndMarketingExpenses": 0.0, "otherExpenses": 301603000, "operatingExpenses": 435716000, "costAndExpenses": 541105000, "interestExpense": 0.0, "depreciationAndAmortization": 62891000, "ebitda": 229347000, "ebitdaratio": 0.324137424194, "operatingIncome": 166456000, "operatingIncomeRatio": 0.235253214917, "totalOtherIncomeExpensesNet": 2733000.0, "incomeBeforeTax": 169189000, "incomeBeforeTaxRatio": 0.239115779417, "incomeTaxExpense": 56282000, "netIncome": 112907000, "netIncomeRatio": 0.159572107564, "eps": 0.01, "epsdiluted": 0.01, "weightedAverageShsOut": 343976000, "weightedAverageShsOutDil": 352714000, "link": "https://www.sec.gov/Archives/edgar/data/804753/000080475313000037/0000804753-13-000037-index.htm", "finalLink": "https://www.sec.gov/Archives/edgar/data/804753/000080475313000037/q2201310-q.htm"}, {"date": "2013-03-30", "symbol": "CERN", "fillingDate": "2013-04-26", "acceptedDate": "2013-04-26 16:04:21", "period": "Q1", "revenue": 680029000, "costOfRevenue": 81483000, "grossProfit": 598546000, "grossProfitRatio": 0.8801771689148551, "researchAndDevelopmentExpenses": 81063000, "generalAndAdministrativeExpenses": 47812000, "sellingAndMarketingExpenses": 0.0, "otherExpenses": 281927000, "operatingExpenses": 410802000, "costAndExpenses": 523460000, "interestExpense": 0.0, "depreciationAndAmortization": 59341000, "ebitda": 215910000, "ebitdaratio": 0.317501165391, "operatingIncome": 156569000, "operatingIncomeRatio": 0.230238710408, "totalOtherIncomeExpensesNet": 3044000.0, "incomeBeforeTax": 159613000, "incomeBeforeTaxRatio": 0.234714990096, "incomeTaxExpense": 49573000, "netIncome": 110040000, "netIncomeRatio": 0.161816628408, "eps": 0.64, "epsdiluted": 0.62, "weightedAverageShsOut": 172032000, "weightedAverageShsOutDil": 176413000, "link": "https://www.sec.gov/Archives/edgar/data/804753/000080475313000021/0000804753-13-000021-index.htm", "finalLink": "https://www.sec.gov/Archives/edgar/data/804753/000080475313000021/q1201310-q.htm"}, {"date": "2012-12-29", "symbol": "CERN", "fillingDate": "2013-02-08", "acceptedDate": "2013-02-08 16:05:05", "period": "FY", "revenue": 710384000, "costOfRevenue": 109263000, "grossProfit": 601121000, "grossProfitRatio": 0.846191637199036, "researchAndDevelopmentExpenses": 78624000, "generalAndAdministrativeExpenses": 43655000, "sellingAndMarketingExpenses": 0.0, "otherExpenses": 288077000, "operatingExpenses": 410356000, "costAndExpenses": 549940000, "interestExpense": 5068000.0, "depreciationAndAmortization": 60244000, "ebitda": 220688000, "ebitdaratio": 0.310660150003, "operatingIncome": 160444000, "operatingIncomeRatio": 0.225855312057, "totalOtherIncomeExpensesNet": 7257000.0, "incomeBeforeTax": 167701000, "incomeBeforeTaxRatio": 0.236070913759, "incomeTaxExpense": 55893000, "netIncome": 111808000, "netIncomeRatio": 0.157390932228, "eps": 0.65, "epsdiluted": 0.63, "weightedAverageShsOut": 170931000, "weightedAverageShsOutDil": 175697000, "link": "https://www.sec.gov/Archives/edgar/data/804753/000080475313000004/0000804753-13-000004-index.htm", "finalLink": "https://www.sec.gov/Archives/edgar/data/804753/000080475313000004/a201210-k.htm"}, {"date": "2012-09-29", "symbol": "CERN", "fillingDate": "2012-10-26", "acceptedDate": "2012-10-26 16:04:38", "period": "Q3", "revenue": 676482000, "costOfRevenue": 100668000, "grossProfit": 575814000, "grossProfitRatio": 0.8511889451604033, "researchAndDevelopmentExpenses": 78094000, "generalAndAdministrativeExpenses": 41973000, "sellingAndMarketingExpenses": 0.0, "otherExpenses": 273417000, "operatingExpenses": 393484000, "costAndExpenses": 528786000, "interestExpense": 0.0, "depreciationAndAmortization": 56121000, "ebitda": 203817000, "ebitdaratio": 0.301289613027, "operatingIncome": 147696000, "operatingIncomeRatio": 0.218329534267, "totalOtherIncomeExpensesNet": 3351000.0, "incomeBeforeTax": 151047000, "incomeBeforeTaxRatio": 0.223283102876, "incomeTaxExpense": 52160000, "netIncome": 98887000, "netIncomeRatio": 0.146178316644, "eps": 0.57, "epsdiluted": 0.57, "weightedAverageShsOut": 170643000, "weightedAverageShsOutDil": 175517000, "link": "https://www.sec.gov/Archives/edgar/data/804753/000080475312000011/0000804753-12-000011-index.htm", "finalLink": "https://www.sec.gov/Archives/edgar/data/804753/000080475312000011/q3201210-q.htm"}, {"date": "2012-06-30", "symbol": "CERN", "fillingDate": "2012-07-27", "acceptedDate": "2012-07-27 16:09:22", "period": "Q2", "revenue": 637358000, "costOfRevenue": 100570000, "grossProfit": 536788000, "grossProfitRatio": 0.842207989858133, "researchAndDevelopmentExpenses": 73507000, "generalAndAdministrativeExpenses": 38393000, "sellingAndMarketingExpenses": 0.0, "otherExpenses": 255273000, "operatingExpenses": 367173000, "costAndExpenses": 501275000, "interestExpense": 0.0, "depreciationAndAmortization": 53426000, "ebitda": 228240000, "ebitdaratio": 0.358103295165, "operatingIncome": 174814000, "operatingIncomeRatio": 0.274279133548, "totalOtherIncomeExpensesNet": 2814000.0, "incomeBeforeTax": 172284000, "incomeBeforeTaxRatio": 0.270309621908, "incomeTaxExpense": 87733000, "netIncome": 97829000, "netIncomeRatio": 0.153491444369, "eps": 0.58, "epsdiluted": 0.55, "weightedAverageShsOut": 170336000, "weightedAverageShsOutDil": 175333000, "link": "https://www.sec.gov/Archives/edgar/data/804753/000080475312000007/0000804753-12-000007-index.htm", "finalLink": "https://www.sec.gov/Archives/edgar/data/804753/000080475312000007/cern-2012630x10q.htm"}, {"date": "2012-03-31", "symbol": "CERN", "fillingDate": "2012-04-27", "acceptedDate": "2012-04-27 16:01:36", "period": "Q1", "revenue": 641212000, "costOfRevenue": 116955000, "grossProfit": 524257000, "grossProfitRatio": 0.8176032263900239, "researchAndDevelopmentExpenses": 71145000, "generalAndAdministrativeExpenses": 39546000, "sellingAndMarketingExpenses": 0.0, "otherExpenses": 259181000, "operatingExpenses": 369872000, "costAndExpenses": 513773000, "interestExpense": 0.0, "depreciationAndAmortization": 52789000, "ebitda": 141497000, "ebitdaratio": 0.220671166478, "operatingIncome": 88708000, "operatingIncomeRatio": 0.138344260557, "totalOtherIncomeExpensesNet": 2624000.0, "incomeBeforeTax": 96676000, "incomeBeforeTaxRatio": 0.150770727934, "incomeTaxExpense": -5310000.0, "netIncome": 88708000, "netIncomeRatio": 0.138344260557, "eps": 0.52, "epsdiluted": 0.51, "weightedAverageShsOut": 169968000, "weightedAverageShsOutDil": 175027000, "link": "https://www.sec.gov/Archives/edgar/data/804753/000119312512191023/0001193125-12-191023-index.htm", "finalLink": "https://www.sec.gov/Archives/edgar/data/804753/000119312512191023/d315345d10q.htm"}, {"date": "2011-12-31", "symbol": "CERN", "fillingDate": "2012-02-15", "acceptedDate": "2012-02-15 17:10:03", "period": "FY", "revenue": 615626000, "costOfRevenue": 92307000, "grossProfit": 523319000, "grossProfitRatio": 0.8500599389889316, "researchAndDevelopmentExpenses": 73323000, "generalAndAdministrativeExpenses": 34299000, "sellingAndMarketingExpenses": 0.0, "otherExpenses": 251631000, "operatingExpenses": 359253000, "costAndExpenses": 477892000, "interestExpense": 5341000.0, "depreciationAndAmortization": 55715000, "ebitda": 193449000, "ebitdaratio": 0.314231367746, "operatingIncome": 137734000, "operatingIncomeRatio": 0.223729991911, "totalOtherIncomeExpensesNet": 2230000.0, "incomeBeforeTax": 261694000, "incomeBeforeTaxRatio": 0.425086010013, "incomeTaxExpense": 153821000, "netIncome": 91192000, "netIncomeRatio": 0.14812889644, "eps": 0.54, "epsdiluted": 0.52, "weightedAverageShsOut": 168634000, "weightedAverageShsOutDil": 173867000, "link": "https://www.sec.gov/Archives/edgar/data/804753/000119312512063585/0001193125-12-063585-index.htm", "finalLink": "https://www.sec.gov/Archives/edgar/data/804753/000119312512063585/d267045d10k.htm"}, {"date": "2011-10-01", "symbol": "CERN", "fillingDate": "2011-10-28", "acceptedDate": "2011-10-28 16:03:54", "period": "Q3", "revenue": 571640000, "costOfRevenue": 15092000, "grossProfit": 556548000, "grossProfitRatio": 0.9735987684556714, "researchAndDevelopmentExpenses": 72544000, "generalAndAdministrativeExpenses": 38063000, "sellingAndMarketingExpenses": 0.0, "otherExpenses": 234422000, "operatingExpenses": 345029000, "costAndExpenses": 451248000, "interestExpense": 0.0, "depreciationAndAmortization": 54171000, "ebitda": 174563000, "ebitdaratio": 0.305372262263, "operatingIncome": 120392000, "operatingIncomeRatio": 0.210608075012, "totalOtherIncomeExpensesNet": 2775000.0, "incomeBeforeTax": 55500000, "incomeBeforeTaxRatio": 0.0970890770415, "incomeTaxExpense": 1377000.0, "netIncome": 78835000, "netIncomeRatio": 0.137910223217, "eps": 0.47, "epsdiluted": 0.45, "weightedAverageShsOut": 168343000, "weightedAverageShsOutDil": 173656000, "link": "https://www.sec.gov/Archives/edgar/data/804753/000119312511286181/0001193125-11-286181-index.htm", "finalLink": "https://www.sec.gov/Archives/edgar/data/804753/000119312511286181/d225422d10q.htm"}, {"date": "2011-07-02", "symbol": "CERN", "fillingDate": "2011-08-01", "acceptedDate": "2011-08-01 16:24:30", "period": "Q2", "revenue": 1015887000, "costOfRevenue": 189162000, "grossProfit": 826725000, "grossProfitRatio": 0.8137962194614164, "researchAndDevelopmentExpenses": 140934000, "generalAndAdministrativeExpenses": 72558000, "sellingAndMarketingExpenses": 0.0, "otherExpenses": 438451000, "operatingExpenses": 651943000, "costAndExpenses": 814215000, "interestExpense": 0.0, "depreciationAndAmortization": 102670000, "ebitda": 304342000, "ebitdaratio": 0.299582532309, "operatingIncome": 201672000, "operatingIncomeRatio": 0.198518142274, "totalOtherIncomeExpensesNet": 4891000.0, "incomeBeforeTax": 152500000, "incomeBeforeTaxRatio": 0.150115121072, "incomeTaxExpense": 7869000.0, "netIncome": 136600000, "netIncomeRatio": 0.134463774022, "eps": 0.81, "epsdiluted": 0.79, "weightedAverageShsOut": 167706000, "weightedAverageShsOutDil": 173128000, "link": "https://www.sec.gov/Archives/edgar/data/804753/000095012311071072/0000950123-11-071072-index.htm", "finalLink": "https://www.sec.gov/Archives/edgar/data/804753/000095012311071072/c65170e10vq.htm"}, {"date": "2011-04-02", "symbol": "CERN", "fillingDate": "2011-04-29", "acceptedDate": "2011-04-29 16:18:56", "period": "Q1", "revenue": 491664000, "costOfRevenue": 90680000, "grossProfit": 400984000, "grossProfitRatio": 0.8155651013700413, "researchAndDevelopmentExpenses": 0.0, "generalAndAdministrativeExpenses": 34793000, "sellingAndMarketingExpenses": 0.0, "otherExpenses": 35000.0, "operatingExpenses": 34793000, "costAndExpenses": 397965000, "interestExpense": 0.0, "depreciationAndAmortization": 50140000, "ebitda": 145850000, "ebitdaratio": 0.2966456767223144, "operatingIncome": 95710000, "operatingIncomeRatio": 0.1946654625923395, "totalOtherIncomeExpensesNet": 35000.0, "incomeBeforeTax": 95710000, "incomeBeforeTaxRatio": 0.1946654625923395, "incomeTaxExpense": 0.0, "netIncome": 95710000, "netIncomeRatio": 0.1946654625923395, "eps": 0.0, "epsdiluted": 0.0, "weightedAverageShsOut": 0.0, "weightedAverageShsOutDil": 0.0, "link": "https://www.sec.gov/Archives/edgar/data/804753/000095012311042049/0000950123-11-042049-index.htm", "finalLink": "https://www.sec.gov/Archives/edgar/data/804753/000095012311042049/c64012e10vq.htm"}, {"date": "2011-01-01", "symbol": "CERN", "fillingDate": "2011-02-16", "acceptedDate": "2011-02-16 17:16:58", "period": "FY", "revenue": 500201000, "costOfRevenue": 94913000, "grossProfit": 405288000, "grossProfitRatio": 0.8102502793876861, "researchAndDevelopmentExpenses": 0.0, "generalAndAdministrativeExpenses": 30919000, "sellingAndMarketingExpenses": 0.0, "otherExpenses": 6000.0, "operatingExpenses": 30919000, "costAndExpenses": 396868000, "interestExpense": 0.0, "depreciationAndAmortization": 52466000, "ebitda": 156953000, "ebitdaratio": 0.3137798604960806, "operatingIncome": 104487000, "operatingIncomeRatio": 0.20889002620946379, "totalOtherIncomeExpensesNet": 6000.0, "incomeBeforeTax": 104487000, "incomeBeforeTaxRatio": 0.20889002620946379, "incomeTaxExpense": 0.0, "netIncome": 104487000, "netIncomeRatio": 0.20889002620946379, "eps": 0.0, "epsdiluted": 0.0, "weightedAverageShsOut": 82279000, "weightedAverageShsOutDil": 82279000, "link": "https://www.sec.gov/Archives/edgar/data/804753/000095012311014774/0000950123-11-014774-index.htm", "finalLink": "https://www.sec.gov/Archives/edgar/data/804753/000095012311014774/c62126e10vk.htm"}, {"date": "2010-10-02", "symbol": "CERN", "fillingDate": "2010-10-29", "acceptedDate": "2010-10-29 16:01:46", "period": "Q3", "revenue": 462683000, "costOfRevenue": 79148000, "grossProfit": 383535000, "grossProfitRatio": 0.8289368747068727, "researchAndDevelopmentExpenses": 0.0, "generalAndAdministrativeExpenses": 32966000, "sellingAndMarketingExpenses": 0.0, "otherExpenses": 5000.0, "operatingExpenses": 32966000, "costAndExpenses": 368691000, "interestExpense": 0.0, "depreciationAndAmortization": 49420000, "ebitda": 143504000, "ebitdaratio": 0.31015619765584646, "operatingIncome": 94084000, "operatingIncomeRatio": 0.20334440642945603, "totalOtherIncomeExpensesNet": 5000.0, "incomeBeforeTax": 94084000, "incomeBeforeTaxRatio": 0.20334440642945603, "incomeTaxExpense": 0.0, "netIncome": 94084000, "netIncomeRatio": 0.20334440642945603, "eps": 0.0, "epsdiluted": 0.0, "weightedAverageShsOut": 82146000, "weightedAverageShsOutDil": 82146000, "link": "https://www.sec.gov/Archives/edgar/data/804753/000095012310098142/0000950123-10-098142-index.htm", "finalLink": "https://www.sec.gov/Archives/edgar/data/804753/000095012310098142/c60360e10vq.htm"}, {"date": "2010-07-03", "symbol": "CERN", "fillingDate": "2010-07-30", "acceptedDate": "2010-07-30 16:39:52", "period": "Q2", "revenue": 456001000, "costOfRevenue": 78211000, "grossProfit": 377790000, "grossProfitRatio": 0.8284850252521376, "researchAndDevelopmentExpenses": 0.0, "generalAndAdministrativeExpenses": 33420000, "sellingAndMarketingExpenses": 0.0, "otherExpenses": -495000.0, "operatingExpenses": 33420000, "costAndExpenses": 369649000, "interestExpense": 0.0, "depreciationAndAmortization": 46647000, "ebitda": 132925000, "ebitdaratio": 0.2915015537246629, "operatingIncome": 86278000, "operatingIncomeRatio": 0.18920572542604072, "totalOtherIncomeExpensesNet": -495000.0, "incomeBeforeTax": 86278000, "incomeBeforeTaxRatio": 0.18920572542604072, "incomeTaxExpense": 0.0, "netIncome": 86278000, "netIncomeRatio": 0.18920572542604072, "eps": 0.0, "epsdiluted": 0.0, "weightedAverageShsOut": 81957000, "weightedAverageShsOutDil": 81957000, "link": "https://www.sec.gov/Archives/edgar/data/804753/000095012310070540/0000950123-10-070540-index.htm", "finalLink": "https://www.sec.gov/Archives/edgar/data/804753/000095012310070540/c58968e10vq.htm"}, {"date": "2010-04-03", "symbol": "CERN", "fillingDate": "2010-04-30", "acceptedDate": "2010-04-30 16:53:21", "period": "Q1", "revenue": 431337000, "costOfRevenue": 68084000, "grossProfit": 363253000, "grossProfitRatio": 0.8421559013022301, "researchAndDevelopmentExpenses": 0.0, "generalAndAdministrativeExpenses": 33225000, "sellingAndMarketingExpenses": 0.0, "otherExpenses": -76000.0, "operatingExpenses": 33225000, "costAndExpenses": 355681000, "interestExpense": -1783000.0, "depreciationAndAmortization": 44804000, "ebitda": 122167000, "ebitdaratio": 0.28322865879810916, "operatingIncome": 77363000, "operatingIncomeRatio": 0.1793562805880321, "totalOtherIncomeExpensesNet": -76000.0, "incomeBeforeTax": 77363000, "incomeBeforeTaxRatio": 0.1793562805880321, "incomeTaxExpense": 0.0, "netIncome": 77363000, "netIncomeRatio": 0.1793562805880321, "eps": 0.61, "epsdiluted": 0.61, "weightedAverageShsOut": 81957000, "weightedAverageShsOutDil": 81957000, "link": "https://www.sec.gov/Archives/edgar/data/804753/000095012310041993/0000950123-10-041993-index.htm", "finalLink": "https://www.sec.gov/Archives/edgar/data/804753/000095012310041993/c57785e10vq.htm"}, {"date": "2010-01-02", "symbol": "CERN", "fillingDate": "2010-02-22", "acceptedDate": "2010-02-22 17:16:58", "period": "FY", "revenue": 466321000, "costOfRevenue": 79299000, "grossProfit": 387022000, "grossProfitRatio": 0.8299476111948636, "researchAndDevelopmentExpenses": 0.0, "generalAndAdministrativeExpenses": 35151000, "sellingAndMarketingExpenses": 0.0, "otherExpenses": -47000.0, "operatingExpenses": 35151000, "costAndExpenses": 373161000, "interestExpense": -595000.0, "depreciationAndAmortization": 51983000, "ebitda": 145691000, "ebitdaratio": 0.3124264187115742, "operatingIncome": 93708000, "operatingIncomeRatio": 0.2009517049414459, "totalOtherIncomeExpensesNet": -47000.0, "incomeBeforeTax": 93708000, "incomeBeforeTaxRatio": 0.2009517049414459, "incomeTaxExpense": 0.0, "netIncome": 93708000, "netIncomeRatio": 0.2009517049414459, "eps": 2.39, "epsdiluted": 2.39, "weightedAverageShsOut": 80981000, "weightedAverageShsOutDil": 80981000, "link": "https://www.sec.gov/Archives/edgar/data/804753/000095012310015243/0000950123-10-015243-index.htm", "finalLink": "https://www.sec.gov/Archives/edgar/data/804753/000095012310015243/c56132e10vk.htm"}, {"date": "2009-10-03", "symbol": "CERN", "fillingDate": "2009-11-04", "acceptedDate": "2009-11-04 16:11:25", "period": "Q3", "revenue": 409415000, "costOfRevenue": 69479000, "grossProfit": 339936000, "grossProfitRatio": 0.8302968870217261, "researchAndDevelopmentExpenses": 0.0, "generalAndAdministrativeExpenses": 31059000, "sellingAndMarketingExpenses": 0.0, "otherExpenses": -3000.0, "operatingExpenses": 31059000, "costAndExpenses": 338705000, "interestExpense": -180000.0, "depreciationAndAmortization": 48537000, "ebitda": 119424000, "ebitdaratio": 0.29169424666902777, "operatingIncome": 70887000, "operatingIncomeRatio": 0.1731421662616172, "totalOtherIncomeExpensesNet": -3000.0, "incomeBeforeTax": 70887000, "incomeBeforeTaxRatio": 0.1731421662616172, "incomeTaxExpense": 0.0, "netIncome": 70887000, "netIncomeRatio": 0.1731421662616172, "eps": 1.65, "epsdiluted": 1.65, "weightedAverageShsOut": 80750000, "weightedAverageShsOutDil": 80750000, "link": "https://www.sec.gov/Archives/edgar/data/804753/000095012309057585/0000950123-09-057585-index.htm", "finalLink": "https://www.sec.gov/Archives/edgar/data/804753/000095012309057585/c54426e10vq.htm"}, {"date": "2009-07-04", "symbol": "CERN", "fillingDate": "2009-08-05", "acceptedDate": "2009-08-05 08:41:40", "period": "Q2", "revenue": 403806000, "costOfRevenue": 66889000, "grossProfit": 336917000, "grossProfitRatio": 0.8343536252556921, "researchAndDevelopmentExpenses": 0.0, "generalAndAdministrativeExpenses": 34038000, "sellingAndMarketingExpenses": 0.0, "otherExpenses": 213000.0, "operatingExpenses": 34038000, "costAndExpenses": 337650000, "interestExpense": 146000.0, "depreciationAndAmortization": 46356000, "ebitda": 112579000, "ebitdaratio": 0.2787947677845302, "operatingIncome": 66223000, "operatingIncomeRatio": 0.16399706789894158, "totalOtherIncomeExpensesNet": 213000.0, "incomeBeforeTax": 66223000, "incomeBeforeTaxRatio": 0.16399706789894158, "incomeTaxExpense": 0.0, "netIncome": 66223000, "netIncomeRatio": 0.16399706789894158, "eps": 1.05, "epsdiluted": 1.05, "weightedAverageShsOut": 80512000, "weightedAverageShsOutDil": 80512000, "link": "https://www.sec.gov/Archives/edgar/data/804753/000095012309029993/0000950123-09-029993-index.htm", "finalLink": "https://www.sec.gov/Archives/edgar/data/804753/000095012309029993/c52753e10vq.htm"}, {"date": "2009-04-04", "symbol": "CERN", "fillingDate": "2009-05-08", "acceptedDate": "2009-05-08 16:14:19", "period": "Q1", "revenue": 392322000, "costOfRevenue": 65531000, "grossProfit": 326791000, "grossProfitRatio": 0.8329662878961669, "researchAndDevelopmentExpenses": 0.0, "generalAndAdministrativeExpenses": 26722000, "sellingAndMarketingExpenses": 0.0, "otherExpenses": 204000.0, "operatingExpenses": 26722000, "costAndExpenses": 330342000, "interestExpense": 321000.0, "depreciationAndAmortization": 42727000, "ebitda": 104590000, "ebitdaratio": 0.26659223800857457, "operatingIncome": 61863000, "operatingIncomeRatio": 0.1576842491626776, "totalOtherIncomeExpensesNet": 204000.0, "incomeBeforeTax": 61863000, "incomeBeforeTaxRatio": 0.1576842491626776, "incomeTaxExpense": 0.0, "netIncome": 61863000, "netIncomeRatio": 0.1576842491626776, "eps": 0.51, "epsdiluted": 0.51, "weightedAverageShsOut": 80333000, "weightedAverageShsOutDil": 80333000, "link": "https://www.sec.gov/Archives/edgar/data/804753/000095013709003776/0000950137-09-003776-index.htm", "finalLink": "https://www.sec.gov/Archives/edgar/data/804753/000095013709003776/c51140e10vq.htm"}, {"date": "2009-01-03", "symbol": "CERN", "fillingDate": "2009-03-02", "acceptedDate": "2009-03-02 16:29:59", "period": "FY", "revenue": 465735000, "costOfRevenue": 87585000, "grossProfit": 378150000, "grossProfitRatio": 0.8119424136043029, "researchAndDevelopmentExpenses": 0.0, "generalAndAdministrativeExpenses": 24564000, "sellingAndMarketingExpenses": 0.0, "otherExpenses": -118000.0, "operatingExpenses": 24564000, "costAndExpenses": 364288000, "interestExpense": -1137000.0, "depreciationAndAmortization": 46735000, "ebitda": 149201000, "ebitdaratio": 0.32035599643574136, "operatingIncome": 102466000, "operatingIncomeRatio": 0.22000923271817666, "totalOtherIncomeExpensesNet": -118000.0, "incomeBeforeTax": 102466000, "incomeBeforeTaxRatio": 0.22000923271817666, "incomeTaxExpense": 0.0, "netIncome": 102466000, "netIncomeRatio": 0.22000923271817666, "eps": 2.34, "epsdiluted": 2.34, "weightedAverageShsOut": 120269658, "weightedAverageShsOutDil": 120269658, "link": "https://www.sec.gov/Archives/edgar/data/804753/000095013709001436/0000950137-09-001436-index.htm", "finalLink": "https://www.sec.gov/Archives/edgar/data/804753/000095013709001436/c49133e10vk.htm"}, {"date": "2008-09-27", "symbol": "CERN", "fillingDate": "2008-11-05", "acceptedDate": "2008-11-05 16:41:12", "period": "Q3", "revenue": 422728000, "costOfRevenue": 72318000, "grossProfit": 350410000, "grossProfitRatio": 0.8289254556121194, "researchAndDevelopmentExpenses": 0.0, "generalAndAdministrativeExpenses": 35818000, "sellingAndMarketingExpenses": 0.0, "otherExpenses": -221000.0, "operatingExpenses": 35818000, "costAndExpenses": 354977000, "interestExpense": -1919000.0, "depreciationAndAmortization": 43283000, "ebitda": 111241000, "ebitdaratio": 0.2631502999564732, "operatingIncome": 67958000, "operatingIncomeRatio": 0.16076058363770557, "totalOtherIncomeExpensesNet": -221000.0, "incomeBeforeTax": 67958000, "incomeBeforeTaxRatio": 0.16076058363770557, "incomeTaxExpense": 0.0, "netIncome": 67958000, "netIncomeRatio": 0.16076058363770557, "eps": 1.45, "epsdiluted": 1.45, "weightedAverageShsOut": 80594000, "weightedAverageShsOutDil": 80594000, "link": "https://www.sec.gov/Archives/edgar/data/804753/000095013708013448/0000950137-08-013448-index.htm", "finalLink": "https://www.sec.gov/Archives/edgar/data/804753/000095013708013448/c47452e10vq.htm"}, {"date": "2008-06-28", "symbol": "CERN", "fillingDate": "2008-08-07", "acceptedDate": "2008-08-07 16:29:01", "period": "Q2", "revenue": 402800000, "costOfRevenue": 71786000, "grossProfit": 331014000, "grossProfitRatio": 0.8217825223435948, "researchAndDevelopmentExpenses": 0.0, "generalAndAdministrativeExpenses": 28988000, "sellingAndMarketingExpenses": 0.0, "otherExpenses": 42000.0, "operatingExpenses": 28988000, "costAndExpenses": 349579000, "interestExpense": 0.0, "depreciationAndAmortization": 41820000, "ebitda": 95544000, "ebitdaratio": 0.23719960278053626, "operatingIncome": 53724000, "operatingIncomeRatio": 0.13337636544190665, "totalOtherIncomeExpensesNet": -988000.0, "incomeBeforeTax": 53724000, "incomeBeforeTaxRatio": 0.13337636544190665, "incomeTaxExpense": 0.0, "netIncome": 53724000, "netIncomeRatio": 0.13337636544190665, "eps": 0.9, "epsdiluted": 0.9, "weightedAverageShsOut": 80500000, "weightedAverageShsOutDil": 80500000, "link": "https://www.sec.gov/Archives/edgar/data/804753/000095013708010388/0000950137-08-010388-index.htm", "finalLink": "https://www.sec.gov/Archives/edgar/data/804753/000095013708010388/c34421e10vq.htm"}, {"date": "2008-03-29", "symbol": "CERN", "fillingDate": "2008-05-08", "acceptedDate": "2008-05-08 16:13:58", "period": "Q1", "revenue": 384765000, "costOfRevenue": 64374000, "grossProfit": 320391000, "grossProfitRatio": 0.8326926825464894, "researchAndDevelopmentExpenses": 0.0, "generalAndAdministrativeExpenses": 23679000, "sellingAndMarketingExpenses": 0.0, "otherExpenses": -213000.0, "operatingExpenses": 23679000, "costAndExpenses": 328299000, "interestExpense": 0.0, "depreciationAndAmortization": 38628000, "ebitda": 95911000, "ebitdaratio": 0.24927163333463284, "operatingIncome": 57283000, "operatingIncomeRatio": 0.14887788650215067, "totalOtherIncomeExpensesNet": 817000.0, "incomeBeforeTax": 57283000, "incomeBeforeTaxRatio": 0.14887788650215067, "incomeTaxExpense": 0.0, "netIncome": 57283000, "netIncomeRatio": 0.14887788650215067, "eps": 0.46, "epsdiluted": 0.46, "weightedAverageShsOut": 80382000, "weightedAverageShsOutDil": 80382000, "link": "https://www.sec.gov/Archives/edgar/data/804753/000095013708007057/0000950137-08-007057-index.htm", "finalLink": "https://www.sec.gov/Archives/edgar/data/804753/000095013708007057/c26490e10vq.htm"}, {"date": "2007-12-29", "symbol": "CERN", "fillingDate": "2008-02-27", "acceptedDate": "2008-02-27 15:55:39", "period": "FY", "revenue": 394501000, "costOfRevenue": 68877000, "grossProfit": 325624000, "grossProfitRatio": 0.8254072866735446, "researchAndDevelopmentExpenses": 0.0, "generalAndAdministrativeExpenses": 24274000, "sellingAndMarketingExpenses": 0.0, "otherExpenses": -245000.0, "operatingExpenses": 24274000, "costAndExpenses": 339996000, "interestExpense": -915000.0, "depreciationAndAmortization": 41879000, "ebitda": 97054000, "ebitdaratio": 0.24601712036217907, "operatingIncome": 55175000, "operatingIncomeRatio": 0.13986022849118254, "totalOtherIncomeExpensesNet": -245000.0, "incomeBeforeTax": 55175000, "incomeBeforeTaxRatio": 0.13986022849118254, "incomeTaxExpense": 0.0, "netIncome": 55175000, "netIncomeRatio": 0.13986022849118254, "eps": 1.6, "epsdiluted": 1.6, "weightedAverageShsOut": 127479375, "weightedAverageShsOutDil": 127479375, "link": "https://www.sec.gov/Archives/edgar/data/804753/000095013708002851/0000950137-08-002851-index.htm", "finalLink": "https://www.sec.gov/Archives/edgar/data/804753/000095013708002851/c24264e10vk.htm"}, {"date": "2007-09-29", "symbol": "CERN", "fillingDate": "2007-11-08", "acceptedDate": "2007-11-08 16:34:48", "period": "Q3", "revenue": 372936000, "costOfRevenue": 57808000, "grossProfit": 315128000, "grossProfitRatio": 0.8449921702383251, "researchAndDevelopmentExpenses": 0.0, "generalAndAdministrativeExpenses": 28536000, "sellingAndMarketingExpenses": 0.0, "otherExpenses": -403000.0, "operatingExpenses": 28536000, "costAndExpenses": 316333000, "interestExpense": 190000.0, "depreciationAndAmortization": 38963000, "ebitda": 94973000, "ebitdaratio": 0.25466299847695045, "operatingIncome": 56010000, "operatingIncomeRatio": 0.15018662719608727, "totalOtherIncomeExpensesNet": -403000.0, "incomeBeforeTax": 56010000, "incomeBeforeTaxRatio": 0.15018662719608727, "incomeTaxExpense": 0.0, "netIncome": 56010000, "netIncomeRatio": 0.15018662719608727, "eps": 1.19, "epsdiluted": 1.19, "weightedAverageShsOut": 79190000, "weightedAverageShsOutDil": 79190000, "link": "https://www.sec.gov/Archives/edgar/data/804753/000095013707016829/0000950137-07-016829-index.htm", "finalLink": "https://www.sec.gov/Archives/edgar/data/804753/000095013707016829/c21307e10vq.htm"}, {"date": "2007-06-30", "symbol": "CERN", "fillingDate": "2007-08-09", "acceptedDate": "2007-08-09 16:18:05", "period": "Q2", "revenue": 386588000, "costOfRevenue": 80962000, "grossProfit": 305626000, "grossProfitRatio": 0.790572909660931, "researchAndDevelopmentExpenses": 0.0, "generalAndAdministrativeExpenses": 27887000, "sellingAndMarketingExpenses": 0.0, "otherExpenses": -415000.0, "operatingExpenses": 27887000, "costAndExpenses": 337566000, "interestExpense": -424000.0, "depreciationAndAmortization": 37304000, "ebitda": 86335000, "ebitdaratio": 0.22332560762361997, "operatingIncome": 49031000, "operatingIncomeRatio": 0.12683011371278985, "totalOtherIncomeExpensesNet": -415000.0, "incomeBeforeTax": 49031000, "incomeBeforeTaxRatio": 0.12683011371278985, "incomeTaxExpense": 0.0, "netIncome": 49031000, "netIncomeRatio": 0.12683011371278985, "eps": 0.74, "epsdiluted": 0.74, "weightedAverageShsOut": 78967000, "weightedAverageShsOutDil": 78967000, "link": "https://www.sec.gov/Archives/edgar/data/804753/000095013707011805/0000950137-07-011805-index.htm", "finalLink": "https://www.sec.gov/Archives/edgar/data/804753/000095013707011805/c17598e10vq.htm"}, {"date": "2007-03-31", "symbol": "CERN", "fillingDate": "2007-05-10", "acceptedDate": "2007-05-10 16:05:39", "period": "Q1", "revenue": 365852000, "costOfRevenue": 72463000, "grossProfit": 293389000, "grossProfitRatio": 0.8019335687655117, "researchAndDevelopmentExpenses": 0.0, "generalAndAdministrativeExpenses": 26455000, "sellingAndMarketingExpenses": 0.0, "otherExpenses": -322000.0, "operatingExpenses": 26455000, "costAndExpenses": 321899000, "interestExpense": -120000.0, "depreciationAndAmortization": 34671000, "ebitda": 78422000, "ebitdaratio": 0.21435443840678745, "operatingIncome": 43751000, "operatingIncomeRatio": 0.11958660879262653, "totalOtherIncomeExpensesNet": -322000.0, "incomeBeforeTax": 43751000, "incomeBeforeTaxRatio": 0.11958660879262653, "incomeTaxExpense": 0.0, "netIncome": 43751000, "netIncomeRatio": 0.11958660879262653, "eps": 0.35, "epsdiluted": 0.35, "weightedAverageShsOut": 78711000, "weightedAverageShsOutDil": 78711000, "link": "https://www.sec.gov/Archives/edgar/data/804753/000095013707007233/0000950137-07-007233-index.htm", "finalLink": "https://www.sec.gov/Archives/edgar/data/804753/000095013707007233/c15087e10vq.htm"}, {"date": "2006-12-30", "symbol": "CERN", "fillingDate": "2007-02-28", "acceptedDate": "2007-02-28 16:29:46", "period": "FY", "revenue": 380789000, "costOfRevenue": 88956000, "grossProfit": 291833000, "grossProfitRatio": 0.7663903106444776, "researchAndDevelopmentExpenses": 0.0, "generalAndAdministrativeExpenses": 24093000, "sellingAndMarketingExpenses": 0.0, "otherExpenses": 535000.0, "operatingExpenses": 24093000, "costAndExpenses": 938069000, "interestExpense": -487000.0, "depreciationAndAmortization": 36167000, "ebitda": 87085000, "ebitdaratio": 0.22869620708581392, "operatingIncome": 50918000, "operatingIncomeRatio": 0.1337170979203706, "totalOtherIncomeExpensesNet": 48000.0, "incomeBeforeTax": 50918000, "incomeBeforeTaxRatio": 0.1337170979203706, "incomeTaxExpense": 0.0, "netIncome": 50918000, "netIncomeRatio": 0.1337170979203706, "eps": 1.41, "epsdiluted": 1.41, "weightedAverageShsOut": 118825531, "weightedAverageShsOutDil": 118825531, "link": "https://www.sec.gov/Archives/edgar/data/804753/000095013707002997/0000950137-07-002997-index.htm", "finalLink": "https://www.sec.gov/Archives/edgar/data/804753/000095013707002997/c12737e10vk.htm"}, {"date": "2006-09-30", "symbol": "CERN", "fillingDate": "2006-11-09", "acceptedDate": "2006-11-09 16:49:29", "period": "Q3", "revenue": 345452000, "costOfRevenue": 69803000, "grossProfit": 275649000, "grossProfitRatio": 0.7979371953267024, "researchAndDevelopmentExpenses": 0.0, "generalAndAdministrativeExpenses": 25415000, "sellingAndMarketingExpenses": 0.0, "otherExpenses": -45000.0, "operatingExpenses": 25415000, "costAndExpenses": -306087000, "interestExpense": 13000.0, "depreciationAndAmortization": 29697000, "ebitda": 73528000, "ebitdaratio": 0.21284577886363373, "operatingIncome": 43831000, "operatingIncomeRatio": 0.12688014543265055, "totalOtherIncomeExpensesNet": -32000.0, "incomeBeforeTax": 43831000, "incomeBeforeTaxRatio": 0.12688014543265055, "incomeTaxExpense": 0.0, "netIncome": 43831000, "netIncomeRatio": 0.12688014543265055, "eps": 0.91, "epsdiluted": 0.91, "weightedAverageShsOut": 77508000, "weightedAverageShsOutDil": 77508000, "link": "https://www.sec.gov/Archives/edgar/data/804753/000095013706012180/0000950137-06-012180-index.htm", "finalLink": "https://www.sec.gov/Archives/edgar/data/804753/000095013706012180/c09894e10vq.htm"}, {"date": "2006-07-01", "symbol": "CERN", "fillingDate": "2006-08-10", "acceptedDate": "2006-08-10 17:20:22", "period": "Q2", "revenue": 330573000, "costOfRevenue": 64193000, "grossProfit": 266380000, "grossProfitRatio": 0.8058129369307233, "researchAndDevelopmentExpenses": 0.0, "generalAndAdministrativeExpenses": 23702000, "sellingAndMarketingExpenses": 0.0, "otherExpenses": -545000.0, "operatingExpenses": 23702000, "costAndExpenses": 290659000, "interestExpense": 478000.0, "depreciationAndAmortization": 29483000, "ebitda": 68852000, "ebitdaratio": 0.20828077308189114, "operatingIncome": 39369000, "operatingIncomeRatio": 0.11909321087929141, "totalOtherIncomeExpensesNet": -67000.0, "incomeBeforeTax": 39369000, "incomeBeforeTaxRatio": 0.11909321087929141, "incomeTaxExpense": 0.0, "netIncome": 39369000, "netIncomeRatio": 0.11909321087929141, "eps": 0.57, "epsdiluted": 0.57, "weightedAverageShsOut": 77340000, "weightedAverageShsOutDil": 77340000, "link": "https://www.sec.gov/Archives/edgar/data/804753/000095013706009002/0000950137-06-009002-index.htm", "finalLink": "https://www.sec.gov/Archives/edgar/data/804753/000095013706009002/c07701e10vq.htm"}, {"date": "2006-04-01", "symbol": "CERN", "fillingDate": "2006-05-11", "acceptedDate": "2006-05-11 17:15:04", "period": "Q1", "revenue": 321224000, "costOfRevenue": 68018000, "grossProfit": 253206000, "grossProfitRatio": 0.7882536796752422, "researchAndDevelopmentExpenses": 0.0, "generalAndAdministrativeExpenses": 22671000, "sellingAndMarketingExpenses": 0.0, "otherExpenses": 1432000.0, "operatingExpenses": 22671000, "costAndExpenses": 289230000, "interestExpense": 693000.0, "depreciationAndAmortization": 29907000, "ebitda": 63333000, "ebitdaratio": 0.19716148233008743, "operatingIncome": 33426000, "operatingIncomeRatio": 0.1040582272806515, "totalOtherIncomeExpensesNet": 2125000.0, "incomeBeforeTax": 33426000, "incomeBeforeTaxRatio": 0.1040582272806515, "incomeTaxExpense": 0.0, "netIncome": 33426000, "netIncomeRatio": 0.1040582272806515, "eps": 0.26, "epsdiluted": 0.26, "weightedAverageShsOut": 77156000, "weightedAverageShsOutDil": 77156000, "link": "https://www.sec.gov/Archives/edgar/data/804753/000095013706005799/0000950137-06-005799-index.htm", "finalLink": "https://www.sec.gov/Archives/edgar/data/804753/000095013706005799/c05164e10vq.htm"}, {"date": "2005-12-31", "symbol": "CERN", "fillingDate": "2006-03-16", "acceptedDate": "2006-03-16 13:55:50", "period": "FY", "revenue": 325814000, "costOfRevenue": 74372000, "grossProfit": 251442000, "grossProfitRatio": 0.7717347934711215, "researchAndDevelopmentExpenses": 0.0, "generalAndAdministrativeExpenses": 21543000, "sellingAndMarketingExpenses": 0.0, "otherExpenses": -1113000.0, "operatingExpenses": 21543000, "costAndExpenses": 279436000, "interestExpense": 1392000.0, "depreciationAndAmortization": 17738000, "ebitda": 63003000, "ebitdaratio": 0.19337106447236768, "operatingIncome": 45265000, "operatingIncomeRatio": 0.13892895946767173, "totalOtherIncomeExpensesNet": 279000.0, "incomeBeforeTax": 45265000, "incomeBeforeTaxRatio": 0.13892895946767173, "incomeTaxExpense": 0.0, "netIncome": 45265000, "netIncomeRatio": 0.13892895946767173, "eps": 1.16, "epsdiluted": 1.16, "weightedAverageShsOut": 116589655, "weightedAverageShsOutDil": 116589655, "link": "https://www.sec.gov/Archives/edgar/data/804753/000095013706003137/0000950137-06-003137-index.htm", "finalLink": "https://www.sec.gov/Archives/edgar/data/804753/000095013706003137/c03479e10vk.htm"}, {"date": "2005-10-01", "symbol": "CERN", "fillingDate": "2005-11-10", "acceptedDate": "2005-11-10 16:03:22", "period": "Q3", "revenue": 294622000, "costOfRevenue": 65305000, "grossProfit": 229317000, "grossProfitRatio": 0.778343097256824, "researchAndDevelopmentExpenses": 0.0, "generalAndAdministrativeExpenses": 21142000, "sellingAndMarketingExpenses": 0.0, "otherExpenses": -1048000.0, "operatingExpenses": 21142000, "costAndExpenses": 257425000, "interestExpense": 1358000.0, "depreciationAndAmortization": 33736000, "ebitda": 69885000, "ebitdaratio": 0.23720224558926353, "operatingIncome": 36149000, "operatingIncomeRatio": 0.1226962005552878, "totalOtherIncomeExpensesNet": 310000.0, "incomeBeforeTax": 36149000, "incomeBeforeTaxRatio": 0.1226962005552878, "incomeTaxExpense": 0.0, "netIncome": 36149000, "netIncomeRatio": 0.1226962005552878, "eps": 1.59, "epsdiluted": 1.59, "weightedAverageShsOut": 37054000, "weightedAverageShsOutDil": 37054000, "link": "https://www.sec.gov/Archives/edgar/data/804753/000095013705013662/0000950137-05-013662-index.htm", "finalLink": "https://www.sec.gov/Archives/edgar/data/804753/000095013705013662/c99961e10vq.htm"}, {"date": "2005-07-02", "symbol": "CERN", "fillingDate": "2005-08-11", "acceptedDate": "2005-08-11 15:53:41", "period": "Q2", "revenue": 277815000, "costOfRevenue": 59601000, "grossProfit": 218214000, "grossProfitRatio": 0.7854651476702121, "researchAndDevelopmentExpenses": 0.0, "generalAndAdministrativeExpenses": 21013000, "sellingAndMarketingExpenses": 0.0, "otherExpenses": -1319000.0, "operatingExpenses": 21013000, "costAndExpenses": 243607000, "interestExpense": 1366000.0, "depreciationAndAmortization": 31711000, "ebitda": 64600000, "ebitdaratio": 0.23252884113528788, "operatingIncome": 32889000, "operatingIncomeRatio": 0.11838453647211274, "totalOtherIncomeExpensesNet": 47000.0, "incomeBeforeTax": 32889000, "incomeBeforeTaxRatio": 0.11838453647211274, "incomeTaxExpense": 0.0, "netIncome": 32889000, "netIncomeRatio": 0.11838453647211274, "eps": 0.87, "epsdiluted": 0.87, "weightedAverageShsOut": 36949000, "weightedAverageShsOutDil": 36949000, "link": "https://www.sec.gov/Archives/edgar/data/804753/000095013705010087/0000950137-05-010087-index.htm", "finalLink": "https://www.sec.gov/Archives/edgar/data/804753/000095013705010087/c97665e10vq.htm"}, {"date": "2005-04-02", "symbol": "CERN", "fillingDate": "2005-05-12", "acceptedDate": "2005-05-12 14:54:58", "period": "Q1", "revenue": 262534000, "costOfRevenue": 55408000, "grossProfit": 207126000, "grossProfitRatio": 0.7889492408602314, "researchAndDevelopmentExpenses": 6382000.0, "generalAndAdministrativeExpenses": 17922000, "sellingAndMarketingExpenses": 0.0, "otherExpenses": -1712000.0, "operatingExpenses": 24304000, "costAndExpenses": 239881000, "interestExpense": 1742000.0, "depreciationAndAmortization": 30870000, "ebitda": 51811000, "ebitdaratio": 0.19734967661331485, "operatingIncome": 20941000, "operatingIncomeRatio": 0.07976490664066369, "totalOtherIncomeExpensesNet": 30000.0, "incomeBeforeTax": 20941000, "incomeBeforeTaxRatio": 0.07976490664066369, "incomeTaxExpense": 0.0, "netIncome": 20941000, "netIncomeRatio": 0.07976490664066369, "eps": 0.34, "epsdiluted": 0.34, "weightedAverageShsOut": 36740000, "weightedAverageShsOutDil": 36740000, "link": "https://www.sec.gov/Archives/edgar/data/804753/000095013705005835/0000950137-05-005835-index.htm", "finalLink": "https://www.sec.gov/Archives/edgar/data/804753/000095013705005835/c95258e10vq.htm"}, {"date": "2005-01-01", "symbol": "CERN", "fillingDate": "2005-03-17", "acceptedDate": "2005-03-17 15:48:16", "period": "FY", "revenue": 248172000, "costOfRevenue": 54098000, "grossProfit": 194074000, "grossProfitRatio": 0.7820140870041745, "researchAndDevelopmentExpenses": 0.0, "generalAndAdministrativeExpenses": 16321000, "sellingAndMarketingExpenses": 0.0, "otherExpenses": -3544000.0, "operatingExpenses": 16321000, "costAndExpenses": 211483000, "interestExpense": 660000.0, "depreciationAndAmortization": 24931000, "ebitda": 60676000, "ebitdaratio": 0.24449172348210113, "operatingIncome": 35745000, "operatingIncomeRatio": 0.14403317054301049, "totalOtherIncomeExpensesNet": -284000.0, "incomeBeforeTax": 35745000, "incomeBeforeTaxRatio": 0.14403317054301049, "incomeTaxExpense": 0.0, "netIncome": 35745000, "netIncomeRatio": 0.14403317054301049, "eps": 1.79, "epsdiluted": 1.79, "weightedAverageShsOut": 60290502, "weightedAverageShsOutDil": 60290502, "link": "https://www.sec.gov/Archives/edgar/data/804753/000095013705003217/0000950137-05-003217-index.htm", "finalLink": "https://www.sec.gov/Archives/edgar/data/804753/000095013705003217/c93199e10vk.htm"}, {"date": "2004-10-02", "symbol": "CERN", "fillingDate": "2004-11-10", "acceptedDate": "2004-11-10 16:27:51", "period": "Q3", "revenue": 231067000, "costOfRevenue": 45013000, "grossProfit": 186054000, "grossProfitRatio": 0.80519503001294, "researchAndDevelopmentExpenses": 0.0, "generalAndAdministrativeExpenses": 17942000, "sellingAndMarketingExpenses": 0.0, "otherExpenses": 0.0, "operatingExpenses": 17942000, "costAndExpenses": 204711000, "interestExpense": 1585000.0, "depreciationAndAmortization": 22908000, "ebitda": 47731000, "ebitdaratio": 0.2065677920256895, "operatingIncome": 24823000, "operatingIncomeRatio": 0.10742771577075047, "totalOtherIncomeExpensesNet": 52000.0, "incomeBeforeTax": 24823000, "incomeBeforeTaxRatio": 0.10742771577075047, "incomeTaxExpense": 0.0, "netIncome": 24823000, "netIncomeRatio": 0.10742771577075047, "eps": 1.2, "epsdiluted": 1.2, "weightedAverageShsOut": 35950000, "weightedAverageShsOutDil": 35950000, "link": "https://www.sec.gov/Archives/edgar/data/804753/000095013704009747/0000950137-04-009747-index.htm", "finalLink": "https://www.sec.gov/Archives/edgar/data/804753/000095013704009747/c89623e10vq.htm"}, {"date": "2004-07-03", "symbol": "CERN", "fillingDate": "2004-08-12", "acceptedDate": "2004-08-12 14:51:04", "period": "Q2", "revenue": 228390000, "costOfRevenue": 50564000, "grossProfit": 177826000, "grossProfitRatio": 0.7786067691229914, "researchAndDevelopmentExpenses": 0.0, "generalAndAdministrativeExpenses": 14919000, "sellingAndMarketingExpenses": 0.0, "otherExpenses": 0.0, "operatingExpenses": 14919000, "costAndExpenses": 202484000, "interestExpense": 1792000.0, "depreciationAndAmortization": 21676000, "ebitda": 45616000, "ebitdaratio": 0.19972853452427863, "operatingIncome": 23940000, "operatingIncomeRatio": 0.10482070143176146, "totalOtherIncomeExpensesNet": -174000.0, "incomeBeforeTax": 23940000, "incomeBeforeTaxRatio": 0.10482070143176146, "incomeTaxExpense": 0.0, "netIncome": 23940000, "netIncomeRatio": 0.10482070143176146, "eps": 0.79, "epsdiluted": 0.79, "weightedAverageShsOut": 35799000, "weightedAverageShsOutDil": 35799000, "link": "https://www.sec.gov/Archives/edgar/data/804753/000095013704006665/0000950137-04-006665-index.htm", "finalLink": "https://www.sec.gov/Archives/edgar/data/804753/000095013704006665/c87538e10vq.htm"}, {"date": "2004-04-03", "symbol": "CERN", "fillingDate": "2004-05-13", "acceptedDate": "2004-05-13 17:13:31", "period": "Q1", "revenue": 218727000, "costOfRevenue": 46673000, "grossProfit": 172054000, "grossProfitRatio": 0.7866152784064153, "researchAndDevelopmentExpenses": 0.0, "generalAndAdministrativeExpenses": 14145000, "sellingAndMarketingExpenses": 0.0, "otherExpenses": 0.0, "operatingExpenses": 14145000, "costAndExpenses": 196214000, "interestExpense": 2115000.0, "depreciationAndAmortization": 21287000, "ebitda": 44699000, "ebitdaratio": 0.20435977268467084, "operatingIncome": 23412000, "operatingIncomeRatio": 0.1070375399470573, "totalOtherIncomeExpensesNet": 3014000.0, "incomeBeforeTax": 23412000, "incomeBeforeTaxRatio": 0.1070375399470573, "incomeTaxExpense": 0.0, "netIncome": 23412000, "netIncomeRatio": 0.1070375399470573, "eps": 0.4, "epsdiluted": 0.4, "weightedAverageShsOut": 35661000, "weightedAverageShsOutDil": 35661000, "link": "https://www.sec.gov/Archives/edgar/data/804753/000095013704004066/0000950137-04-004066-index.htm", "finalLink": "https://www.sec.gov/Archives/edgar/data/804753/000095013704004066/c85489e10vq.htm"}, {"date": "2004-01-03", "symbol": "CERN", "fillingDate": "2004-03-18", "acceptedDate": "2004-03-18 12:35:34", "period": "FY", "revenue": 227409000, "costOfRevenue": 47507000, "grossProfit": 179902000, "grossProfitRatio": 0.7910944597619267, "researchAndDevelopmentExpenses": 0.0, "generalAndAdministrativeExpenses": 16862000, "sellingAndMarketingExpenses": 0.0, "otherExpenses": -6875000.0, "operatingExpenses": 16862000, "costAndExpenses": 198632000, "interestExpense": 1865000.0, "depreciationAndAmortization": 19158000, "ebitda": 46045000, "ebitdaratio": 0.20247659503361784, "operatingIncome": 26887000, "operatingIncomeRatio": 0.11823190814787453, "totalOtherIncomeExpensesNet": -25000.0, "incomeBeforeTax": 26887000, "incomeBeforeTaxRatio": 0.11823190814787453, "incomeTaxExpense": 0.0, "netIncome": 26887000, "netIncomeRatio": 0.11823190814787453, "eps": 1.21, "epsdiluted": 1.21, "weightedAverageShsOut": 58861157, "weightedAverageShsOutDil": 58861157, "link": "https://www.sec.gov/Archives/edgar/data/804753/000095013704001988/0000950137-04-001988-index.htm", "finalLink": "https://www.sec.gov/Archives/edgar/data/804753/000095013704001988/c83827e10vk.htm"}, {"date": "2003-09-27", "symbol": "CERN", "fillingDate": "2003-11-05", "acceptedDate": "2003-11-05 10:40:18", "period": "Q3", "revenue": 206292000, "costOfRevenue": 45435000, "grossProfit": 160857000, "grossProfitRatio": 0.7797539410156478, "researchAndDevelopmentExpenses": 0.0, "generalAndAdministrativeExpenses": 15083000, "sellingAndMarketingExpenses": 0.0, "otherExpenses": 0.0, "operatingExpenses": 15083000, "costAndExpenses": 184567000, "interestExpense": 1703000.0, "depreciationAndAmortization": 17206000, "ebitda": 37252000, "ebitdaratio": 0.18057898512787698, "operatingIncome": 20046000, "operatingIncomeRatio": 0.09717293932871851, "totalOtherIncomeExpensesNet": 24000.0, "incomeBeforeTax": 20046000, "incomeBeforeTaxRatio": 0.09717293932871851, "incomeTaxExpense": 0.0, "netIncome": 20046000, "netIncomeRatio": 0.09717293932871851, "eps": 0.75, "epsdiluted": 0.75, "weightedAverageShsOut": 35437000, "weightedAverageShsOutDil": 35437000, "link": "https://www.sec.gov/Archives/edgar/data/804753/000095013403014430/0000950134-03-014430-index.htm", "finalLink": "https://www.sec.gov/Archives/edgar/data/804753/000095013403014430/c80513e10vq.htm"}, {"date": "2003-06-28", "symbol": "CERN", "fillingDate": "2003-08-01", "acceptedDate": "2003-08-01 17:22:08", "period": "Q2", "revenue": 207695000, "costOfRevenue": 53096000, "grossProfit": 154599000, "grossProfitRatio": 0.7443559064975084, "researchAndDevelopmentExpenses": 0.0, "generalAndAdministrativeExpenses": 13149000, "sellingAndMarketingExpenses": 0.0, "otherExpenses": 0.0, "operatingExpenses": 13149000, "costAndExpenses": 191348000, "interestExpense": 1603000.0, "depreciationAndAmortization": 16576000, "ebitda": 31447000, "ebitdaratio": 0.1514095187654975, "operatingIncome": 14871000, "operatingIncomeRatio": 0.07160018296059126, "totalOtherIncomeExpensesNet": 127000.0, "incomeBeforeTax": 14871000, "incomeBeforeTaxRatio": 0.07160018296059126, "incomeTaxExpense": 0.0, "netIncome": 14871000, "netIncomeRatio": 0.07160018296059126, "eps": 0.41, "epsdiluted": 0.41, "weightedAverageShsOut": 35476000, "weightedAverageShsOutDil": 35476000, "link": "https://www.sec.gov/Archives/edgar/data/804753/000095013403010859/0000950134-03-010859-index.htm", "finalLink": "https://www.sec.gov/Archives/edgar/data/804753/000095013403010859/c78682e10vq.htm"}, {"date": "2003-03-29", "symbol": "CERN", "fillingDate": "2003-05-05", "acceptedDate": "2003-05-05 17:24:41", "period": "Q1", "revenue": 198191000, "costOfRevenue": 48252000, "grossProfit": 149939000, "grossProfitRatio": 0.7565378851713751, "researchAndDevelopmentExpenses": 0.0, "generalAndAdministrativeExpenses": 13142000, "sellingAndMarketingExpenses": 0.0, "otherExpenses": 0.0, "operatingExpenses": 13142000, "costAndExpenses": 186943000, "interestExpense": 1846000.0, "depreciationAndAmortization": 16390000, "ebitda": 25808000, "ebitdaratio": 0.1302178201835603, "operatingIncome": 9418000.0, "operatingIncomeRatio": 0.04751981674243533, "totalOtherIncomeExpensesNet": 16000.0, "incomeBeforeTax": 9418000.0, "incomeBeforeTaxRatio": 0.04751981674243533, "incomeTaxExpense": 0.0, "netIncome": 9418000.0, "netIncomeRatio": 0.04751981674243533, "eps": 0.16, "epsdiluted": 0.16, "weightedAverageShsOut": 35559000, "weightedAverageShsOutDil": 35559000, "link": "https://www.sec.gov/Archives/edgar/data/804753/000095013403007134/0000950134-03-007134-index.htm", "finalLink": "https://www.sec.gov/Archives/edgar/data/804753/000095013403007134/c76752e10vq.htm"}, {"date": "2002-12-28", "symbol": "CERN", "fillingDate": "2003-03-12", "acceptedDate": "2003-03-11 18:04:08", "period": "FY", "revenue": 205668000, "costOfRevenue": 45531000, "grossProfit": 160137000, "grossProfitRatio": 0.7786189392613339, "researchAndDevelopmentExpenses": 0.0, "generalAndAdministrativeExpenses": 12449000, "sellingAndMarketingExpenses": 0.0, "otherExpenses": -10259000, "operatingExpenses": 12449000, "costAndExpenses": 178332000, "interestExpense": 1414000.0, "depreciationAndAmortization": 15825000, "ebitda": -47890000, "ebitdaratio": -0.2328510025866931, "operatingIncome": -63715000, "operatingIncomeRatio": -0.3097953984090865, "totalOtherIncomeExpensesNet": 23000.0, "incomeBeforeTax": -63715000, "incomeBeforeTaxRatio": -0.3097953984090865, "incomeTaxExpense": 0.0, "netIncome": -63715000, "netIncomeRatio": -0.3097953984090865, "eps": 1.38, "epsdiluted": 1.38, "weightedAverageShsOut": 35438000, "weightedAverageShsOutDil": 35438000, "link": "https://www.sec.gov/Archives/edgar/data/804753/000095013403003674/0000950134-03-003674-index.htm", "finalLink": "https://www.sec.gov/Archives/edgar/data/804753/000095013403003674/c75354e10vk.htm"}, {"date": "2002-09-28", "symbol": "CERN", "fillingDate": "2002-11-06", "acceptedDate": "2002-11-06 15:52:39", "period": "Q3", "revenue": 190331000, "costOfRevenue": 37171000, "grossProfit": 153160000, "grossProfitRatio": 0.8047033851553347, "researchAndDevelopmentExpenses": 0.0, "generalAndAdministrativeExpenses": 13216000, "sellingAndMarketingExpenses": 0.0, "otherExpenses": 64000.0, "operatingExpenses": 13216000, "costAndExpenses": 166403000, "interestExpense": 1245000.0, "depreciationAndAmortization": 14353000, "ebitda": 37069000, "ebitdaratio": 0.19476070634841408, "operatingIncome": 22716000, "operatingIncomeRatio": 0.1193499745180764, "totalOtherIncomeExpensesNet": 33000.0, "incomeBeforeTax": 22716000, "incomeBeforeTaxRatio": 0.1193499745180764, "incomeTaxExpense": 0.0, "netIncome": 22716000, "netIncomeRatio": 0.1193499745180764, "eps": 1.1, "epsdiluted": 1.1, "weightedAverageShsOut": 35438000, "weightedAverageShsOutDil": 35438000, "link": "https://www.sec.gov/Archives/edgar/data/804753/000095013402013498/0000950134-02-013498-index.htm", "finalLink": "https://www.sec.gov/Archives/edgar/data/804753/000095013402013498/c72829e10vq.htm"}]