[{"date": "2019-12-31", "symbol": "EXPE", "fillingDate": "2020-02-14", "acceptedDate": "2020-02-13 19:49:52", "period": "FY", "revenue": 2747000000, "costOfRevenue": 559000000, "grossProfit": 2188000000, "grossProfitRatio": 0.7965052784856207, "researchAndDevelopmentExpenses": 0.0, "generalAndAdministrativeExpenses": 225000000, "sellingAndMarketingExpenses": 1283000000, "otherExpenses": -40000000, "operatingExpenses": 1508000000, "costAndExpenses": 2067000000, "interestExpense": 53000000, "depreciationAndAmortization": 182000000, "ebitda": 342000000, "ebitdaratio": 0.12449945394976338, "operatingIncome": 160000000, "operatingIncomeRatio": 0.058245358572988716, "totalOtherIncomeExpensesNet": 0.0, "incomeBeforeTax": 120000000, "incomeBeforeTaxRatio": 0.04368401892974154, "incomeTaxExpense": -42000000, "netIncome": 78000000, "netIncomeRatio": 0.028394612304332, "eps": 3.84, "epsdiluted": 3.77, "weightedAverageShsOut": 147194.0, "weightedAverageShsOutDil": 149884.0, "link": "https://www.sec.gov/Archives/edgar/data/1324424/000132442420000009/0001324424-20-000009-index.htm", "finalLink": "https://www.sec.gov/Archives/edgar/data/1324424/000132442420000009/q42019-10k.htm"}, {"date": "2019-09-30", "symbol": "EXPE", "fillingDate": "2019-11-07", "acceptedDate": "2019-11-06 17:46:17", "period": "Q3", "revenue": 3558000000, "costOfRevenue": 569000000, "grossProfit": 2989000000, "grossProfitRatio": 0.8400786958965711, "researchAndDevelopmentExpenses": 440000000, "generalAndAdministrativeExpenses": 217000000, "sellingAndMarketingExpenses": 1660000000, "otherExpenses": -48000000, "operatingExpenses": 2367000000, "costAndExpenses": 2936000000, "interestExpense": 40000000, "depreciationAndAmortization": 228000000, "ebitda": 837000000, "ebitdaratio": 0.235244519393, "operatingIncome": 609000000, "operatingIncomeRatio": 0.171163575042, "totalOtherIncomeExpensesNet": -48000000, "incomeBeforeTax": 561000000, "incomeBeforeTaxRatio": 0.157672849916, "incomeTaxExpense": 154000000, "netIncome": 409000000, "netIncomeRatio": 0.114952220349, "eps": 2.76, "epsdiluted": 2.71, "weightedAverageShsOut": 148052.0, "weightedAverageShsOutDil": 150912.0, "link": "https://www.sec.gov/Archives/edgar/data/1324424/000132442419000047/0001324424-19-000047-index.htm", "finalLink": "https://www.sec.gov/Archives/edgar/data/1324424/000132442419000047/a10-qxq32019.htm"}, {"date": "2019-06-30", "symbol": "EXPE", "fillingDate": "2019-07-25", "acceptedDate": "2019-07-25 17:22:24", "period": "Q2", "revenue": 3153000000, "costOfRevenue": 522000000, "grossProfit": 2631000000, "grossProfitRatio": 0.8344433872502379, "researchAndDevelopmentExpenses": 435000000, "generalAndAdministrativeExpenses": 214000000, "sellingAndMarketingExpenses": 1657000000, "otherExpenses": -30000000, "operatingExpenses": 2358000000, "costAndExpenses": 2880000000, "interestExpense": 39000000, "depreciationAndAmortization": 228000000, "ebitda": 493000000, "ebitdaratio": 0.156359023153, "operatingIncome": 265000000, "operatingIncomeRatio": 0.0840469394228, "totalOtherIncomeExpensesNet": -30000000, "incomeBeforeTax": 235000000, "incomeBeforeTaxRatio": 0.0745321915636, "incomeTaxExpense": 48000000, "netIncome": 183000000, "netIncomeRatio": 0.058039961941, "eps": 1.23, "epsdiluted": 1.22, "weightedAverageShsOut": 148468000, "weightedAverageShsOutDil": 151057000, "link": "https://www.sec.gov/Archives/edgar/data/1324424/000132442419000031/0001324424-19-000031-index.htm", "finalLink": "https://www.sec.gov/Archives/edgar/data/1324424/000132442419000031/a10-qxq22019.htm"}, {"date": "2019-03-31", "symbol": "EXPE", "fillingDate": "2019-05-03", "acceptedDate": "2019-05-02 17:46:24", "period": "Q1", "revenue": 2609000000, "costOfRevenue": 513000000, "grossProfit": 2096000000, "grossProfitRatio": 0.8033729398236872, "researchAndDevelopmentExpenses": 429000000, "generalAndAdministrativeExpenses": 191000000, "sellingAndMarketingExpenses": 1535000000, "otherExpenses": -10000000, "operatingExpenses": 2207000000, "costAndExpenses": 2720000000, "interestExpense": 41000000, "depreciationAndAmortization": 228000000, "ebitda": 97000000, "ebitdaratio": 0.0371789957838, "operatingIncome": -141000000, "operatingIncomeRatio": -0.0540436949022614, "totalOtherIncomeExpensesNet": -10000000, "incomeBeforeTax": -141000000, "incomeBeforeTaxRatio": -0.0540436949022614, "incomeTaxExpense": 41000000, "netIncome": -100000000, "netIncomeRatio": -0.038328861632809505, "eps": -0.69, "epsdiluted": -0.69, "weightedAverageShsOut": 147882000, "weightedAverageShsOutDil": 147882000, "link": "https://www.sec.gov/Archives/edgar/data/1324424/000132442419000020/0001324424-19-000020-index.htm", "finalLink": "https://www.sec.gov/Archives/edgar/data/1324424/000132442419000020/a10-qxq12019.htm"}, {"date": "2018-12-31", "symbol": "EXPE", "fillingDate": "2019-02-08", "acceptedDate": "2019-02-07 17:58:44", "period": "FY", "revenue": 2559000000, "costOfRevenue": 476000000, "grossProfit": 2083000000, "grossProfitRatio": 0.8139898397811646, "researchAndDevelopmentExpenses": 417000000, "generalAndAdministrativeExpenses": 211000000, "sellingAndMarketingExpenses": 1209000000, "otherExpenses": -40000000, "operatingExpenses": 1905000000, "costAndExpenses": 2381000000, "interestExpense": 41000000, "depreciationAndAmortization": 279000000, "ebitda": 375000000, "ebitdaratio": 0.146541617819, "operatingIncome": 96000000, "operatingIncomeRatio": 0.0375146541618, "totalOtherIncomeExpensesNet": -40000000, "incomeBeforeTax": 56000000, "incomeBeforeTaxRatio": 0.021883548261, "incomeTaxExpense": 31000000, "netIncome": 17000000, "netIncomeRatio": 0.00664322000782, "eps": 0.12, "epsdiluted": 0.11, "weightedAverageShsOut": 149961000, "weightedAverageShsOutDil": 152889000, "link": "https://www.sec.gov/Archives/edgar/data/1324424/000132442419000006/0001324424-19-000006-index.htm", "finalLink": "https://www.sec.gov/Archives/edgar/data/1324424/000132442419000006/q42018-10k.htm"}, {"date": "2018-09-30", "symbol": "EXPE", "fillingDate": "2018-10-26", "acceptedDate": "2018-10-25 17:55:30", "period": "Q3", "revenue": 3276000000, "costOfRevenue": 504000000, "grossProfit": 2772000000, "grossProfitRatio": 0.8461538461538461, "researchAndDevelopmentExpenses": 404000000, "generalAndAdministrativeExpenses": 202000000, "sellingAndMarketingExpenses": 1501000000, "otherExpenses": -60000000, "operatingExpenses": 2178000000, "costAndExpenses": 2682000000, "interestExpense": 47000000, "depreciationAndAmortization": 242000000, "ebitda": 914000000, "ebitdaratio": 0.278998778999, "operatingIncome": 672000000, "operatingIncomeRatio": 0.205128205128, "totalOtherIncomeExpensesNet": -60000000, "incomeBeforeTax": 612000000, "incomeBeforeTaxRatio": 0.186813186813, "incomeTaxExpense": 81000000, "netIncome": 525000000, "netIncomeRatio": 0.160256410256, "eps": 3.49, "epsdiluted": 3.44, "weightedAverageShsOut": 150450000, "weightedAverageShsOutDil": 153404000, "link": "https://www.sec.gov/Archives/edgar/data/1324424/000132442418000053/0001324424-18-000053-index.htm", "finalLink": "https://www.sec.gov/Archives/edgar/data/1324424/000132442418000053/a10-qxq32018.htm"}, {"date": "2018-06-30", "symbol": "EXPE", "fillingDate": "2018-07-27", "acceptedDate": "2018-07-26 17:55:07", "period": "Q2", "revenue": 2880000000, "costOfRevenue": 498000000, "grossProfit": 2382000000, "grossProfitRatio": 0.8270833333333333, "researchAndDevelopmentExpenses": 400000000, "generalAndAdministrativeExpenses": 196000000, "sellingAndMarketingExpenses": 1541000000, "otherExpenses": -125000000, "operatingExpenses": 2209000000, "costAndExpenses": 2707000000, "interestExpense": 51000000, "depreciationAndAmortization": 241000000, "ebitda": 352000000, "ebitdaratio": 0.122222222222, "operatingIncome": 111000000, "operatingIncomeRatio": 0.0385416666667, "totalOtherIncomeExpensesNet": -125000000, "incomeBeforeTax": -14000000, "incomeBeforeTaxRatio": -0.004861111111111111, "incomeTaxExpense": 5000000.0, "netIncome": 1000000.0, "netIncomeRatio": 0.000347222222222, "eps": 0.01, "epsdiluted": 0.01, "weightedAverageShsOut": 150942000, "weightedAverageShsOutDil": 150942000, "link": "https://www.sec.gov/Archives/edgar/data/1324424/000132442418000039/0001324424-18-000039-index.htm", "finalLink": "https://www.sec.gov/Archives/edgar/data/1324424/000132442418000039/a10-qxq22018.htm"}, {"date": "2018-03-31", "symbol": "EXPE", "fillingDate": "2018-04-27", "acceptedDate": "2018-04-26 17:47:23", "period": "Q1", "revenue": 2508000000, "costOfRevenue": 487000000, "grossProfit": 2021000000, "grossProfitRatio": 0.8058213716108453, "researchAndDevelopmentExpenses": 396000000, "generalAndAdministrativeExpenses": 199000000, "sellingAndMarketingExpenses": 1516000000, "otherExpenses": -4000000.0, "operatingExpenses": 2183000000, "costAndExpenses": 2670000000, "interestExpense": 51000000, "depreciationAndAmortization": 239000000, "ebitda": 74000000, "ebitdaratio": 0.0295055821372, "operatingIncome": -169000000, "operatingIncomeRatio": -0.06738437001594896, "totalOtherIncomeExpensesNet": -4000000.0, "incomeBeforeTax": -169000000, "incomeBeforeTaxRatio": -0.06738437001594896, "incomeTaxExpense": 20000000, "netIncome": -149000000, "netIncomeRatio": -0.05940988835725678, "eps": -0.91, "epsdiluted": -0.91, "weightedAverageShsOut": 151817000, "weightedAverageShsOutDil": 151817000, "link": "https://www.sec.gov/Archives/edgar/data/1324424/000132442418000019/0001324424-18-000019-index.htm", "finalLink": "https://www.sec.gov/Archives/edgar/data/1324424/000132442418000019/a10-qxq12018.htm"}, {"date": "2017-12-31", "symbol": "EXPE", "fillingDate": "2018-02-09", "acceptedDate": "2018-02-08 18:25:16", "period": "FY", "revenue": 2319208000, "costOfRevenue": 437278000, "grossProfit": 1881930000, "grossProfitRatio": 0.8114537376552685, "researchAndDevelopmentExpenses": 372156000, "generalAndAdministrativeExpenses": 197558000, "sellingAndMarketingExpenses": 1123658000, "otherExpenses": -37569000, "operatingExpenses": 1764851000, "costAndExpenses": 2202129000, "interestExpense": 52073000, "depreciationAndAmortization": 236834000, "ebitda": 350309000, "ebitdaratio": 0.151046822881, "operatingIncome": 113475000, "operatingIncomeRatio": 0.0489283410544, "totalOtherIncomeExpensesNet": -208374000, "incomeBeforeTax": 75906000, "incomeBeforeTaxRatio": 0.0327292765461, "incomeTaxExpense": 23031000, "netIncome": 55159000, "netIncomeRatio": 0.0237835502465, "eps": 0.36, "epsdiluted": 0.36, "weightedAverageShsOut": 151619000, "weightedAverageShsOutDil": 156385000, "link": "https://www.sec.gov/Archives/edgar/data/1324424/000132442418000006/0001324424-18-000006-index.htm", "finalLink": "https://www.sec.gov/Archives/edgar/data/1324424/000132442418000006/q42017-10k.htm"}, {"date": "2017-09-30", "symbol": "EXPE", "fillingDate": "2017-10-27", "acceptedDate": "2017-10-26 18:00:03", "period": "Q3", "revenue": 2965848000, "costOfRevenue": 458559000, "grossProfit": 2507289000, "grossProfitRatio": 0.845386884290766, "researchAndDevelopmentExpenses": 350061000, "generalAndAdministrativeExpenses": 141298000, "sellingAndMarketingExpenses": 1460707000, "otherExpenses": -66297000000, "operatingExpenses": 2023077000, "costAndExpenses": 2481636000, "interestExpense": 44001000, "depreciationAndAmortization": 227155000, "ebitda": 708883000, "ebitdaratio": 0.239015283319, "operatingIncome": 481728000, "operatingIncomeRatio": 0.162425046732, "totalOtherIncomeExpensesNet": -66297000, "incomeBeforeTax": 415431000, "incomeBeforeTaxRatio": 0.140071574808, "incomeTaxExpense": 66078000, "netIncome": 352238000, "netIncomeRatio": 0.118764683827, "eps": 2.32, "epsdiluted": 2.25, "weightedAverageShsOut": 151406000, "weightedAverageShsOutDil": 156520000, "link": "https://www.sec.gov/Archives/edgar/data/1324424/000132442417000061/0001324424-17-000061-index.htm", "finalLink": "https://www.sec.gov/Archives/edgar/data/1324424/000132442417000061/a10-qxq32017.htm"}, {"date": "2017-06-30", "symbol": "EXPE", "fillingDate": "2017-07-28", "acceptedDate": "2017-07-27 18:19:24", "period": "Q2", "revenue": 2586052000, "costOfRevenue": 439007000, "grossProfit": 2147045000, "grossProfitRatio": 0.8302404592019031, "researchAndDevelopmentExpenses": 342530000, "generalAndAdministrativeExpenses": 178952000, "sellingAndMarketingExpenses": 1443407000, "otherExpenses": -46086000000, "operatingExpenses": 2031168000, "costAndExpenses": 2470175000, "interestExpense": 42661000, "depreciationAndAmortization": 217331000, "ebitda": 320099000, "ebitdaratio": 0.123779026872, "operatingIncome": 102768000, "operatingIncomeRatio": 0.0397393401215, "totalOtherIncomeExpensesNet": -46086000, "incomeBeforeTax": 56682000, "incomeBeforeTaxRatio": 0.0219183527632, "incomeTaxExpense": 3012000.0, "netIncome": 56689000, "netIncomeRatio": 0.021921059592, "eps": 0.38, "epsdiluted": 0.38, "weightedAverageShsOut": 151060000, "weightedAverageShsOutDil": 151060000, "link": "https://www.sec.gov/Archives/edgar/data/1324424/000132442417000039/0001324424-17-000039-index.htm", "finalLink": "https://www.sec.gov/Archives/edgar/data/1324424/000132442417000039/a10-qxq22017.htm"}, {"date": "2017-03-31", "symbol": "EXPE", "fillingDate": "2017-04-28", "acceptedDate": "2017-04-27 18:06:09", "period": "Q1", "revenue": 2188736000, "costOfRevenue": 421687000, "grossProfit": 1767049000, "grossProfitRatio": 0.8073376597268926, "researchAndDevelopmentExpenses": 322040000, "generalAndAdministrativeExpenses": 158153000, "sellingAndMarketingExpenses": 1270060000, "otherExpenses": -58422000, "operatingExpenses": 1816929000, "costAndExpenses": 2238616000, "interestExpense": 42977000, "depreciationAndAmortization": 208224000, "ebitda": 135391000, "ebitdaratio": 0.0618580769906, "operatingIncome": -131255000, "operatingIncomeRatio": -0.05996840185385537, "totalOtherIncomeExpensesNet": -58422000, "incomeBeforeTax": -131255000, "incomeBeforeTaxRatio": -0.05996840185385537, "incomeTaxExpense": 46716000, "netIncome": -84539000, "netIncomeRatio": -0.03862457601099448, "eps": -0.57, "epsdiluted": -0.57, "weightedAverageShsOut": 150531000, "weightedAverageShsOutDil": 150531000, "link": "https://www.sec.gov/Archives/edgar/data/1324424/000132442417000015/0001324424-17-000015-index.htm", "finalLink": "https://www.sec.gov/Archives/edgar/data/1324424/000132442417000015/a10-qxq12017.htm"}, {"date": "2016-12-31", "symbol": "EXPE", "fillingDate": "2017-02-10", "acceptedDate": "2017-02-09 18:33:36", "period": "FY", "revenue": 2092829000, "costOfRevenue": 370841000, "grossProfit": 1721988000, "grossProfitRatio": 0.8228039653502508, "researchAndDevelopmentExpenses": 324098000, "generalAndAdministrativeExpenses": 173897000, "sellingAndMarketingExpenses": 968555000, "otherExpenses": -32060000, "operatingExpenses": 1532431000, "costAndExpenses": 1903272000, "interestExpense": 42875000, "depreciationAndAmortization": 198109000, "ebitda": 345295000, "ebitdaratio": 0.164989590645, "operatingIncome": 147186000, "operatingIncomeRatio": 0.0703287272873, "totalOtherIncomeExpensesNet": -32060000, "incomeBeforeTax": 115126000, "incomeBeforeTaxRatio": 0.0550097499605, "incomeTaxExpense": 30244000, "netIncome": 79457000, "netIncomeRatio": 0.0379663125845, "eps": 0.52, "epsdiluted": 0.51, "weightedAverageShsOut": 150367000, "weightedAverageShsOutDil": 154517000, "link": "https://www.sec.gov/Archives/edgar/data/1324424/000132442417000006/0001324424-17-000006-index.htm", "finalLink": "https://www.sec.gov/Archives/edgar/data/1324424/000132442417000006/a2016-10k.htm"}, {"date": "2016-09-30", "symbol": "EXPE", "fillingDate": "2016-10-28", "acceptedDate": "2016-10-27 17:54:06", "period": "Q3", "revenue": 2580905000, "costOfRevenue": 416907000, "grossProfit": 2163998000, "grossProfitRatio": 0.8384648020752411, "researchAndDevelopmentExpenses": 301446000, "generalAndAdministrativeExpenses": 165829000, "sellingAndMarketingExpenses": 1204521000, "otherExpenses": -46597000, "operatingExpenses": 1748876000, "costAndExpenses": 2165783000, "interestExpense": 43374000, "depreciationAndAmortization": 200635000, "ebitda": 586787000, "ebitdaratio": 0.227357070485, "operatingIncome": 386152000, "operatingIncomeRatio": 0.149618835254, "totalOtherIncomeExpensesNet": -46597000, "incomeBeforeTax": 339555000, "incomeBeforeTaxRatio": 0.131564315618, "incomeTaxExpense": 60627000, "netIncome": 279331000, "netIncomeRatio": 0.108229865105, "eps": 1.86, "epsdiluted": 1.82, "weightedAverageShsOut": 150281000, "weightedAverageShsOutDil": 154332000, "link": "https://www.sec.gov/Archives/edgar/data/1324424/000132442416000013/0001324424-16-000013-index.htm", "finalLink": "https://www.sec.gov/Archives/edgar/data/1324424/000132442416000013/a10-qxq32016.htm"}, {"date": "2016-06-30", "symbol": "EXPE", "fillingDate": "2016-07-29", "acceptedDate": "2016-07-28 17:55:49", "period": "Q2", "revenue": 2195869000, "costOfRevenue": 406109000, "grossProfit": 1789760000, "grossProfitRatio": 0.8150577288535883, "researchAndDevelopmentExpenses": 316192000, "generalAndAdministrativeExpenses": 190757000, "sellingAndMarketingExpenses": 1153734000, "otherExpenses": -37857000, "operatingExpenses": 1744864000, "costAndExpenses": 2150973000, "interestExpense": 42939000, "depreciationAndAmortization": 200204000, "ebitda": 230923000, "ebitdaratio": 0.105162466431, "operatingIncome": 30719000, "operatingIncomeRatio": 0.0139894501903, "totalOtherIncomeExpensesNet": -37857000, "incomeBeforeTax": -7138000.0, "incomeBeforeTaxRatio": -0.003250649287366414, "incomeTaxExpense": 26417000, "netIncome": 44921000, "netIncomeRatio": 0.0204570491227, "eps": 0.3, "epsdiluted": 0.3, "weightedAverageShsOut": 150332000, "weightedAverageShsOutDil": 150332000, "link": "https://www.sec.gov/Archives/edgar/data/1324424/000119312516662614/0001193125-16-662614-index.htm", "finalLink": "https://www.sec.gov/Archives/edgar/data/1324424/000119312516662614/d209689d10q.htm"}, {"date": "2016-03-31", "symbol": "EXPE", "fillingDate": "2016-04-29", "acceptedDate": "2016-04-28 17:55:13", "period": "Q1", "revenue": 1903961000, "costOfRevenue": 402841000, "grossProfit": 1501120000, "grossProfitRatio": 0.7884195106937589, "researchAndDevelopmentExpenses": 293283000, "generalAndAdministrativeExpenses": 147809000, "sellingAndMarketingExpenses": 1040607000, "otherExpenses": -68588000, "operatingExpenses": 1571698000, "costAndExpenses": 1974539000, "interestExpense": 43960000, "depreciationAndAmortization": 195254000, "ebitda": 92899000, "ebitdaratio": 0.0487924910227, "operatingIncome": -170943000, "operatingIncomeRatio": -0.0897828264339448, "totalOtherIncomeExpensesNet": -68588000, "incomeBeforeTax": -170943000, "incomeBeforeTaxRatio": -0.0897828264339448, "incomeTaxExpense": 49139000, "netIncome": -121804000, "netIncomeRatio": -0.06397399946742606, "eps": -0.81, "epsdiluted": -0.81, "weightedAverageShsOut": 151052000, "weightedAverageShsOutDil": 151052000, "link": "https://www.sec.gov/Archives/edgar/data/1324424/000119312516564423/0001193125-16-564423-index.htm", "finalLink": "https://www.sec.gov/Archives/edgar/data/1324424/000119312516564423/d157052d10q.htm"}, {"date": "2015-12-31", "symbol": "EXPE", "fillingDate": "2016-02-11", "acceptedDate": "2016-02-10 17:59:59", "period": "FY", "revenue": 1698567000, "costOfRevenue": 338493000, "grossProfit": 1360074000, "grossProfitRatio": 0.8007184879960578, "researchAndDevelopmentExpenses": 250570000, "generalAndAdministrativeExpenses": 185954000, "sellingAndMarketingExpenses": 788936000, "otherExpenses": -35410000, "operatingExpenses": 1305803000, "costAndExpenses": 1644296000, "interestExpense": 36427000, "depreciationAndAmortization": 176145000, "ebitda": 205622000, "ebitdaratio": 0.12105616087, "operatingIncome": 29477000, "operatingIncomeRatio": 0.0173540401998, "totalOtherIncomeExpensesNet": -35410000, "incomeBeforeTax": -5933000.0, "incomeBeforeTaxRatio": -0.0034929443466168836, "incomeTaxExpense": 6953000.0, "netIncome": -12886000, "netIncomeRatio": -0.0075863948846292195, "eps": -0.16, "epsdiluted": -0.16, "weightedAverageShsOut": 130159000, "weightedAverageShsOutDil": 134018000, "link": "https://www.sec.gov/Archives/edgar/data/1324424/000119312516457822/0001193125-16-457822-index.htm", "finalLink": "https://www.sec.gov/Archives/edgar/data/1324424/000119312516457822/d104083d10k.htm"}, {"date": "2015-09-30", "symbol": "EXPE", "fillingDate": "2015-10-30", "acceptedDate": "2015-10-29 18:56:01", "period": "Q3", "revenue": 1937753000, "costOfRevenue": 328066000, "grossProfit": 1609687000, "grossProfitRatio": 0.8306977205041096, "researchAndDevelopmentExpenses": 202703000, "generalAndAdministrativeExpenses": 130168000, "sellingAndMarketingExpenses": 943289000, "otherExpenses": -2811000.0, "operatingExpenses": 1307560000, "costAndExpenses": 1635626000, "interestExpense": 33259000, "depreciationAndAmortization": 118556000, "ebitda": 463554000, "ebitdaratio": 0.239222439599, "operatingIncome": 344998000, "operatingIncomeRatio": 0.178040235262, "totalOtherIncomeExpensesNet": -2811000.0, "incomeBeforeTax": 342187000, "incomeBeforeTaxRatio": 0.176589585979, "incomeTaxExpense": 65950000, "netIncome": 283216000, "netIncomeRatio": 0.146156914736, "eps": 2.18, "epsdiluted": 2.12, "weightedAverageShsOut": 128822000, "weightedAverageShsOutDil": 132602000, "link": "https://www.sec.gov/Archives/edgar/data/1324424/000119312515358395/0001193125-15-358395-index.htm", "finalLink": "https://www.sec.gov/Archives/edgar/data/1324424/000119312515358395/d24786d10q.htm"}, {"date": "2015-06-30", "symbol": "EXPE", "fillingDate": "2015-07-31", "acceptedDate": "2015-07-30 18:37:36", "period": "Q2", "revenue": 1662600000, "costOfRevenue": 321082000, "grossProfit": 1341518000, "grossProfitRatio": 0.8068795861903043, "researchAndDevelopmentExpenses": 186516000, "generalAndAdministrativeExpenses": 141394000, "sellingAndMarketingExpenses": 885480000, "otherExpenses": 467965000, "operatingExpenses": 1240270000, "costAndExpenses": 1561352000, "interestExpense": 28515000, "depreciationAndAmortization": 106157000, "ebitda": 196249000, "ebitdaratio": 0.118037411284, "operatingIncome": 90092000, "operatingIncomeRatio": 0.0541874172982, "totalOtherIncomeExpensesNet": 467965000, "incomeBeforeTax": 558057000, "incomeBeforeTaxRatio": 0.335653193793, "incomeTaxExpense": 131221000, "netIncome": 449644000, "netIncomeRatio": 0.270446288945, "eps": 3.5, "epsdiluted": 3.4, "weightedAverageShsOut": 128229000, "weightedAverageShsOutDil": 132184000, "link": "https://www.sec.gov/Archives/edgar/data/1324424/000119312515271360/0001193125-15-271360-index.htm", "finalLink": "https://www.sec.gov/Archives/edgar/data/1324424/000119312515271360/d938206d10q.htm"}, {"date": "2015-03-31", "symbol": "EXPE", "fillingDate": "2015-05-01", "acceptedDate": "2015-04-30 18:16:36", "period": "Q1", "revenue": 1373397000, "costOfRevenue": 321918000, "grossProfit": 1051479000, "grossProfitRatio": 0.7656045557111308, "researchAndDevelopmentExpenses": 190455000, "generalAndAdministrativeExpenses": 116397000, "sellingAndMarketingExpenses": 763381000, "otherExpenses": 82652000, "operatingExpenses": 1095275000, "costAndExpenses": 1417193000, "interestExpense": 27994000, "depreciationAndAmortization": 99487000, "ebitda": 48486000, "ebitdaratio": 0.0353037031536, "operatingIncome": 31651000, "operatingIncomeRatio": 0.023045776275905656, "totalOtherIncomeExpensesNet": 82652000, "incomeBeforeTax": 31651000, "incomeBeforeTaxRatio": 0.0230457762759, "incomeTaxExpense": 910000.0, "netIncome": 44143000, "netIncomeRatio": 0.0321414711114, "eps": 0.35, "epsdiluted": 0.34, "weightedAverageShsOut": 127563000, "weightedAverageShsOutDil": 131402000, "link": "https://www.sec.gov/Archives/edgar/data/1324424/000119312515163181/0001193125-15-163181-index.htm", "finalLink": "https://www.sec.gov/Archives/edgar/data/1324424/000119312515163181/d893504d10q.htm"}, {"date": "2014-12-31", "symbol": "EXPE", "fillingDate": "2015-02-06", "acceptedDate": "2015-02-05 18:01:23", "period": "FY", "revenue": 1355978000, "costOfRevenue": 284253000, "grossProfit": 1071725000, "grossProfitRatio": 0.7903704927366079, "researchAndDevelopmentExpenses": 181350000, "generalAndAdministrativeExpenses": 118789000, "sellingAndMarketingExpenses": 624214000, "otherExpenses": -6710000.0, "operatingExpenses": 948693000, "costAndExpenses": 1232946000, "interestExpense": 28406000, "depreciationAndAmortization": 94996000, "ebitda": 189702000, "ebitdaratio": 0.139900499861, "operatingIncome": 94706000, "operatingIncomeRatio": 0.069843316042, "totalOtherIncomeExpensesNet": -6710000.0, "incomeBeforeTax": 205677000, "incomeBeforeTaxRatio": 0.151681664452, "incomeTaxExpense": 31717000, "netIncome": 65969000, "netIncomeRatio": 0.0486504943296, "eps": 0.52, "epsdiluted": 0.51, "weightedAverageShsOut": 128912000, "weightedAverageShsOutDil": 133168000, "link": "https://www.sec.gov/Archives/edgar/data/1324424/000119312515035706/0001193125-15-035706-index.htm", "finalLink": "https://www.sec.gov/Archives/edgar/data/1324424/000119312515035706/d838066d10k.htm"}, {"date": "2014-09-30", "symbol": "EXPE", "fillingDate": "2014-10-31", "acceptedDate": "2014-10-30 18:29:37", "period": "Q3", "revenue": 1712504000, "costOfRevenue": 299708000, "grossProfit": 1412796000, "grossProfitRatio": 0.8249884379832105, "researchAndDevelopmentExpenses": 172754000, "generalAndAdministrativeExpenses": 104999000, "sellingAndMarketingExpenses": 815800000, "otherExpenses": -7311000000, "operatingExpenses": 1112072000, "costAndExpenses": 1411780000, "interestExpense": 25558000, "depreciationAndAmortization": 85988000, "ebitda": 382824000, "ebitdaratio": 0.223546339162, "operatingIncome": 296836000, "operatingIncomeRatio": 0.173334485642, "totalOtherIncomeExpensesNet": -7311000.0, "incomeBeforeTax": 172465000, "incomeBeforeTaxRatio": 0.100709253818, "incomeTaxExpense": 38904000, "netIncome": 257059000, "netIncomeRatio": 0.15010709464, "eps": 1.99, "epsdiluted": 1.92, "weightedAverageShsOut": 129326000, "weightedAverageShsOutDil": 133683000, "link": "https://www.sec.gov/Archives/edgar/data/1324424/000119312514390060/0001193125-14-390060-index.htm", "finalLink": "https://www.sec.gov/Archives/edgar/data/1324424/000119312514390060/d787104d10q.htm"}, {"date": "2014-06-30", "symbol": "EXPE", "fillingDate": "2014-08-01", "acceptedDate": "2014-07-31 17:54:35", "period": "Q2", "revenue": 1494632000, "costOfRevenue": 300501000, "grossProfit": 1194131000, "grossProfitRatio": 0.7989464965289115, "researchAndDevelopmentExpenses": 169075000, "generalAndAdministrativeExpenses": 102540000, "sellingAndMarketingExpenses": 743616000, "otherExpenses": -22615000, "operatingExpenses": 1033495000, "costAndExpenses": 1333996000, "interestExpense": 22321000, "depreciationAndAmortization": 83822000, "ebitda": 213042000, "ebitdaratio": 0.142538096334, "operatingIncome": 129220000, "operatingIncomeRatio": 0.0864560641014, "totalOtherIncomeExpensesNet": -22615000, "incomeBeforeTax": 80922000, "incomeBeforeTaxRatio": 0.0541417552949, "incomeTaxExpense": 20751000, "netIncome": 89373000, "netIncomeRatio": 0.0597959899159, "eps": 0.69, "epsdiluted": 0.67, "weightedAverageShsOut": 130046000, "weightedAverageShsOutDil": 134399000, "link": "https://www.sec.gov/Archives/edgar/data/1324424/000119312514290046/0001193125-14-290046-index.htm", "finalLink": "https://www.sec.gov/Archives/edgar/data/1324424/000119312514290046/d728841d10q.htm"}, {"date": "2014-03-31", "symbol": "EXPE", "fillingDate": "2014-05-02", "acceptedDate": "2014-05-01 17:36:08", "period": "Q1", "revenue": 1200371000, "costOfRevenue": 294619000, "grossProfit": 905752000, "grossProfitRatio": 0.7545600485183331, "researchAndDevelopmentExpenses": 162975000, "generalAndAdministrativeExpenses": 99045000, "sellingAndMarketingExpenses": 624699000, "otherExpenses": -16487000, "operatingExpenses": 905211000, "costAndExpenses": 1199830000, "interestExpense": 21804000, "depreciationAndAmortization": 80626000, "ebitda": 77628000, "ebitdaratio": 0.0646700061898, "operatingIncome": -19485000, "operatingIncomeRatio": -0.06613626412417394, "totalOtherIncomeExpensesNet": -16487000, "incomeBeforeTax": 5577000.0, "incomeBeforeTaxRatio": 0.00464606359201, "incomeTaxExpense": 319000.0, "netIncome": -19804000, "netIncomeRatio": -0.06721901846113115, "eps": -0.11, "epsdiluted": -0.11, "weightedAverageShsOut": 130559000, "weightedAverageShsOutDil": 130559000, "link": "https://www.sec.gov/Archives/edgar/data/1324424/000119312514177620/0001193125-14-177620-index.htm", "finalLink": "https://www.sec.gov/Archives/edgar/data/1324424/000119312514177620/d697259d10q.htm"}, {"date": "2013-12-31", "symbol": "EXPE", "fillingDate": "2014-02-07", "acceptedDate": "2014-02-06 18:22:53", "period": "FY", "revenue": 1152015000, "costOfRevenue": 248528000, "grossProfit": 903487000, "grossProfitRatio": 0.7842666979162598, "researchAndDevelopmentExpenses": 155039000, "generalAndAdministrativeExpenses": 100460000, "sellingAndMarketingExpenses": 484226000, "otherExpenses": -18250000, "operatingExpenses": 761535000, "costAndExpenses": 1010063000, "interestExpense": 22015000, "depreciationAndAmortization": 80584000, "ebitda": 219295000, "ebitdaratio": 0.190357764439, "operatingIncome": 138711000, "operatingIncomeRatio": 0.120407286363, "totalOtherIncomeExpensesNet": -18250000, "incomeBeforeTax": 93987000, "incomeBeforeTaxRatio": 0.0815848751969, "incomeTaxExpense": 26474000, "netIncome": 94717000, "netIncomeRatio": 0.0822185475016, "eps": 0.72, "epsdiluted": 0.69, "weightedAverageShsOut": 134912000, "weightedAverageShsOutDil": 139593000, "link": "https://www.sec.gov/Archives/edgar/data/1324424/000119312514039090/0001193125-14-039090-index.htm", "finalLink": "https://www.sec.gov/Archives/edgar/data/1324424/000119312514039090/d648005d10k.htm"}, {"date": "2013-09-30", "symbol": "EXPE", "fillingDate": "2013-10-31", "acceptedDate": "2013-10-30 17:46:36", "period": "Q3", "revenue": 1401860000, "costOfRevenue": 276318000, "grossProfit": 1125542000, "grossProfitRatio": 0.8028918722268985, "researchAndDevelopmentExpenses": 143816000, "generalAndAdministrativeExpenses": 92351000, "sellingAndMarketingExpenses": 625296000, "otherExpenses": -143247000, "operatingExpenses": 879977000, "costAndExpenses": 1156295000, "interestExpense": 21966000, "depreciationAndAmortization": 71479000, "ebitda": 310170000, "ebitdaratio": 0.221256045539, "operatingIncome": 238691000, "operatingIncomeRatio": 0.17026735908, "totalOtherIncomeExpensesNet": -96130000, "incomeBeforeTax": 166724000, "incomeBeforeTaxRatio": 0.11893056368, "incomeTaxExpense": 45356000, "netIncome": 170859000, "netIncomeRatio": 0.121880216284, "eps": 1.25, "epsdiluted": 1.22, "weightedAverageShsOut": 136381000, "weightedAverageShsOutDil": 141202000, "link": "https://www.sec.gov/Archives/edgar/data/1324424/000119312513418920/0001193125-13-418920-index.htm", "finalLink": "https://www.sec.gov/Archives/edgar/data/1324424/000119312513418920/d586992d10q.htm"}, {"date": "2013-06-30", "symbol": "EXPE", "fillingDate": "2013-07-26", "acceptedDate": "2013-07-25 18:26:23", "period": "Q2", "revenue": 1205017000, "costOfRevenue": 262607000, "grossProfit": 942410000, "grossProfitRatio": 0.7820719541716009, "researchAndDevelopmentExpenses": 140682000, "generalAndAdministrativeExpenses": 91891000, "sellingAndMarketingExpenses": 590468000, "otherExpenses": 96130000, "operatingExpenses": 841878000, "costAndExpenses": 1104485000, "interestExpense": 21629000, "depreciationAndAmortization": 69976000, "ebitda": 164262000, "ebitdaratio": 0.136315089331, "operatingIncome": 94286000, "operatingIncomeRatio": 0.0782445392887, "totalOtherIncomeExpensesNet": 96130000, "incomeBeforeTax": 74918000, "incomeBeforeTaxRatio": 0.0621717369962, "incomeTaxExpense": 24408000, "netIncome": 71500000, "netIncomeRatio": 0.0593352624901, "eps": 0.53, "epsdiluted": 0.53, "weightedAverageShsOut": 135998000, "weightedAverageShsOutDil": 135998000, "link": "https://www.sec.gov/Archives/edgar/data/1324424/000119312513303051/0001193125-13-303051-index.htm", "finalLink": "https://www.sec.gov/Archives/edgar/data/1324424/000119312513303051/d542524d10q.htm"}, {"date": "2013-03-31", "symbol": "EXPE", "fillingDate": "2013-04-26", "acceptedDate": "2013-04-25 21:53:26", "period": "Q1", "revenue": 1012367000, "costOfRevenue": 250581000, "grossProfit": 761786000, "grossProfitRatio": 0.7524800788646805, "researchAndDevelopmentExpenses": 138283000, "generalAndAdministrativeExpenses": 92376000, "sellingAndMarketingExpenses": 496155000, "otherExpenses": -13643000, "operatingExpenses": 739384000, "costAndExpenses": 989965000, "interestExpense": 21748000, "depreciationAndAmortization": 61436000, "ebitda": -44192000, "ebitdaratio": -0.04365215381378492, "operatingIncome": -105628000, "operatingIncomeRatio": -0.10433765620570405, "totalOtherIncomeExpensesNet": -13643000, "incomeBeforeTax": -119271000, "incomeBeforeTaxRatio": -0.11781399433209498, "incomeTaxExpense": 11903000, "netIncome": -107368000, "netIncomeRatio": -0.10605640049507738, "eps": -0.77, "epsdiluted": -0.77, "weightedAverageShsOut": 135641000, "weightedAverageShsOutDil": 135641000, "link": "https://www.sec.gov/Archives/edgar/data/1324424/000119312513175029/0001193125-13-175029-index.htm", "finalLink": "https://www.sec.gov/Archives/edgar/data/1324424/000119312513175029/d508099d10q.htm"}, {"date": "2012-12-31", "symbol": "EXPE", "fillingDate": "2013-02-06", "acceptedDate": "2013-02-05 18:08:55", "period": "FY", "revenue": 974859000, "costOfRevenue": 225132000, "grossProfit": 749727000, "grossProfitRatio": 0.769061987425874, "researchAndDevelopmentExpenses": 134344000, "generalAndAdministrativeExpenses": 98418000, "sellingAndMarketingExpenses": 393636000, "otherExpenses": -17482000, "operatingExpenses": 636576000, "costAndExpenses": 861708000, "interestExpense": 22306000, "depreciationAndAmortization": 57571000, "ebitda": 59081000, "ebitdaratio": 0.0606046618024, "operatingIncome": 1510000.0, "operatingIncomeRatio": 0.00154894194955, "totalOtherIncomeExpensesNet": -17482000, "incomeBeforeTax": 54173000, "incomeBeforeTaxRatio": 0.0555700875716, "incomeTaxExpense": 23067000, "netIncome": 6734000.0, "netIncomeRatio": 0.00690766562139, "eps": 0.05, "epsdiluted": 0.04, "weightedAverageShsOut": 134203000, "weightedAverageShsOutDil": 139929000, "link": "https://www.sec.gov/Archives/edgar/data/1324424/000119312513039072/0001193125-13-039072-index.htm", "finalLink": "https://www.sec.gov/Archives/edgar/data/1324424/000119312513039072/d446158d10k.htm"}, {"date": "2012-09-30", "symbol": "EXPE", "fillingDate": "2012-10-26", "acceptedDate": "2012-10-25 18:13:15", "period": "Q3", "revenue": 1199020000, "costOfRevenue": 243633000, "grossProfit": 955387000, "grossProfitRatio": 0.7968065586895965, "researchAndDevelopmentExpenses": 125617000, "generalAndAdministrativeExpenses": 85140000, "sellingAndMarketingExpenses": 505756000, "otherExpenses": -22752000000, "operatingExpenses": 725987000, "costAndExpenses": 969620000, "interestExpense": 22101000, "depreciationAndAmortization": 53348000, "ebitda": 280438000, "ebitdaratio": 0.233889342963, "operatingIncome": 227090000, "operatingIncomeRatio": 0.189396340345, "totalOtherIncomeExpensesNet": -22752000, "incomeBeforeTax": 168188000, "incomeBeforeTaxRatio": 0.140271221498, "incomeTaxExpense": 36150000, "netIncome": 171477000, "netIncomeRatio": 0.143014295008, "eps": 1.27, "epsdiluted": 1.23, "weightedAverageShsOut": 133919000, "weightedAverageShsOutDil": 139650000, "link": "https://www.sec.gov/Archives/edgar/data/1324424/000119312512435807/0001193125-12-435807-index.htm", "finalLink": "https://www.sec.gov/Archives/edgar/data/1324424/000119312512435807/d403378d10q.htm"}, {"date": "2012-06-30", "symbol": "EXPE", "fillingDate": "2012-07-27", "acceptedDate": "2012-07-26 18:21:19", "period": "Q2", "revenue": 1039980000, "costOfRevenue": 229741000, "grossProfit": 810239000, "grossProfitRatio": 0.7790909440566165, "researchAndDevelopmentExpenses": 116026000, "generalAndAdministrativeExpenses": 83218000, "sellingAndMarketingExpenses": 444573000, "otherExpenses": -19577000, "operatingExpenses": 652448000, "costAndExpenses": 882189000, "interestExpense": 21989000, "depreciationAndAmortization": 47297000, "ebitda": 201738000, "ebitdaratio": 0.193982576588, "operatingIncome": 154441000, "operatingIncomeRatio": 0.148503817381, "totalOtherIncomeExpensesNet": -19577000, "incomeBeforeTax": 100869000, "incomeBeforeTaxRatio": 0.096991288294, "incomeTaxExpense": 28755000, "netIncome": 105241000, "netIncomeRatio": 0.101195215293, "eps": 0.79, "epsdiluted": 0.75, "weightedAverageShsOut": 132877000, "weightedAverageShsOutDil": 138747000, "link": "https://www.sec.gov/Archives/edgar/data/1324424/000119312512317259/0001193125-12-317259-index.htm", "finalLink": "https://www.sec.gov/Archives/edgar/data/1324424/000119312512317259/d370105d10q.htm"}, {"date": "2012-03-31", "symbol": "EXPE", "fillingDate": "2012-04-27", "acceptedDate": "2012-04-26 18:28:06", "period": "Q1", "revenue": 816488000, "costOfRevenue": 200098000, "grossProfit": 616390000, "grossProfitRatio": 0.7549284251575038, "researchAndDevelopmentExpenses": 108911000, "generalAndAdministrativeExpenses": 78578000, "sellingAndMarketingExpenses": 377072000, "otherExpenses": -21856000, "operatingExpenses": 567983000, "costAndExpenses": 768081000, "interestExpense": 21392000, "depreciationAndAmortization": 37736000, "ebitda": 86419000, "ebitdaratio": 0.105842339385, "operatingIncome": 48683000, "operatingIncomeRatio": 0.0596248811985, "totalOtherIncomeExpensesNet": -21856000, "incomeBeforeTax": 26827000, "incomeBeforeTaxRatio": 0.0328565759693, "incomeTaxExpense": 5240000.0, "netIncome": -2302000.0, "netIncomeRatio": -0.0028193923241982737, "eps": -0.02, "epsdiluted": -0.02, "weightedAverageShsOut": 133202000, "weightedAverageShsOutDil": 139306000, "link": "https://www.sec.gov/Archives/edgar/data/1324424/000119312512186822/0001193125-12-186822-index.htm", "finalLink": "https://www.sec.gov/Archives/edgar/data/1324424/000119312512186822/d318853d10q.htm"}, {"date": "2011-12-31", "symbol": "EXPE", "fillingDate": "2012-02-10", "acceptedDate": "2012-02-09 20:15:27", "period": "FY", "revenue": 462363000, "costOfRevenue": 175209000, "grossProfit": 287154000, "grossProfitRatio": 0.621057480810532, "researchAndDevelopmentExpenses": 50777000, "generalAndAdministrativeExpenses": 38425000, "sellingAndMarketingExpenses": 331412000, "otherExpenses": 5316000.0, "operatingExpenses": 419583000, "costAndExpenses": 594792000, "interestExpense": -3814000.0, "depreciationAndAmortization": 21105000, "ebitda": -123849000, "ebitdaratio": -0.2678609663835558, "operatingIncome": -144954000, "operatingIncomeRatio": -0.31350691988762075, "totalOtherIncomeExpensesNet": 5316000.0, "incomeBeforeTax": -139638000, "incomeBeforeTaxRatio": -0.30200946009953217, "incomeTaxExpense": 62474000, "netIncome": 70328000, "netIncomeRatio": 0.152105596685, "eps": 2.01, "epsdiluted": 1.97, "weightedAverageShsOut": 135888000, "weightedAverageShsOutDil": 138702000, "link": "https://www.sec.gov/Archives/edgar/data/1324424/000119312512050009/0001193125-12-050009-index.htm", "finalLink": "https://www.sec.gov/Archives/edgar/data/1324424/000119312512050009/d269044d10k.htm"}, {"date": "2011-09-30", "symbol": "EXPE", "fillingDate": "2011-11-07", "acceptedDate": "2011-11-07 13:23:14", "period": "Q3", "revenue": 1140835000, "costOfRevenue": 209677000, "grossProfit": 931158000, "grossProfitRatio": 0.8162074270161768, "researchAndDevelopmentExpenses": 116877000, "generalAndAdministrativeExpenses": 103745000, "sellingAndMarketingExpenses": 408102000, "otherExpenses": -18168000000, "operatingExpenses": 636683000, "costAndExpenses": 846360000, "interestExpense": 32049000, "depreciationAndAmortization": 49380000, "ebitda": 338733000, "ebitdaratio": 0.296916732043, "operatingIncome": 289353000, "operatingIncomeRatio": 0.253632646263, "totalOtherIncomeExpensesNet": -18168000, "incomeBeforeTax": 271185000, "incomeBeforeTaxRatio": 0.237707468652, "incomeTaxExpense": 60779000, "netIncome": 209534000, "netIncomeRatio": 0.183667226198, "eps": 0.77, "epsdiluted": 0.75, "weightedAverageShsOut": 273263000, "weightedAverageShsOutDil": 278541000, "link": "https://www.sec.gov/Archives/edgar/data/1324424/000119312511299302/0001193125-11-299302-index.htm", "finalLink": "https://www.sec.gov/Archives/edgar/data/1324424/000119312511299302/d238383d10q.htm"}, {"date": "2011-06-30", "symbol": "EXPE", "fillingDate": "2011-07-29", "acceptedDate": "2011-07-28 18:37:21", "period": "Q2", "revenue": 1023634000, "costOfRevenue": 198544000, "grossProfit": 825090000, "grossProfitRatio": 0.806040049470807, "researchAndDevelopmentExpenses": 110161000, "generalAndAdministrativeExpenses": 84837000, "sellingAndMarketingExpenses": 393969000, "otherExpenses": -30629000000, "operatingExpenses": 596013000, "costAndExpenses": 794557000, "interestExpense": 31218000, "depreciationAndAmortization": 43211000, "ebitda": 270180000, "ebitdaratio": 0.263941994893, "operatingIncome": 226969000, "operatingIncomeRatio": 0.221728664738, "totalOtherIncomeExpensesNet": -30629000, "incomeBeforeTax": 196340000, "incomeBeforeTaxRatio": 0.191806837209, "incomeTaxExpense": 55450000, "netIncome": 140393000, "netIncomeRatio": 0.13715156003, "eps": 0.51, "epsdiluted": 0.5, "weightedAverageShsOut": 273725000, "weightedAverageShsOutDil": 278136000, "link": "https://www.sec.gov/Archives/edgar/data/1324424/000119312511201168/0001193125-11-201168-index.htm", "finalLink": "https://www.sec.gov/Archives/edgar/data/1324424/000119312511201168/d10q.htm"}, {"date": "2011-03-31", "symbol": "EXPE", "fillingDate": "2011-04-29", "acceptedDate": "2011-04-28 19:10:42", "period": "Q1", "revenue": 822177000, "costOfRevenue": 177842000, "grossProfit": 644335000, "grossProfitRatio": 0.7836937788335115, "researchAndDevelopmentExpenses": 103184000, "generalAndAdministrativeExpenses": 82701000, "sellingAndMarketingExpenses": 341158000, "otherExpenses": -34056000, "operatingExpenses": 534994000, "costAndExpenses": 712836000, "interestExpense": 31265000, "depreciationAndAmortization": 41238000, "ebitda": 149479000, "ebitdaratio": 0.181808783267, "operatingIncome": 108241000, "operatingIncomeRatio": 0.131651700303, "totalOtherIncomeExpensesNet": -34056000, "incomeBeforeTax": 74185000, "incomeBeforeTaxRatio": 0.0902299626479, "incomeTaxExpense": 21976000, "netIncome": 52039000, "netIncomeRatio": 0.0632941568543, "eps": 0.19, "epsdiluted": 0.19, "weightedAverageShsOut": 273860000, "weightedAverageShsOutDil": 278167000, "link": "https://www.sec.gov/Archives/edgar/data/1324424/000119312511115909/0001193125-11-115909-index.htm", "finalLink": "https://www.sec.gov/Archives/edgar/data/1324424/000119312511115909/d10q.htm"}, {"date": "2010-12-31", "symbol": "EXPE", "fillingDate": "2011-02-11", "acceptedDate": "2011-02-10 18:12:01", "period": "FY", "revenue": 808370000, "costOfRevenue": 176198000, "grossProfit": 632172000, "grossProfitRatio": 0.7820329799473014, "researchAndDevelopmentExpenses": 94939000, "generalAndAdministrativeExpenses": 88365000, "sellingAndMarketingExpenses": 282454000, "otherExpenses": -34940000, "operatingExpenses": 477383000, "costAndExpenses": 653581000, "interestExpense": 32886000, "depreciationAndAmortization": 43422000, "ebitda": 192669000, "ebitdaratio": 0.238342590645, "operatingIncome": 149247000, "operatingIncomeRatio": 0.18462708908, "totalOtherIncomeExpensesNet": -34940000, "incomeBeforeTax": 114307000, "incomeBeforeTaxRatio": 0.141404307433, "incomeTaxExpense": 42723000, "netIncome": 71293000, "netIncomeRatio": 0.0881935252422, "eps": 0.26, "epsdiluted": 0.25, "weightedAverageShsOut": 282465000, "weightedAverageShsOutDil": 288028000, "link": "https://www.sec.gov/Archives/edgar/data/1324424/000119312511030900/0001193125-11-030900-index.htm", "finalLink": "https://www.sec.gov/Archives/edgar/data/1324424/000119312511030900/d10k.htm"}, {"date": "2010-09-30", "symbol": "EXPE", "fillingDate": "2010-10-29", "acceptedDate": "2010-10-28 18:23:01", "period": "Q3", "revenue": 987860000, "costOfRevenue": 190033000, "grossProfit": 797827000, "grossProfitRatio": 0.8076316482092604, "researchAndDevelopmentExpenses": 93297000, "generalAndAdministrativeExpenses": 75581000, "sellingAndMarketingExpenses": 344019000, "otherExpenses": -38196000000, "operatingExpenses": 521023000, "costAndExpenses": 711056000, "interestExpense": 26993000, "depreciationAndAmortization": 38801000, "ebitda": 315605000, "ebitdaratio": 0.319483530055, "operatingIncome": 276804000, "operatingIncomeRatio": 0.280205697164, "totalOtherIncomeExpensesNet": -38196000, "incomeBeforeTax": 238608000, "incomeBeforeTaxRatio": 0.241540299233, "incomeTaxExpense": 60584000, "netIncome": 176550000, "netIncomeRatio": 0.178719656632, "eps": 0.62, "epsdiluted": 0.61, "weightedAverageShsOut": 284608000, "weightedAverageShsOutDil": 289893000, "link": "https://www.sec.gov/Archives/edgar/data/1324424/000119312510240037/0001193125-10-240037-index.htm", "finalLink": "https://www.sec.gov/Archives/edgar/data/1324424/000119312510240037/d10q.htm"}, {"date": "2010-06-30", "symbol": "EXPE", "fillingDate": "2010-07-30", "acceptedDate": "2010-07-29 18:31:59", "period": "Q2", "revenue": 833960000000, "costOfRevenue": 326601000, "grossProfit": 833633399000, "grossProfitRatio": 0.9996083733032759, "researchAndDevelopmentExpenses": 174211000, "generalAndAdministrativeExpenses": 79105000000, "sellingAndMarketingExpenses": 533666000, "otherExpenses": -18171000000, "operatingExpenses": 375935000000, "costAndExpenses": 545782000000, "interestExpense": 41412000, "depreciationAndAmortization": 22352000, "ebitda": 193712352000, "ebitdaratio": 0.0661995755446, "operatingIncome": 193690000000, "operatingIncomeRatio": 0.0695742024628, "totalOtherIncomeExpensesNet": -67313000, "incomeBeforeTax": 175519000000, "incomeBeforeTaxRatio": 0.07973688418, "incomeTaxExpense": -60166000000, "netIncome": 115353000000, "netIncomeRatio": 0.0629176482027, "eps": -2.84, "epsdiluted": -2.79, "weightedAverageShsOut": 286333000, "weightedAverageShsOutDil": 291726000, "link": "https://www.sec.gov/Archives/edgar/data/1324424/000119312510170982/0001193125-10-170982-index.htm", "finalLink": "https://www.sec.gov/Archives/edgar/data/1324424/000119312510170982/d10q.htm"}, {"date": "2010-03-31", "symbol": "EXPE", "fillingDate": "2010-04-30", "acceptedDate": "2010-04-29 18:47:44", "period": "Q1", "revenue": 717919000, "costOfRevenue": 158030000, "grossProfit": 559889000, "grossProfitRatio": 0.7798776742223008, "researchAndDevelopmentExpenses": 0.0, "generalAndAdministrativeExpenses": 71058000, "sellingAndMarketingExpenses": 280838000, "otherExpenses": -20040000, "operatingExpenses": 351896000, "costAndExpenses": 509926000, "interestExpense": 21203000, "depreciationAndAmortization": 25615000, "ebitda": 137789000, "ebitdaratio": 0.19192833731939118, "operatingIncome": 112174000, "operatingIncomeRatio": 0.15624882472813786, "totalOtherIncomeExpensesNet": 0.0, "incomeBeforeTax": 92134000, "incomeBeforeTaxRatio": 0.12833481214454556, "incomeTaxExpense": -31535000, "netIncome": 60599000, "netIncomeRatio": 0.08440924393977593, "eps": 0.21, "epsdiluted": 0.2, "weightedAverageShsOut": 288602.0, "weightedAverageShsOutDil": 294502.0, "link": "https://www.sec.gov/Archives/edgar/data/1324424/000119312510099770/0001193125-10-099770-index.htm", "finalLink": "https://www.sec.gov/Archives/edgar/data/1324424/000119312510099770/d10q.htm"}, {"date": "2009-12-31", "symbol": "EXPE", "fillingDate": "2010-02-11", "acceptedDate": "2010-02-11 13:06:52", "period": "FY", "revenue": 697518000, "costOfRevenue": 147825000, "grossProfit": 549693000, "grossProfitRatio": 0.7880699852907022, "researchAndDevelopmentExpenses": 0.0, "generalAndAdministrativeExpenses": 82030000, "sellingAndMarketingExpenses": 234839000, "otherExpenses": -24233000, "operatingExpenses": 316869000, "costAndExpenses": 464694000, "interestExpense": 20603000, "depreciationAndAmortization": 27442000, "ebitda": 168293000, "ebitdaratio": 0.2412740603109884, "operatingIncome": 140851000, "operatingIncomeRatio": 0.20193170642191313, "totalOtherIncomeExpensesNet": 0.0, "incomeBeforeTax": 116618000, "incomeBeforeTaxRatio": 0.1671899506536032, "incomeTaxExpense": -12405000, "netIncome": 104213000, "netIncomeRatio": 0.14940546337155458, "eps": 1.04, "epsdiluted": 1.03, "weightedAverageShsOut": 288214.0, "weightedAverageShsOutDil": 292141.0, "link": "https://www.sec.gov/Archives/edgar/data/1324424/000119312510028438/0001193125-10-028438-index.htm", "finalLink": "https://www.sec.gov/Archives/edgar/data/1324424/000119312510028438/d10k.htm"}, {"date": "2009-09-30", "symbol": "EXPE", "fillingDate": "2009-10-29", "acceptedDate": "2009-10-29 12:31:09", "period": "Q3", "revenue": 852428000000, "costOfRevenue": 168211000000, "grossProfit": 684217000000, "grossProfitRatio": 0.8026683778571329, "researchAndDevelopmentExpenses": 0.0, "generalAndAdministrativeExpenses": 73165000000, "sellingAndMarketingExpenses": 284847000000, "otherExpenses": -24776000000, "operatingExpenses": 358012000000, "costAndExpenses": 526223000000, "interestExpense": 21180000000, "depreciationAndAmortization": 25911000000, "ebitda": 248885000000, "ebitdaratio": 0.29197187328431257, "operatingIncome": 222974000000, "operatingIncomeRatio": 0.2615751711581506, "totalOtherIncomeExpensesNet": 0.0, "incomeBeforeTax": 198198000000, "incomeBeforeTaxRatio": 0.23250995978545988, "incomeTaxExpense": -80385000000, "netIncome": 117813000000, "netIncomeRatio": 0.13820874021031687, "eps": 0.69, "epsdiluted": 0.68, "weightedAverageShsOut": 287987.0, "weightedAverageShsOutDil": 290835.0, "link": "https://www.sec.gov/Archives/edgar/data/1324424/000095012309054681/0000950123-09-054681-index.htm", "finalLink": "https://www.sec.gov/Archives/edgar/data/1324424/000095012309054681/v53835e10vq.htm"}, {"date": "2009-06-30", "symbol": "EXPE", "fillingDate": "2009-07-30", "acceptedDate": "2009-07-30 12:40:09", "period": "Q2", "revenue": 769768000000, "costOfRevenue": 149276000000, "grossProfit": 620492000000, "grossProfitRatio": 0.8060766360773636, "researchAndDevelopmentExpenses": 0.0, "generalAndAdministrativeExpenses": 67380000000, "sellingAndMarketingExpenses": 271492000000, "otherExpenses": -38461000000, "operatingExpenses": 338872000000, "costAndExpenses": 488148000000, "interestExpense": 20805000000, "depreciationAndAmortization": 24793000000, "ebitda": 139435000000, "ebitdaratio": 0.1811389925276187, "operatingIncome": 114642000000, "operatingIncomeRatio": 0.14893058687812433, "totalOtherIncomeExpensesNet": 0.0, "incomeBeforeTax": 76181000000, "incomeBeforeTaxRatio": 0.09896618201847829, "incomeTaxExpense": -34338000000, "netIncome": 41843000000, "netIncomeRatio": 0.054357936417206223, "eps": 0.28, "epsdiluted": 0.28, "weightedAverageShsOut": 287764.0, "weightedAverageShsOutDil": 289384.0, "link": "https://www.sec.gov/Archives/edgar/data/1324424/000095012309027516/0000950123-09-027516-index.htm", "finalLink": "https://www.sec.gov/Archives/edgar/data/1324424/000095012309027516/v53083e10vq.htm"}, {"date": "2009-03-31", "symbol": "EXPE", "fillingDate": "2009-04-30", "acceptedDate": "2009-04-30 12:26:49", "period": "Q1", "revenue": 635712000, "costOfRevenue": 144224000, "grossProfit": 491488000, "grossProfitRatio": 0.7731299708043894, "researchAndDevelopmentExpenses": 0.0, "generalAndAdministrativeExpenses": 67909000, "sellingAndMarketingExpenses": 235884000, "otherExpenses": -25921000, "operatingExpenses": 303793000, "costAndExpenses": 448017000, "interestExpense": 21645000, "depreciationAndAmortization": 24636000, "ebitda": 117583000, "ebitdaratio": 0.18496268750629216, "operatingIncome": 92947000, "operatingIncomeRatio": 0.14620928974126648, "totalOtherIncomeExpensesNet": 0.0, "incomeBeforeTax": 67026000, "incomeBeforeTaxRatio": 0.10543453639383872, "incomeTaxExpense": -27272000, "netIncome": 39754000, "netIncomeRatio": 0.06253460686600222, "eps": 0.14, "epsdiluted": 0.14, "weightedAverageShsOut": 287344.0, "weightedAverageShsOutDil": 287875.0, "link": "https://www.sec.gov/Archives/edgar/data/1324424/000095013409008889/0000950134-09-008889-index.htm", "finalLink": "https://www.sec.gov/Archives/edgar/data/1324424/000095013409008889/v52235e10vq.htm"}, {"date": "2008-12-31", "symbol": "EXPE", "fillingDate": "2009-02-19", "acceptedDate": "2009-02-19 14:16:28", "period": "FY", "revenue": 620811000, "costOfRevenue": 137425000, "grossProfit": 483386000, "grossProfitRatio": 0.7786363321526197, "researchAndDevelopmentExpenses": 0.0, "generalAndAdministrativeExpenses": 91766000, "sellingAndMarketingExpenses": 215873000, "otherExpenses": -29250000, "operatingExpenses": 307639000, "costAndExpenses": 445064000, "interestExpense": 22881000, "depreciationAndAmortization": 21865000, "ebitda": -2867213000, "ebitdaratio": -4.618495806292092, "operatingIncome": -2889078000, "operatingIncomeRatio": -4.653715865215017, "totalOtherIncomeExpensesNet": -85751000, "incomeBeforeTax": -2918328000, "incomeBeforeTaxRatio": -4.700831654078295, "incomeTaxExpense": 158173000, "netIncome": -2759982000, "netIncomeRatio": -4.445768518921217, "eps": -8.8, "epsdiluted": -8.63, "weightedAverageShsOut": 286167.0, "weightedAverageShsOutDil": 291830.0, "link": "https://www.sec.gov/Archives/edgar/data/1324424/000095013409003282/0000950134-09-003282-index.htm", "finalLink": "https://www.sec.gov/Archives/edgar/data/1324424/000095013409003282/v51161e10vk.htm"}, {"date": "2008-09-30", "symbol": "EXPE", "fillingDate": "2008-10-30", "acceptedDate": "2008-10-30 12:01:28", "period": "Q3", "revenue": 833337000, "costOfRevenue": 178755000, "grossProfit": 654582000, "grossProfitRatio": 0.7854949438222472, "researchAndDevelopmentExpenses": 0.0, "generalAndAdministrativeExpenses": 90585000, "sellingAndMarketingExpenses": 298858000, "otherExpenses": -35876000, "operatingExpenses": 389443000, "costAndExpenses": 568198000, "interestExpense": 20061000, "depreciationAndAmortization": 19571000, "ebitda": 219157000, "ebitdaratio": 0.26298724285613145, "operatingIncome": 199586000, "operatingIncomeRatio": 0.23950214619055676, "totalOtherIncomeExpensesNet": 20625000, "incomeBeforeTax": 163710000, "incomeBeforeTaxRatio": 0.1964511356150033, "incomeTaxExpense": -69223000, "netIncome": 94824000, "netIncomeRatio": 0.11378829933148295, "eps": 0.85, "epsdiluted": 0.83, "weightedAverageShsOut": 285930.0, "weightedAverageShsOutDil": 293256.0, "link": "https://www.sec.gov/Archives/edgar/data/1324424/000095013408018754/0000950134-08-018754-index.htm", "finalLink": "https://www.sec.gov/Archives/edgar/data/1324424/000095013408018754/v50247e10vq.htm"}, {"date": "2008-06-30", "symbol": "EXPE", "fillingDate": "2008-07-31", "acceptedDate": "2008-07-31 13:03:46", "period": "Q2", "revenue": 795048000, "costOfRevenue": 168874000, "grossProfit": 626174000, "grossProfitRatio": 0.7875926988056067, "researchAndDevelopmentExpenses": 0.0, "generalAndAdministrativeExpenses": 84679000, "sellingAndMarketingExpenses": 299550000, "otherExpenses": -9367000.0, "operatingExpenses": 384229000, "costAndExpenses": 553103000, "interestExpense": 13342000, "depreciationAndAmortization": 18296000, "ebitda": 188837000, "ebitdaratio": 0.2375164769925841, "operatingIncome": 170541000, "operatingIncomeRatio": 0.2145040299453618, "totalOtherIncomeExpensesNet": -20625000, "incomeBeforeTax": 161174000, "incomeBeforeTaxRatio": 0.20272235135488675, "incomeTaxExpense": -65944000, "netIncome": 96089000, "netIncomeRatio": 0.12085936949718759, "eps": 0.52, "epsdiluted": 0.5, "weightedAverageShsOut": 285547.0, "weightedAverageShsOutDil": 294010.0, "link": "https://www.sec.gov/Archives/edgar/data/1324424/000095013408013781/0000950134-08-013781-index.htm", "finalLink": "https://www.sec.gov/Archives/edgar/data/1324424/000095013408013781/v42476e10vq.htm"}, {"date": "2008-03-31", "symbol": "EXPE", "fillingDate": "2008-05-02", "acceptedDate": "2008-05-01 18:08:14", "period": "Q1", "revenue": 687817000, "costOfRevenue": 151943000, "grossProfit": 535874000, "grossProfitRatio": 0.7790938578139244, "researchAndDevelopmentExpenses": 0.0, "generalAndAdministrativeExpenses": 88401000, "sellingAndMarketingExpenses": 287122000, "otherExpenses": -11258000, "operatingExpenses": 375523000, "costAndExpenses": 527466000, "interestExpense": 15700000, "depreciationAndAmortization": 17068000, "ebitda": 107066000, "ebitdaratio": 0.15566058995343238, "operatingIncome": 89998000, "operatingIncomeRatio": 0.1308458499862609, "totalOtherIncomeExpensesNet": 0.0, "incomeBeforeTax": 78740000, "incomeBeforeTaxRatio": 0.1144781242685191, "incomeTaxExpense": -28972000, "netIncome": 51306000, "netIncomeRatio": 0.07459251516028245, "eps": 0.18, "epsdiluted": 0.17, "weightedAverageShsOut": 285117.0, "weightedAverageShsOutDil": 294031.0, "link": "https://www.sec.gov/Archives/edgar/data/1324424/000095013408008207/0000950134-08-008207-index.htm", "finalLink": "https://www.sec.gov/Archives/edgar/data/1324424/000095013408008207/v40213e10vq.htm"}, {"date": "2007-12-31", "symbol": "EXPE", "fillingDate": "2008-02-22", "acceptedDate": "2008-02-21 19:12:50", "period": "FY", "revenue": 2249335000, "costOfRevenue": 149297000, "grossProfit": 2100038000, "grossProfitRatio": 0.9336261606208057, "researchAndDevelopmentExpenses": 0.0, "generalAndAdministrativeExpenses": 85989000, "sellingAndMarketingExpenses": 235046000, "otherExpenses": -14323000, "operatingExpenses": 321035000, "costAndExpenses": 470332000, "interestExpense": 17878000, "depreciationAndAmortization": 16145000, "ebitda": 144483000, "ebitdaratio": 0.06423365127915584, "operatingIncome": 128338000, "operatingIncomeRatio": 0.057055974321299406, "totalOtherIncomeExpensesNet": 57180000, "incomeBeforeTax": 114015000, "incomeBeforeTaxRatio": 0.05068831454629924, "incomeTaxExpense": -49884000, "netIncome": 65357000, "netIncomeRatio": 0.029056143260119103, "eps": 1.0, "epsdiluted": 0.94, "weightedAverageShsOut": 296640.0, "weightedAverageShsOutDil": 314233.0, "link": "https://www.sec.gov/Archives/edgar/data/1324424/000095013408003172/0000950134-08-003172-index.htm", "finalLink": "https://www.sec.gov/Archives/edgar/data/1324424/000095013408003172/v37150e10vk.htm"}, {"date": "2007-09-30", "symbol": "EXPE", "fillingDate": "2007-11-08", "acceptedDate": "2007-11-07 19:43:48", "period": "Q3", "revenue": 415997000, "costOfRevenue": 415997000, "grossProfit": 1584033000, "grossProfitRatio": 3.8077990947050098, "researchAndDevelopmentExpenses": 0.0, "generalAndAdministrativeExpenses": 235261000, "sellingAndMarketingExpenses": 757514000, "otherExpenses": -17762000, "operatingExpenses": 992775000, "costAndExpenses": 1408772000, "interestExpense": 35018000, "depreciationAndAmortization": 15331000, "ebitda": 416062000, "ebitdaratio": 1.000156251126811, "operatingIncome": 400731000, "operatingIncomeRatio": 0.9633026199708171, "totalOtherIncomeExpensesNet": -17762000, "incomeBeforeTax": 382969000, "incomeBeforeTaxRatio": 0.9206051966720914, "incomeTaxExpense": -153230000, "netIncome": 230507000, "netIncomeRatio": 0.5541073613511636, "eps": 0.77, "epsdiluted": 0.72, "weightedAverageShsOut": 300959.0, "weightedAverageShsOutDil": 318848.0, "link": "https://www.sec.gov/Archives/edgar/data/1324424/000095013407023195/0000950134-07-023195-index.htm", "finalLink": "https://www.sec.gov/Archives/edgar/data/1324424/000095013407023195/v35199e10vq.htm"}, {"date": "2007-06-30", "symbol": "EXPE", "fillingDate": "2007-08-03", "acceptedDate": "2007-08-02 18:27:13", "period": "Q2", "revenue": 689923000, "costOfRevenue": 142763000, "grossProfit": 547160000, "grossProfitRatio": 0.7930740097083298, "researchAndDevelopmentExpenses": 0.0, "generalAndAdministrativeExpenses": 75733000, "sellingAndMarketingExpenses": 255905000, "otherExpenses": 6586000.0, "operatingExpenses": 331638000, "costAndExpenses": 474401000, "interestExpense": 9902000.0, "depreciationAndAmortization": 13662000, "ebitda": 167287000, "ebitdaratio": 0.24247198600423525, "operatingIncome": 153625000, "operatingIncomeRatio": 0.22266977619241568, "totalOtherIncomeExpensesNet": 6586000.0, "incomeBeforeTax": 160211000, "incomeBeforeTaxRatio": 0.23221576900610646, "incomeTaxExpense": -64076000, "netIncome": 96136000, "netIncomeRatio": 0.1393430861125082, "eps": 0.43, "epsdiluted": 0.41, "weightedAverageShsOut": 305426.0, "weightedAverageShsOutDil": 321966.0, "link": "https://www.sec.gov/Archives/edgar/data/1324424/000095013407016637/0000950134-07-016637-index.htm", "finalLink": "https://www.sec.gov/Archives/edgar/data/1324424/000095013407016637/v32356e10vq.htm"}, {"date": "2007-03-31", "symbol": "EXPE", "fillingDate": "2007-05-09", "acceptedDate": "2007-05-09 15:58:34", "period": "Q1", "revenue": 550511000, "costOfRevenue": 122181000, "grossProfit": 428330000, "grossProfitRatio": 0.7780589307025655, "researchAndDevelopmentExpenses": 0.0, "generalAndAdministrativeExpenses": 76163000, "sellingAndMarketingExpenses": 222268000, "otherExpenses": -9402000.0, "operatingExpenses": 298431000, "costAndExpenses": 420612000, "interestExpense": 11176000, "depreciationAndAmortization": 14388000, "ebitda": 81722000, "ebitdaratio": 0.14844753329179616, "operatingIncome": 67334000, "operatingIncomeRatio": 0.1223118157493674, "totalOtherIncomeExpensesNet": -9402000.0, "incomeBeforeTax": 57932000, "incomeBeforeTaxRatio": 0.10523313793911475, "incomeTaxExpense": -23612000, "netIncome": 34776000, "netIncomeRatio": 0.06317039986485283, "eps": 0.11, "epsdiluted": 0.11, "weightedAverageShsOut": 307828.0, "weightedAverageShsOutDil": 323749.0, "link": "https://www.sec.gov/Archives/edgar/data/1324424/000095013407010871/0000950134-07-010871-index.htm", "finalLink": "https://www.sec.gov/Archives/edgar/data/1324424/000095013407010871/v30057e10vq.htm"}, {"date": "2006-12-31", "symbol": "EXPE", "fillingDate": "2007-02-28", "acceptedDate": "2007-02-28 17:23:36", "period": "FY", "revenue": 531288000, "costOfRevenue": 123553000, "grossProfit": 407735000, "grossProfitRatio": 0.7674462814895123, "researchAndDevelopmentExpenses": 0.0, "generalAndAdministrativeExpenses": 79079000, "sellingAndMarketingExpenses": 171417000, "otherExpenses": 0.0, "operatingExpenses": 250496000, "costAndExpenses": 374049000, "interestExpense": 10036000, "depreciationAndAmortization": 12945000, "ebitda": 112485000, "ebitdaratio": 0.211721326286308, "operatingIncome": 99540000, "operatingIncomeRatio": 0.18735601029949858, "totalOtherIncomeExpensesNet": 11733000, "incomeBeforeTax": 102958000, "incomeBeforeTaxRatio": 0.193789432473536, "incomeTaxExpense": -35928000, "netIncome": 67140000, "netIncomeRatio": 0.12637213714595474, "eps": 0.72, "epsdiluted": 0.7, "weightedAverageShsOut": 338047.0, "weightedAverageShsOutDil": 352181.0, "link": "https://www.sec.gov/Archives/edgar/data/1324424/000095013407004407/0000950134-07-004407-index.htm", "finalLink": "https://www.sec.gov/Archives/edgar/data/1324424/000095013407004407/v27013e10vk.htm"}, {"date": "2006-09-30", "symbol": "EXPE", "fillingDate": "2006-11-14", "acceptedDate": "2006-11-13 20:18:35", "period": "Q3", "revenue": 613942000, "costOfRevenue": 139721000, "grossProfit": 474221000, "grossProfitRatio": 0.772419870280906, "researchAndDevelopmentExpenses": 0.0, "generalAndAdministrativeExpenses": 66156000, "sellingAndMarketingExpenses": 215086000, "otherExpenses": 0.0, "operatingExpenses": 281242000, "costAndExpenses": 420963000, "interestExpense": 7230000.0, "depreciationAndAmortization": 13161000, "ebitda": 102453000, "ebitdaratio": 0.16687732717422818, "operatingIncome": 89292000, "operatingIncomeRatio": 0.14544044877203385, "totalOtherIncomeExpensesNet": 12070000, "incomeBeforeTax": 97058000, "incomeBeforeTaxRatio": 0.1580898521358695, "incomeTaxExpense": -37707000, "netIncome": 58977000, "netIncomeRatio": 0.09606282026640953, "eps": 0.52, "epsdiluted": 0.5, "weightedAverageShsOut": 340660.0, "weightedAverageShsOutDil": 355075.0, "link": "https://www.sec.gov/Archives/edgar/data/1324424/000095012406006831/0000950124-06-006831-index.htm", "finalLink": "https://www.sec.gov/Archives/edgar/data/1324424/000095012406006831/v24860e10vq.htm"}, {"date": "2006-06-30", "symbol": "EXPE", "fillingDate": "2006-08-11", "acceptedDate": "2006-08-11 06:01:44", "period": "Q2", "revenue": 598458000, "costOfRevenue": 125224000, "grossProfit": 473234000, "grossProfitRatio": 0.7907555751614984, "researchAndDevelopmentExpenses": 0.0, "generalAndAdministrativeExpenses": 71053000, "sellingAndMarketingExpenses": 391452000, "otherExpenses": 0.0, "operatingExpenses": 462505000, "costAndExpenses": 587729000, "interestExpense": 0.0, "depreciationAndAmortization": 11625000, "ebitda": 147880000, "ebitdaratio": 0.24710171808213777, "operatingIncome": 136255000, "operatingIncomeRatio": 0.22767679603247012, "totalOtherIncomeExpensesNet": 6559000.0, "incomeBeforeTax": 153280000, "incomeBeforeTaxRatio": 0.2561249076794027, "incomeTaxExpense": -56158000, "netIncome": 95482000, "netIncomeRatio": 0.15954670169000998, "eps": 0.34, "epsdiluted": 0.33, "weightedAverageShsOut": 345896.0, "weightedAverageShsOutDil": 362130.0, "link": "https://www.sec.gov/Archives/edgar/data/1324424/000095012406004446/0000950124-06-004446-index.htm", "finalLink": "https://www.sec.gov/Archives/edgar/data/1324424/000095012406004446/v22876e10vq.htm"}, {"date": "2006-03-31", "symbol": "EXPE", "fillingDate": "2006-05-15", "acceptedDate": "2006-05-15 15:18:54", "period": "Q1", "revenue": 493898000, "costOfRevenue": 122539000, "grossProfit": 371359000, "grossProfitRatio": 0.75189411578909, "researchAndDevelopmentExpenses": 0.0, "generalAndAdministrativeExpenses": 73361000, "sellingAndMarketingExpenses": 8240000.0, "otherExpenses": 0.0, "operatingExpenses": 81601000, "costAndExpenses": 204140000, "interestExpense": 0.0, "depreciationAndAmortization": 11048000, "ebitda": 37290000, "ebitdaratio": 0.07550141932139834, "operatingIncome": 26242000, "operatingIncomeRatio": 0.05313242815318143, "totalOtherIncomeExpensesNet": 1703000.0, "incomeBeforeTax": 31602000, "incomeBeforeTaxRatio": 0.06398487137020195, "incomeTaxExpense": -9658000.0, "netIncome": 23335000, "netIncomeRatio": 0.04724659747559213, "eps": 0.07, "epsdiluted": 0.06, "weightedAverageShsOut": 345777.0, "weightedAverageShsOutDil": 365168.0, "link": "https://www.sec.gov/Archives/edgar/data/1324424/000095012406002822/0000950124-06-002822-index.htm", "finalLink": "https://www.sec.gov/Archives/edgar/data/1324424/000095012406002822/v20607e10vq.htm"}, {"date": "2005-12-31", "symbol": "EXPE", "fillingDate": "2006-03-31", "acceptedDate": "2006-03-30 21:45:37", "period": "FY", "revenue": 494749000, "costOfRevenue": 110242000, "grossProfit": 384507000, "grossProfitRatio": 0.7771759013156166, "researchAndDevelopmentExpenses": 0.0, "generalAndAdministrativeExpenses": 65306000, "sellingAndMarketingExpenses": 155330000, "otherExpenses": 0.0, "operatingExpenses": 220636000, "costAndExpenses": 330878000, "interestExpense": 0.0, "depreciationAndAmortization": 12576000, "ebitda": 98285000, "ebitdaratio": 0.19865628834014823, "operatingIncome": 85709000, "operatingIncomeRatio": 0.173237338529234, "totalOtherIncomeExpensesNet": -27358000, "incomeBeforeTax": 66586000, "incomeBeforeTaxRatio": 0.13458541603924415, "incomeTaxExpense": -42082000, "netIncome": 25234000, "netIncomeRatio": 0.051003640229692226, "eps": 0.68, "epsdiluted": 0.65, "weightedAverageShsOut": 336819.0, "weightedAverageShsOutDil": 349530.0, "link": "https://www.sec.gov/Archives/edgar/data/1324424/000095012406001626/0000950124-06-001626-index.htm", "finalLink": "https://www.sec.gov/Archives/edgar/data/1324424/000095012406001626/v17761e10vk.htm"}]