[{
    "date": "2020-03-31",
    "symbol": "ATVI",
    "fillingDate": "2020-05-05",
    "acceptedDate": "2020-05-05 16:31:55",
    "period": "Q1",
    "revenue": 1788000000,
    "costOfRevenue": 119000000,
    "grossProfit": 1669000000,
    "grossProfitRatio": 0.9334451901565995,
    "researchAndDevelopmentExpenses": 238000000,
    "generalAndAdministrativeExpenses": 167000000,
    "sellingAndMarketingExpenses": 243000000,
    "otherExpenses": 8000000,
    "operatingExpenses": 648000000,
    "costAndExpenses": 1176000000,
    "interestExpense": 0,
    "depreciationAndAmortization": 139000000,
    "ebitda": 751000000,
    "ebitdaratio": 0.420022371365,
    "operatingIncome": 612000000,
    "operatingIncomeRatio": 0.342281879195,
    "totalOtherIncomeExpensesNet": 8000000,
    "incomeBeforeTax": 604000000,
    "incomeBeforeTaxRatio": 0.337807606264,
    "incomeTaxExpense": 99000000,
    "netIncome": 505000000,
    "netIncomeRatio": 0.282438478747,
    "eps": 0.66,
    "epsdiluted": 0.65,
    "weightedAverageShsOut": 769000000,
    "weightedAverageShsOutDil": 774000000,
    "link": "https://www.sec.gov/Archives/edgar/data/718877/000162828020006454/0001628280-20-006454-index.htm",
    "finalLink": "https://www.sec.gov/Archives/edgar/data/718877/000162828020006454/atvi-3312020x10xq.htm"
}, {
    "date": "2019-12-31",
    "symbol": "ATVI",
    "fillingDate": "2020-02-27",
    "acceptedDate": "2020-02-27 15:23:29",
    "period": "FY",
    "revenue": 1986000000,
    "costOfRevenue": 268000000,
    "grossProfit": 1718000000,
    "grossProfitRatio": 0.865055387713998,
    "researchAndDevelopmentExpenses": 296000000,
    "generalAndAdministrativeExpenses": 205000000,
    "sellingAndMarketingExpenses": 346000000,
    "otherExpenses": 7000000,
    "operatingExpenses": 847000000,
    "costAndExpenses": 1532000000,
    "interestExpense": 0,
    "depreciationAndAmortization": 144000000,
    "ebitda": 598000000,
    "ebitdaratio": 0.30110775428,
    "operatingIncome": 454000000,
    "operatingIncomeRatio": 0.22860020141,
    "totalOtherIncomeExpensesNet": 7000000,
    "incomeBeforeTax": 447000000,
    "incomeBeforeTaxRatio": 0.225075528701,
    "incomeTaxExpense": -78000000,
    "netIncome": 525000000,
    "netIncomeRatio": 0.264350453172,
    "eps": 0.68,
    "epsdiluted": 0.68,
    "weightedAverageShsOut": 767000000,
    "weightedAverageShsOutDil": 771000000,
    "link": "https://www.sec.gov/Archives/edgar/data/718877/000071887720000003/0000718877-20-000003-index.htm",
    "finalLink": "https://www.sec.gov/Archives/edgar/data/718877/000071887720000003/atvi-12312019x10xk.htm"
}, {
    "date": "2019-09-30",
    "symbol": "ATVI",
    "fillingDate": "2019-11-07",
    "acceptedDate": "2019-11-07 16:50:01",
    "period": "Q3",
    "revenue": 1283000000,
    "costOfRevenue": 137000000,
    "grossProfit": 1146000000,
    "grossProfitRatio": 0.8932190179267342,
    "researchAndDevelopmentExpenses": 210000000,
    "generalAndAdministrativeExpenses": 177000000,
    "sellingAndMarketingExpenses": 183000000,
    "otherExpenses": -2000000,
    "operatingExpenses": 570000000,
    "costAndExpenses": 1036000000,
    "interestExpense": 0,
    "depreciationAndAmortization": 90000000,
    "ebitda": 337000000,
    "ebitdaratio": 0.262665627436,
    "operatingIncome": 247000000,
    "operatingIncomeRatio": 0.192517537023,
    "totalOtherIncomeExpensesNet": -2000000,
    "incomeBeforeTax": 419000000,
    "incomeBeforeTaxRatio": 0.326578332034,
    "incomeTaxExpense": 45000000,
    "netIncome": 204000000,
    "netIncomeRatio": 0.15900233827,
    "eps": 0.27,
    "epsdiluted": 0.26,
    "weightedAverageShsOut": 766000000,
    "weightedAverageShsOutDil": 770000000,
    "link": "https://www.sec.gov/Archives/edgar/data/718877/000071887719000021/0000718877-19-000021-index.htm",
    "finalLink": "https://www.sec.gov/Archives/edgar/data/718877/000071887719000021/atvi-9302019x10xq.htm"
}, {
    "date": "2019-06-30",
    "symbol": "ATVI",
    "fillingDate": "2019-08-08",
    "acceptedDate": "2019-08-08 16:32:39",
    "period": "Q2",
    "revenue": 1395000000,
    "costOfRevenue": 99000000,
    "grossProfit": 1296000000,
    "grossProfitRatio": 0.9290322580645162,
    "researchAndDevelopmentExpenses": 243000000,
    "generalAndAdministrativeExpenses": 171000000,
    "sellingAndMarketingExpenses": 190000000,
    "otherExpenses": -34000000,
    "operatingExpenses": 604000000,
    "costAndExpenses": 1059000000,
    "interestExpense": 0,
    "depreciationAndAmortization": 128000000,
    "ebitda": 464000000,
    "ebitdaratio": 0.332616487455,
    "operatingIncome": 336000000,
    "operatingIncomeRatio": 0.240860215054,
    "totalOtherIncomeExpensesNet": -34000000,
    "incomeBeforeTax": 321000000,
    "incomeBeforeTaxRatio": 0.230107526882,
    "incomeTaxExpense": 43000000,
    "netIncome": 327000000,
    "netIncomeRatio": 0.234408602151,
    "eps": 0.43,
    "epsdiluted": 0.43,
    "weightedAverageShsOut": 765000000,
    "weightedAverageShsOutDil": 770000000,
    "link": "https://www.sec.gov/Archives/edgar/data/718877/000071887719000015/0000718877-19-000015-index.htm",
    "finalLink": "https://www.sec.gov/Archives/edgar/data/718877/000071887719000015/atvi-6302019x10xq.htm"
}, {
    "date": "2019-03-31",
    "symbol": "ATVI",
    "fillingDate": "2019-05-02",
    "acceptedDate": "2019-05-02 17:06:17",
    "period": "Q1",
    "revenue": 1825000000,
    "costOfRevenue": 152000000,
    "grossProfit": 1673000000,
    "grossProfitRatio": 0.9167123287671233,
    "researchAndDevelopmentExpenses": 249000000,
    "generalAndAdministrativeExpenses": 179000000,
    "sellingAndMarketingExpenses": 207000000,
    "otherExpenses": 3000000,
    "operatingExpenses": 635000000,
    "costAndExpenses": 1255000000,
    "interestExpense": 0,
    "depreciationAndAmortization": 191000000,
    "ebitda": 761000000,
    "ebitdaratio": 0.41698630137,
    "operatingIncome": 570000000,
    "operatingIncomeRatio": 0.312328767123,
    "totalOtherIncomeExpensesNet": 3000000,
    "incomeBeforeTax": 446000000,
    "incomeBeforeTaxRatio": 0.244383561644,
    "incomeTaxExpense": 120000000,
    "netIncome": 447000000,
    "netIncomeRatio": 0.244931506849,
    "eps": 0.58,
    "epsdiluted": 0.58,
    "weightedAverageShsOut": 764000000,
    "weightedAverageShsOutDil": 770000000,
    "link": "https://www.sec.gov/Archives/edgar/data/718877/000071887719000004/0000718877-19-000004-index.htm",
    "finalLink": "https://www.sec.gov/Archives/edgar/data/718877/000071887719000004/atvi-3312019x10xq.htm"
}, {
    "date": "2018-12-31",
    "symbol": "ATVI",
    "fillingDate": "2019-02-28",
    "acceptedDate": "2019-02-28 16:25:21",
    "period": "FY",
    "revenue": 2381000000,
    "costOfRevenue": 303000000,
    "grossProfit": 2078000000,
    "grossProfitRatio": 0.872742545149097,
    "researchAndDevelopmentExpenses": 325000000,
    "generalAndAdministrativeExpenses": 209000000,
    "sellingAndMarketingExpenses": 321000000,
    "otherExpenses": 4000000,
    "operatingExpenses": 855000000,
    "costAndExpenses": 1687000000,
    "interestExpense": 0,
    "depreciationAndAmortization": 376000000,
    "ebitda": 1070000000,
    "ebitdaratio": 0.44939101218,
    "operatingIncome": 694000000,
    "operatingIncomeRatio": 0.291474170517,
    "totalOtherIncomeExpensesNet": 4000000,
    "incomeBeforeTax": 660000000,
    "incomeBeforeTaxRatio": 0.277194456111,
    "incomeTaxExpense": 39000000,
    "netIncome": 651000000,
    "netIncomeRatio": 0.273414531709,
    "eps": 0.85,
    "epsdiluted": 0.84,
    "weightedAverageShsOut": 762000000,
    "weightedAverageShsOutDil": 771000000,
    "link": "https://www.sec.gov/Archives/edgar/data/718877/000104746919000788/0001047469-19-000788-index.htm",
    "finalLink": "https://www.sec.gov/Archives/edgar/data/718877/000104746919000788/a2237840z10-k.htm"
}, {
    "date": "2018-09-30",
    "symbol": "ATVI",
    "fillingDate": "2018-11-08",
    "acceptedDate": "2018-11-08 16:41:12",
    "period": "Q3",
    "revenue": 1512000000,
    "costOfRevenue": 416000000,
    "grossProfit": 1096000000,
    "grossProfitRatio": 0.7248677248677249,
    "researchAndDevelopmentExpenses": 263000000,
    "generalAndAdministrativeExpenses": 208000000,
    "sellingAndMarketingExpenses": 264000000,
    "otherExpenses": 13000000,
    "operatingExpenses": 735000000,
    "costAndExpenses": 1247000000,
    "interestExpense": 0,
    "depreciationAndAmortization": 151000000,
    "ebitda": 416000000,
    "ebitdaratio": 0.275132275132,
    "operatingIncome": 265000000,
    "operatingIncomeRatio": 0.175264550265,
    "totalOtherIncomeExpensesNet": 13000000,
    "incomeBeforeTax": 212000000,
    "incomeBeforeTaxRatio": 0.140211640212,
    "incomeTaxExpense": -48000000,
    "netIncome": 260000000,
    "netIncomeRatio": 0.171957671958,
    "eps": 0.34,
    "epsdiluted": 0.34,
    "weightedAverageShsOut": 761000000,
    "weightedAverageShsOutDil": 771000000,
    "link": "https://www.sec.gov/Archives/edgar/data/718877/000110465918067000/0001104659-18-067000-index.htm",
    "finalLink": "https://www.sec.gov/Archives/edgar/data/718877/000110465918067000/a18-19034_110q.htm"
}, {
    "date": "2018-06-30",
    "symbol": "ATVI",
    "fillingDate": "2018-08-02",
    "acceptedDate": "2018-08-02 17:22:13",
    "period": "Q2",
    "revenue": 1642000000,
    "costOfRevenue": 127000000,
    "grossProfit": 1515000000,
    "grossProfitRatio": 0.9226552984165651,
    "researchAndDevelopmentExpenses": 254000000,
    "generalAndAdministrativeExpenses": 217000000,
    "sellingAndMarketingExpenses": 226000000,
    "otherExpenses": 26000000,
    "operatingExpenses": 697000000,
    "costAndExpenses": 1208000000,
    "interestExpense": 0,
    "depreciationAndAmortization": 172000000,
    "ebitda": 606000000,
    "ebitdaratio": 0.369062119367,
    "operatingIncome": 434000000,
    "operatingIncomeRatio": 0.26431181486,
    "totalOtherIncomeExpensesNet": 26000000,
    "incomeBeforeTax": 408000000,
    "incomeBeforeTaxRatio": 0.248477466504,
    "incomeTaxExpense": 6000000,
    "netIncome": 402000000,
    "netIncomeRatio": 0.244823386114,
    "eps": 0.53,
    "epsdiluted": 0.52,
    "weightedAverageShsOut": 760000000,
    "weightedAverageShsOutDil": 770000000,
    "link": "https://www.sec.gov/Archives/edgar/data/718877/000110465918049238/0001104659-18-049238-index.htm",
    "finalLink": "https://www.sec.gov/Archives/edgar/data/718877/000110465918049238/a18-14094_110q.htm"
}, {
    "date": "2018-03-31",
    "symbol": "ATVI",
    "fillingDate": "2018-05-03",
    "acceptedDate": "2018-05-03 16:46:29",
    "period": "Q1",
    "revenue": 1965000000,
    "costOfRevenue": 162000000,
    "grossProfit": 1803000000,
    "grossProfitRatio": 0.917557251908397,
    "researchAndDevelopmentExpenses": 259000000,
    "generalAndAdministrativeExpenses": 198000000,
    "sellingAndMarketingExpenses": 251000000,
    "otherExpenses": 28000000,
    "operatingExpenses": 708000000,
    "costAndExpenses": 1370000000,
    "interestExpense": 0,
    "depreciationAndAmortization": 305000000,
    "ebitda": 900000000,
    "ebitdaratio": 0.458015267176,
    "operatingIncome": 595000000,
    "operatingIncomeRatio": 0.302798982188,
    "totalOtherIncomeExpensesNet": 28000000,
    "incomeBeforeTax": 567000000,
    "incomeBeforeTaxRatio": 0.288549618321,
    "incomeTaxExpense": 67000000,
    "netIncome": 500000000,
    "netIncomeRatio": 0.254452926209,
    "eps": 0.66,
    "epsdiluted": 0.65,
    "weightedAverageShsOut": 759000000,
    "weightedAverageShsOutDil": 770000000,
    "link": "https://www.sec.gov/Archives/edgar/data/718877/000110465918030305/0001104659-18-030305-index.htm",
    "finalLink": "https://www.sec.gov/Archives/edgar/data/718877/000110465918030305/a18-8669_110q.htm"
}, {
    "date": "2017-12-31",
    "symbol": "ATVI",
    "fillingDate": "2018-02-27",
    "acceptedDate": "2018-02-27 16:43:26",
    "period": "FY",
    "revenue": 2043000000,
    "costOfRevenue": 311000000,
    "grossProfit": 1732000000,
    "grossProfitRatio": 0.8477728830151737,
    "researchAndDevelopmentExpenses": 319000000,
    "generalAndAdministrativeExpenses": 221000000,
    "sellingAndMarketingExpenses": 479000000,
    "otherExpenses": 25000000,
    "operatingExpenses": 1019000000,
    "costAndExpenses": 1822000000,
    "interestExpense": 0,
    "depreciationAndAmortization": 325000000,
    "ebitda": 546000000,
    "ebitdaratio": 0.267254038179,
    "operatingIncome": 221000000,
    "operatingIncomeRatio": 0.108174253549,
    "totalOtherIncomeExpensesNet": 25000000,
    "incomeBeforeTax": 184000000,
    "incomeBeforeTaxRatio": 0.0900636319139,
    "incomeTaxExpense": 769000000,
    "netIncome": -585000000,
    "netIncomeRatio": -0.28634361233480177,
    "eps": -0.78,
    "epsdiluted": -0.76,
    "weightedAverageShsOut": 754000000,
    "weightedAverageShsOutDil": 766000000,
    "link": "https://www.sec.gov/Archives/edgar/data/718877/000104746918001114/0001047469-18-001114-index.htm",
    "finalLink": "https://www.sec.gov/Archives/edgar/data/718877/000104746918001114/a2234634z10-k.htm"
}, {
    "date": "2017-09-30",
    "symbol": "ATVI",
    "fillingDate": "2017-11-02",
    "acceptedDate": "2017-11-02 16:55:58",
    "period": "Q3",
    "revenue": 1618000000,
    "costOfRevenue": 149000000,
    "grossProfit": 1469000000,
    "grossProfitRatio": 0.9079110012360939,
    "researchAndDevelopmentExpenses": 272000000,
    "generalAndAdministrativeExpenses": 192000000,
    "sellingAndMarketingExpenses": 345000000,
    "otherExpenses": 36000000,
    "operatingExpenses": 809000000,
    "costAndExpenses": 1361000000,
    "interestExpense": 0,
    "depreciationAndAmortization": 252000000,
    "ebitda": 509000000,
    "ebitdaratio": 0.314585908529,
    "operatingIncome": 257000000,
    "operatingIncomeRatio": 0.158838071693,
    "totalOtherIncomeExpensesNet": 36000000,
    "incomeBeforeTax": 221000000,
    "incomeBeforeTaxRatio": 0.136588380717,
    "incomeTaxExpense": 32000000,
    "netIncome": 189000000,
    "netIncomeRatio": 0.116810877627,
    "eps": 0.25,
    "epsdiluted": 0.24,
    "weightedAverageShsOut": 753000000,
    "weightedAverageShsOutDil": 764000000,
    "link": "https://www.sec.gov/Archives/edgar/data/718877/000110465917065731/0001104659-17-065731-index.htm",
    "finalLink": "https://www.sec.gov/Archives/edgar/data/718877/000110465917065731/a17-20649_110q.htm"
}, {
    "date": "2017-06-30",
    "symbol": "ATVI",
    "fillingDate": "2017-08-03",
    "acceptedDate": "2017-08-03 16:53:56",
    "period": "Q2",
    "revenue": 1630000000,
    "costOfRevenue": 130000000,
    "grossProfit": 1500000000,
    "grossProfitRatio": 0.9202453987730062,
    "researchAndDevelopmentExpenses": 253000000,
    "generalAndAdministrativeExpenses": 170000000,
    "sellingAndMarketingExpenses": 308000000,
    "otherExpenses": 45000000,
    "operatingExpenses": 731000000,
    "costAndExpenses": 1292000000,
    "interestExpense": 0,
    "depreciationAndAmortization": 292000000,
    "ebitda": 630000000,
    "ebitdaratio": 0.386503067485,
    "operatingIncome": 338000000,
    "operatingIncomeRatio": 0.20736196319,
    "totalOtherIncomeExpensesNet": 45000000,
    "incomeBeforeTax": 293000000,
    "incomeBeforeTaxRatio": 0.179754601227,
    "incomeTaxExpense": 50000000,
    "netIncome": 243000000,
    "netIncomeRatio": 0.149079754601,
    "eps": 0.32,
    "epsdiluted": 0.32,
    "weightedAverageShsOut": 752000000,
    "weightedAverageShsOutDil": 763000000,
    "link": "https://www.sec.gov/Archives/edgar/data/718877/000110465917049333/0001104659-17-049333-index.htm",
    "finalLink": "https://www.sec.gov/Archives/edgar/data/718877/000110465917049333/a17-13370_110q.htm"
}, {
    "date": "2017-03-31",
    "symbol": "ATVI",
    "fillingDate": "2017-05-04",
    "acceptedDate": "2017-05-04 16:37:46",
    "period": "Q1",
    "revenue": 1726000000,
    "costOfRevenue": 143000000,
    "grossProfit": 1583000000,
    "grossProfitRatio": 0.9171494785631518,
    "researchAndDevelopmentExpenses": 225000000,
    "generalAndAdministrativeExpenses": 177000000,
    "sellingAndMarketingExpenses": 246000000,
    "otherExpenses": 40000000,
    "operatingExpenses": 648000000,
    "costAndExpenses": 1233000000,
    "interestExpense": 0,
    "depreciationAndAmortization": 306000000,
    "ebitda": 799000000,
    "ebitdaratio": 0.46292004635,
    "operatingIncome": 493000000,
    "operatingIncomeRatio": 0.285631517961,
    "totalOtherIncomeExpensesNet": 40000000,
    "incomeBeforeTax": 453000000,
    "incomeBeforeTaxRatio": 0.262456546929,
    "incomeTaxExpense": 27000000,
    "netIncome": 426000000,
    "netIncomeRatio": 0.246813441483,
    "eps": 0.57,
    "epsdiluted": 0.56,
    "weightedAverageShsOut": 749000000,
    "weightedAverageShsOutDil": 761000000,
    "link": "https://www.sec.gov/Archives/edgar/data/718877/000110465917029920/0001104659-17-029920-index.htm",
    "finalLink": "https://www.sec.gov/Archives/edgar/data/718877/000110465917029920/a17-8921_110q.htm"
}, {
    "date": "2016-12-31",
    "symbol": "ATVI",
    "fillingDate": "2017-02-28",
    "acceptedDate": "2017-02-28 17:25:26",
    "period": "FY",
    "revenue": 2014000000,
    "costOfRevenue": 312000000,
    "grossProfit": 1702000000,
    "grossProfitRatio": 0.8450844091360477,
    "researchAndDevelopmentExpenses": 285000000,
    "generalAndAdministrativeExpenses": 148000000,
    "sellingAndMarketingExpenses": 380000000,
    "otherExpenses": 33000000,
    "operatingExpenses": 813000000,
    "costAndExpenses": 1589000000,
    "interestExpense": 0,
    "depreciationAndAmortization": 294000000,
    "ebitda": 719000000,
    "ebitdaratio": 0.357000993049,
    "operatingIncome": 425000000,
    "operatingIncomeRatio": 0.211022840119,
    "totalOtherIncomeExpensesNet": 33000000,
    "incomeBeforeTax": 300000000,
    "incomeBeforeTaxRatio": 0.148957298908,
    "incomeTaxExpense": 47000000,
    "netIncome": 253000000,
    "netIncomeRatio": 0.125620655412,
    "eps": 0.34,
    "epsdiluted": 0.34,
    "weightedAverageShsOut": 740000000,
    "weightedAverageShsOutDil": 754000000,
    "link": "https://www.sec.gov/Archives/edgar/data/718877/000104746917001072/0001047469-17-001072-index.htm",
    "finalLink": "https://www.sec.gov/Archives/edgar/data/718877/000104746917001072/a2230993z10-k.htm"
}, {
    "date": "2016-09-30",
    "symbol": "ATVI",
    "fillingDate": "2016-11-04",
    "acceptedDate": "2016-11-03 20:00:04",
    "period": "Q3",
    "revenue": 1569000000,
    "costOfRevenue": 111000000,
    "grossProfit": 1458000000,
    "grossProfitRatio": 0.9292543021032504,
    "researchAndDevelopmentExpenses": 249000000,
    "generalAndAdministrativeExpenses": 157000000,
    "sellingAndMarketingExpenses": 340000000,
    "otherExpenses": 64000000,
    "operatingExpenses": 746000000,
    "costAndExpenses": 1275000000,
    "interestExpense": 0,
    "depreciationAndAmortization": 188000000,
    "ebitda": 482000000,
    "ebitdaratio": 0.307202039516,
    "operatingIncome": 294000000,
    "operatingIncomeRatio": 0.187380497132,
    "totalOtherIncomeExpensesNet": 64000000,
    "incomeBeforeTax": 230000000,
    "incomeBeforeTaxRatio": 0.146590184831,
    "incomeTaxExpense": -20000000,
    "netIncome": 250000000,
    "netIncomeRatio": 0.159337157425,
    "eps": 0.34,
    "epsdiluted": 0.33,
    "weightedAverageShsOut": 739000000,
    "weightedAverageShsOutDil": 753000000,
    "link": "https://www.sec.gov/Archives/edgar/data/718877/000110465916154713/0001104659-16-154713-index.htm",
    "finalLink": "https://www.sec.gov/Archives/edgar/data/718877/000110465916154713/a16-17256_110q.htm"
}, {
    "date": "2016-06-30",
    "symbol": "ATVI",
    "fillingDate": "2016-08-04",
    "acceptedDate": "2016-08-04 17:24:40",
    "period": "Q2",
    "revenue": 1570000000,
    "costOfRevenue": 173000000,
    "grossProfit": 1397000000,
    "grossProfitRatio": 0.8898089171974523,
    "researchAndDevelopmentExpenses": 249000000,
    "generalAndAdministrativeExpenses": 169000000,
    "sellingAndMarketingExpenses": 322000000,
    "otherExpenses": 65000000,
    "operatingExpenses": 740000000,
    "costAndExpenses": 1338000000,
    "interestExpense": 0,
    "depreciationAndAmortization": 357000000,
    "ebitda": 589000000,
    "ebitdaratio": 0.375159235669,
    "operatingIncome": 232000000,
    "operatingIncomeRatio": 0.147770700637,
    "totalOtherIncomeExpensesNet": 65000000,
    "incomeBeforeTax": 167000000,
    "incomeBeforeTaxRatio": 0.106369426752,
    "incomeTaxExpense": 40000000,
    "netIncome": 127000000,
    "netIncomeRatio": 0.0808917197452,
    "eps": 0.17,
    "epsdiluted": 0.16,
    "weightedAverageShsOut": 737000000,
    "weightedAverageShsOutDil": 748000000,
    "link": "https://www.sec.gov/Archives/edgar/data/718877/000110465916137102/0001104659-16-137102-index.htm",
    "finalLink": "https://www.sec.gov/Archives/edgar/data/718877/000110465916137102/a16-16083_110q.htm"
}, {
    "date": "2016-03-31",
    "symbol": "ATVI",
    "fillingDate": "2016-05-09",
    "acceptedDate": "2016-05-09 16:45:32",
    "period": "Q1",
    "revenue": 1455000000,
    "costOfRevenue": 491000000,
    "grossProfit": 964000000,
    "grossProfitRatio": 0.6625429553264605,
    "researchAndDevelopmentExpenses": 175000000,
    "generalAndAdministrativeExpenses": 160000000,
    "sellingAndMarketingExpenses": 168000000,
    "otherExpenses": 52000000,
    "operatingExpenses": 503000000,
    "costAndExpenses": 994000000,
    "interestExpense": 0,
    "depreciationAndAmortization": 261000000,
    "ebitda": 722000000,
    "ebitdaratio": 0.496219931271,
    "operatingIncome": 461000000,
    "operatingIncomeRatio": 0.316838487973,
    "totalOtherIncomeExpensesNet": 52000000,
    "incomeBeforeTax": 409000000,
    "incomeBeforeTaxRatio": 0.281099656357,
    "incomeTaxExpense": 73000000,
    "netIncome": 336000000,
    "netIncomeRatio": 0.230927835052,
    "eps": 0.45,
    "epsdiluted": 0.45,
    "weightedAverageShsOut": 735000000,
    "weightedAverageShsOutDil": 746000000,
    "link": "https://www.sec.gov/Archives/edgar/data/718877/000110465916119270/0001104659-16-119270-index.htm",
    "finalLink": "https://www.sec.gov/Archives/edgar/data/718877/000110465916119270/a16-6657_110q.htm"
}, {
    "date": "2015-12-31",
    "symbol": "ATVI",
    "fillingDate": "2016-02-29",
    "acceptedDate": "2016-02-29 16:31:30",
    "period": "FY",
    "revenue": 1352000000,
    "costOfRevenue": 538000000,
    "grossProfit": 814000000,
    "grossProfitRatio": 0.6020710059171598,
    "researchAndDevelopmentExpenses": 193000000,
    "generalAndAdministrativeExpenses": 83000000,
    "sellingAndMarketingExpenses": 289000000,
    "otherExpenses": 47000000,
    "operatingExpenses": 565000000,
    "costAndExpenses": 1103000000,
    "interestExpense": 0,
    "depreciationAndAmortization": 128000000,
    "ebitda": 377000000,
    "ebitdaratio": 0.278846153846,
    "operatingIncome": 249000000,
    "operatingIncomeRatio": 0.184171597633,
    "totalOtherIncomeExpensesNet": 0,
    "incomeBeforeTax": 202000000,
    "incomeBeforeTaxRatio": 0.149408284024,
    "incomeTaxExpense": 43000000,
    "netIncome": 159000000,
    "netIncomeRatio": 0.117603550296,
    "eps": 0.22,
    "epsdiluted": 0.21,
    "weightedAverageShsOut": 728000000,
    "weightedAverageShsOutDil": 739000000,
    "link": "https://www.sec.gov/Archives/edgar/data/718877/000104746916010584/0001047469-16-010584-index.htm",
    "finalLink": "https://www.sec.gov/Archives/edgar/data/718877/000104746916010584/a2227483z10-k.htm"
}, {
    "date": "2015-09-30",
    "symbol": "ATVI",
    "fillingDate": "2015-11-06",
    "acceptedDate": "2015-11-06 16:40:05",
    "period": "Q3",
    "revenue": 990000000,
    "costOfRevenue": 337000000,
    "grossProfit": 653000000,
    "grossProfitRatio": 0.6595959595959596,
    "researchAndDevelopmentExpenses": 159000000,
    "generalAndAdministrativeExpenses": 109000000,
    "sellingAndMarketingExpenses": 189000000,
    "otherExpenses": 51000000,
    "operatingExpenses": 457000000,
    "costAndExpenses": 794000000,
    "interestExpense": 0,
    "depreciationAndAmortization": 104000000,
    "ebitda": 300000000,
    "ebitdaratio": 0.30303030303,
    "operatingIncome": 196000000,
    "operatingIncomeRatio": 0.19797979798,
    "totalOtherIncomeExpensesNet": 0,
    "incomeBeforeTax": 145000000,
    "incomeBeforeTaxRatio": 0.146464646465,
    "incomeTaxExpense": 18000000,
    "netIncome": 127000000,
    "netIncomeRatio": 0.128282828283,
    "eps": 0.17,
    "epsdiluted": 0.17,
    "weightedAverageShsOut": 727000000,
    "weightedAverageShsOutDil": 736000000,
    "link": "https://www.sec.gov/Archives/edgar/data/718877/000110465915076727/0001104659-15-076727-index.htm",
    "finalLink": "https://www.sec.gov/Archives/edgar/data/718877/000110465915076727/a15-18056_110q.htm"
}, {
    "date": "2015-06-30",
    "symbol": "ATVI",
    "fillingDate": "2015-08-04",
    "acceptedDate": "2015-08-04 16:35:47",
    "period": "Q2",
    "revenue": 1044000000,
    "costOfRevenue": 297000000,
    "grossProfit": 747000000,
    "grossProfitRatio": 0.7155172413793104,
    "researchAndDevelopmentExpenses": 149000000,
    "generalAndAdministrativeExpenses": 102000000,
    "sellingAndMarketingExpenses": 164000000,
    "otherExpenses": 50000000,
    "operatingExpenses": 415000000,
    "costAndExpenses": 712000000,
    "interestExpense": 0,
    "depreciationAndAmortization": 105000000,
    "ebitda": 437000000,
    "ebitdaratio": 0.418582375479,
    "operatingIncome": 332000000,
    "operatingIncomeRatio": 0.318007662835,
    "totalOtherIncomeExpensesNet": 0,
    "incomeBeforeTax": 696000000,
    "incomeBeforeTaxRatio": 0.666666666667,
    "incomeTaxExpense": 70000000,
    "netIncome": 212000000,
    "netIncomeRatio": 0.2030651341,
    "eps": 0.28,
    "epsdiluted": 0.28,
    "weightedAverageShsOut": 725000000,
    "weightedAverageShsOutDil": 734000000,
    "link": "https://www.sec.gov/Archives/edgar/data/718877/000110465915055909/0001104659-15-055909-index.htm",
    "finalLink": "https://www.sec.gov/Archives/edgar/data/718877/000110465915055909/a15-12176_110q.htm"
}, {
    "date": "2015-03-31",
    "symbol": "ATVI",
    "fillingDate": "2015-05-06",
    "acceptedDate": "2015-05-06 16:13:21",
    "period": "Q1",
    "revenue": 1278000000,
    "costOfRevenue": 413000000,
    "grossProfit": 865000000,
    "grossProfitRatio": 0.6768388106416275,
    "researchAndDevelopmentExpenses": 145000000,
    "generalAndAdministrativeExpenses": 86000000,
    "sellingAndMarketingExpenses": 92000000,
    "otherExpenses": 50000000,
    "operatingExpenses": 323000000,
    "costAndExpenses": 736000000,
    "interestExpense": 0,
    "depreciationAndAmortization": 164000000,
    "ebitda": 706000000,
    "ebitdaratio": 0.552425665102,
    "operatingIncome": 542000000,
    "operatingIncomeRatio": 0.424100156495,
    "totalOtherIncomeExpensesNet": 0,
    "incomeBeforeTax": 78000000,
    "incomeBeforeTaxRatio": 0.0610328638498,
    "incomeTaxExpense": 98000000,
    "netIncome": 394000000,
    "netIncomeRatio": 0.308294209703,
    "eps": 0.54,
    "epsdiluted": 0.53,
    "weightedAverageShsOut": 723000000,
    "weightedAverageShsOutDil": 731000000,
    "link": "https://www.sec.gov/Archives/edgar/data/718877/000110465915034878/0001104659-15-034878-index.htm",
    "finalLink": "https://www.sec.gov/Archives/edgar/data/718877/000110465915034878/a15-8801_110q.htm"
}, {
    "date": "2014-12-31",
    "symbol": "ATVI",
    "fillingDate": "2015-02-26",
    "acceptedDate": "2015-02-26 17:04:02",
    "period": "FY",
    "revenue": 1575000000,
    "costOfRevenue": 631000000,
    "grossProfit": 944000000,
    "grossProfitRatio": 0.5993650793650793,
    "researchAndDevelopmentExpenses": 184000000,
    "generalAndAdministrativeExpenses": 75000000,
    "sellingAndMarketingExpenses": 247000000,
    "otherExpenses": -50000000,
    "operatingExpenses": 506000000,
    "costAndExpenses": 1137000000,
    "interestExpense": 0,
    "depreciationAndAmortization": 156000000,
    "ebitda": 594000000,
    "ebitdaratio": 0.377142857143,
    "operatingIncome": 438000000,
    "operatingIncomeRatio": 0.278095238095,
    "totalOtherIncomeExpensesNet": -50000000,
    "incomeBeforeTax": 215000000,
    "incomeBeforeTaxRatio": 0.136507936508,
    "incomeTaxExpense": 27000000,
    "netIncome": 361000000,
    "netIncomeRatio": 0.229206349206,
    "eps": 0.49,
    "epsdiluted": 0.49,
    "weightedAverageShsOut": 716000000,
    "weightedAverageShsOutDil": 726000000,
    "link": "https://www.sec.gov/Archives/edgar/data/718877/000104746915001298/0001047469-15-001298-index.htm",
    "finalLink": "https://www.sec.gov/Archives/edgar/data/718877/000104746915001298/a2223239z10-k.htm"
}, {
    "date": "2014-09-30",
    "symbol": "ATVI",
    "fillingDate": "2014-11-04",
    "acceptedDate": "2014-11-04 16:44:22",
    "period": "Q3",
    "revenue": 752000000,
    "costOfRevenue": 252000000,
    "grossProfit": 500000000,
    "grossProfitRatio": 0.6648936170212766,
    "researchAndDevelopmentExpenses": 132000000,
    "generalAndAdministrativeExpenses": 140000000,
    "sellingAndMarketingExpenses": 220000000,
    "otherExpenses": -51000000,
    "operatingExpenses": 492000000,
    "costAndExpenses": 744000000,
    "interestExpense": 0,
    "depreciationAndAmortization": 59000000,
    "ebitda": 67000000,
    "ebitdaratio": 0.0890957446809,
    "operatingIncome": 8000000,
    "operatingIncomeRatio": 0.0106382978723,
    "totalOtherIncomeExpensesNet": -51000000,
    "incomeBeforeTax": -43000000,
    "incomeBeforeTaxRatio": -0.057180851063829786,
    "incomeTaxExpense": -20000000,
    "netIncome": -23000000,
    "netIncomeRatio": -0.030585106382978722,
    "eps": -0.03,
    "epsdiluted": -0.03,
    "weightedAverageShsOut": 714000000,
    "weightedAverageShsOutDil": 725000000,
    "link": "https://www.sec.gov/Archives/edgar/data/718877/000110465914076552/0001104659-14-076552-index.htm",
    "finalLink": "https://www.sec.gov/Archives/edgar/data/718877/000110465914076552/a14-19826_110q.htm"
}, {
    "date": "2014-06-30",
    "symbol": "ATVI",
    "fillingDate": "2014-08-05",
    "acceptedDate": "2014-08-05 17:15:52",
    "period": "Q2",
    "revenue": 970000000,
    "costOfRevenue": 300000000,
    "grossProfit": 670000000,
    "grossProfitRatio": 0.6907216494845361,
    "researchAndDevelopmentExpenses": 112000000,
    "generalAndAdministrativeExpenses": 107000000,
    "sellingAndMarketingExpenses": 141000000,
    "otherExpenses": -50000000,
    "operatingExpenses": 360000000,
    "costAndExpenses": 660000000,
    "interestExpense": 0,
    "depreciationAndAmortization": 66000000,
    "ebitda": 376000000,
    "ebitdaratio": 0.387628865979,
    "operatingIncome": 310000000,
    "operatingIncomeRatio": 0.319587628866,
    "totalOtherIncomeExpensesNet": -50000000,
    "incomeBeforeTax": 185000000,
    "incomeBeforeTaxRatio": 0.190721649485,
    "incomeTaxExpense": 56000000,
    "netIncome": 204000000,
    "netIncomeRatio": 0.210309278351,
    "eps": 0.28,
    "epsdiluted": 0.27,
    "weightedAverageShsOut": 712000000,
    "weightedAverageShsOutDil": 723000000,
    "link": "https://www.sec.gov/Archives/edgar/data/718877/000110465914057005/0001104659-14-057005-index.htm",
    "finalLink": "https://www.sec.gov/Archives/edgar/data/718877/000110465914057005/a14-14115_110q.htm"
}, {
    "date": "2014-03-31",
    "symbol": "ATVI",
    "fillingDate": "2014-05-06",
    "acceptedDate": "2014-05-06 16:17:05",
    "period": "Q1",
    "revenue": 1111000000,
    "costOfRevenue": 342000000,
    "grossProfit": 769000000,
    "grossProfitRatio": 0.6921692169216922,
    "researchAndDevelopmentExpenses": 143000000,
    "generalAndAdministrativeExpenses": 95000000,
    "sellingAndMarketingExpenses": 104000000,
    "otherExpenses": -51000000,
    "operatingExpenses": 342000000,
    "costAndExpenses": 684000000,
    "interestExpense": 0,
    "depreciationAndAmortization": 72000000,
    "ebitda": 499000000,
    "ebitdaratio": 0.449144914491,
    "operatingIncome": 427000000,
    "operatingIncomeRatio": 0.384338433843,
    "totalOtherIncomeExpensesNet": -51000000,
    "incomeBeforeTax": 288000000,
    "incomeBeforeTaxRatio": 0.259225922592,
    "incomeTaxExpense": 83000000,
    "netIncome": 293000000,
    "netIncomeRatio": 0.263726372637,
    "eps": 0.4,
    "epsdiluted": 0.4,
    "weightedAverageShsOut": 709000000,
    "weightedAverageShsOutDil": 720000000,
    "link": "https://www.sec.gov/Archives/edgar/data/718877/000110465914035223/0001104659-14-035223-index.htm",
    "finalLink": "https://www.sec.gov/Archives/edgar/data/718877/000110465914035223/a14-9708_110q.htm"
}, {
    "date": "2013-12-31",
    "symbol": "ATVI",
    "fillingDate": "2014-03-03",
    "acceptedDate": "2014-03-03 16:34:13",
    "period": "FY",
    "revenue": 1518000000,
    "costOfRevenue": 654000000,
    "grossProfit": 864000000,
    "grossProfitRatio": 0.5691699604743083,
    "researchAndDevelopmentExpenses": 197000000,
    "generalAndAdministrativeExpenses": 143000000,
    "sellingAndMarketingExpenses": 239000000,
    "otherExpenses": 1000000,
    "operatingExpenses": 580000000,
    "costAndExpenses": 1233000000,
    "interestExpense": 0,
    "depreciationAndAmortization": 108000000,
    "ebitda": 393000000,
    "ebitdaratio": 0.258893280632,
    "operatingIncome": 285000000,
    "operatingIncomeRatio": 0.187747035573,
    "totalOtherIncomeExpensesNet": -52000000,
    "incomeBeforeTax": 18000000,
    "incomeBeforeTaxRatio": 0.0118577075099,
    "incomeTaxExpense": 60000000,
    "netIncome": 173000000,
    "netIncomeRatio": 0.113965744401,
    "eps": 0.23,
    "epsdiluted": 0.22,
    "weightedAverageShsOut": 1024000000,
    "weightedAverageShsOutDil": 1035000000,
    "link": "https://www.sec.gov/Archives/edgar/data/718877/000104746914001688/0001047469-14-001688-index.htm",
    "finalLink": "https://www.sec.gov/Archives/edgar/data/718877/000104746914001688/a2218641z10-k.htm"
}, {
    "date": "2013-09-30",
    "symbol": "ATVI",
    "fillingDate": "2013-11-06",
    "acceptedDate": "2013-11-06 16:31:50",
    "period": "Q3",
    "revenue": 690000000,
    "costOfRevenue": 175000000,
    "grossProfit": 515000000,
    "grossProfitRatio": 0.7463768115942029,
    "researchAndDevelopmentExpenses": 140000000,
    "generalAndAdministrativeExpenses": 161000000,
    "sellingAndMarketingExpenses": 144000000,
    "otherExpenses": -4000000,
    "operatingExpenses": 444000000,
    "costAndExpenses": 620000000,
    "interestExpense": 0,
    "depreciationAndAmortization": 35000000,
    "ebitda": 105000000,
    "ebitdaratio": 0.152173913043,
    "operatingIncome": 70000000,
    "operatingIncomeRatio": 0.101449275362,
    "totalOtherIncomeExpensesNet": -4000000,
    "incomeBeforeTax": 66000000,
    "incomeBeforeTaxRatio": 0.095652173913,
    "incomeTaxExpense": 9000000,
    "netIncome": 57000000,
    "netIncomeRatio": 0.0826086956522,
    "eps": 0.05,
    "epsdiluted": 0.05,
    "weightedAverageShsOut": 1118000000,
    "weightedAverageShsOutDil": 1127000000,
    "link": "https://www.sec.gov/Archives/edgar/data/718877/000110465913081725/0001104659-13-081725-index.htm",
    "finalLink": "https://www.sec.gov/Archives/edgar/data/718877/000110465913081725/a13-19735_110q.htm"
}, {
    "date": "2013-06-30",
    "symbol": "ATVI",
    "fillingDate": "2013-08-01",
    "acceptedDate": "2013-08-01 16:16:51",
    "period": "Q2",
    "revenue": 1051000000,
    "costOfRevenue": 286000000,
    "grossProfit": 765000000,
    "grossProfitRatio": 0.7278782112274025,
    "researchAndDevelopmentExpenses": 122000000,
    "generalAndAdministrativeExpenses": 97000000,
    "sellingAndMarketingExpenses": 116000000,
    "otherExpenses": 1000000,
    "operatingExpenses": 335000000,
    "costAndExpenses": 621000000,
    "interestExpense": 0,
    "depreciationAndAmortization": 66000000,
    "ebitda": 496000000,
    "ebitdaratio": 0.471931493815,
    "operatingIncome": 430000000,
    "operatingIncomeRatio": 0.409134157945,
    "totalOtherIncomeExpensesNet": 1000000,
    "incomeBeforeTax": 431000000,
    "incomeBeforeTaxRatio": 0.410085632731,
    "incomeTaxExpense": 107000000,
    "netIncome": 324000000,
    "netIncomeRatio": 0.308277830637,
    "eps": 0.28,
    "epsdiluted": 0.28,
    "weightedAverageShsOut": 1116000000,
    "weightedAverageShsOutDil": 1124000000,
    "link": "https://www.sec.gov/Archives/edgar/data/718877/000110465913058963/0001104659-13-058963-index.htm",
    "finalLink": "https://www.sec.gov/Archives/edgar/data/718877/000110465913058963/a13-13893_110q.htm"
}, {
    "date": "2013-03-31",
    "symbol": "ATVI",
    "fillingDate": "2013-05-08",
    "acceptedDate": "2013-05-08 16:18:49",
    "period": "Q1",
    "revenue": 1324000000,
    "costOfRevenue": 416000000,
    "grossProfit": 908000000,
    "grossProfitRatio": 0.6858006042296072,
    "researchAndDevelopmentExpenses": 125000000,
    "generalAndAdministrativeExpenses": 89000000,
    "sellingAndMarketingExpenses": 107000000,
    "otherExpenses": 2000000,
    "operatingExpenses": 321000000,
    "costAndExpenses": 737000000,
    "interestExpense": 0,
    "depreciationAndAmortization": 107000000,
    "ebitda": 694000000,
    "ebitdaratio": 0.52416918429,
    "operatingIncome": 587000000,
    "operatingIncomeRatio": 0.44335347432,
    "totalOtherIncomeExpensesNet": 2000000,
    "incomeBeforeTax": 589000000,
    "incomeBeforeTaxRatio": 0.444864048338,
    "incomeTaxExpense": 133000000,
    "netIncome": 456000000,
    "netIncomeRatio": 0.344410876133,
    "eps": 0.4,
    "epsdiluted": 0.4,
    "weightedAverageShsOut": 1113000000,
    "weightedAverageShsOutDil": 1120000000,
    "link": "https://www.sec.gov/Archives/edgar/data/718877/000110465913038868/0001104659-13-038868-index.htm",
    "finalLink": "https://www.sec.gov/Archives/edgar/data/718877/000110465913038868/a13-8588_110q.htm"
}, {
    "date": "2012-12-31",
    "symbol": "ATVI",
    "fillingDate": "2013-02-22",
    "acceptedDate": "2013-02-22 16:38:44",
    "period": "FY",
    "revenue": 1768000000,
    "costOfRevenue": 2000000,
    "grossProfit": 1766000000,
    "grossProfitRatio": 0.998868778280543,
    "researchAndDevelopmentExpenses": 197000000,
    "generalAndAdministrativeExpenses": 148000000,
    "sellingAndMarketingExpenses": 232000000,
    "otherExpenses": 3000000,
    "operatingExpenses": 577000000,
    "costAndExpenses": 1284000000,
    "interestExpense": 0,
    "depreciationAndAmortization": 136000000,
    "ebitda": 620000000,
    "ebitdaratio": 0.350678733032,
    "operatingIncome": 484000000,
    "operatingIncomeRatio": 0.273755656109,
    "totalOtherIncomeExpensesNet": 3000000,
    "incomeBeforeTax": 224000000,
    "incomeBeforeTaxRatio": 0.126696832579,
    "incomeTaxExpense": 133000000,
    "netIncome": 354000000,
    "netIncomeRatio": 0.200226244344,
    "eps": 0.31,
    "epsdiluted": 0.31,
    "weightedAverageShsOut": 1112000000,
    "weightedAverageShsOutDil": 1118000000,
    "link": "https://www.sec.gov/Archives/edgar/data/718877/000104746913001506/0001047469-13-001506-index.htm",
    "finalLink": "https://www.sec.gov/Archives/edgar/data/718877/000104746913001506/a2213119z10-k.htm"
}, {
    "date": "2012-09-30",
    "symbol": "ATVI",
    "fillingDate": "2012-11-07",
    "acceptedDate": "2012-11-07 16:13:42",
    "period": "Q3",
    "revenue": 841000000,
    "costOfRevenue": 231000000,
    "grossProfit": 610000000,
    "grossProfitRatio": 0.7253269916765755,
    "researchAndDevelopmentExpenses": 131000000,
    "generalAndAdministrativeExpenses": 122000000,
    "sellingAndMarketingExpenses": 130000000,
    "otherExpenses": 1000000,
    "operatingExpenses": 383000000,
    "costAndExpenses": 614000000,
    "interestExpense": 0,
    "depreciationAndAmortization": 45000000,
    "ebitda": 272000000,
    "ebitdaratio": 0.323424494649,
    "operatingIncome": 227000000,
    "operatingIncomeRatio": 0.269916765755,
    "totalOtherIncomeExpensesNet": 1000000,
    "incomeBeforeTax": 228000000,
    "incomeBeforeTaxRatio": 0.271105826397,
    "incomeTaxExpense": 2000000,
    "netIncome": 226000000,
    "netIncomeRatio": 0.268727705113,
    "eps": 0.2,
    "epsdiluted": 0.2,
    "weightedAverageShsOut": 1113000000,
    "weightedAverageShsOutDil": 1118000000,
    "link": "https://www.sec.gov/Archives/edgar/data/718877/000110465912075353/0001104659-12-075353-index.htm",
    "finalLink": "https://www.sec.gov/Archives/edgar/data/718877/000110465912075353/a12-20104_110q.htm"
}, {
    "date": "2012-06-30",
    "symbol": "ATVI",
    "fillingDate": "2012-08-02",
    "acceptedDate": "2012-08-02 16:26:58",
    "period": "Q2",
    "revenue": 1075000000,
    "costOfRevenue": 370000000,
    "grossProfit": 705000000,
    "grossProfitRatio": 0.6558139534883721,
    "researchAndDevelopmentExpenses": 152000000,
    "generalAndAdministrativeExpenses": 189000000,
    "sellingAndMarketingExpenses": 137000000,
    "otherExpenses": 2000000,
    "operatingExpenses": 478000000,
    "costAndExpenses": 848000000,
    "interestExpense": 0,
    "depreciationAndAmortization": 94000000,
    "ebitda": 321000000,
    "ebitdaratio": 0.298604651163,
    "operatingIncome": 227000000,
    "operatingIncomeRatio": 0.211162790698,
    "totalOtherIncomeExpensesNet": 2000000,
    "incomeBeforeTax": 229000000,
    "incomeBeforeTaxRatio": 0.213023255814,
    "incomeTaxExpense": 44000000,
    "netIncome": 185000000,
    "netIncomeRatio": 0.172093023256,
    "eps": 0.16,
    "epsdiluted": 0.17,
    "weightedAverageShsOut": 1115000000,
    "weightedAverageShsOutDil": 1121000000,
    "link": "https://www.sec.gov/Archives/edgar/data/718877/000110465912053747/0001104659-12-053747-index.htm",
    "finalLink": "https://www.sec.gov/Archives/edgar/data/718877/000110465912053747/a12-13992_110q.htm"
}, {
    "date": "2012-03-31",
    "symbol": "ATVI",
    "fillingDate": "2012-05-09",
    "acceptedDate": "2012-05-09 17:06:23",
    "period": "Q1",
    "revenue": 1172000000,
    "costOfRevenue": 354000000,
    "grossProfit": 818000000,
    "grossProfitRatio": 0.6979522184300341,
    "researchAndDevelopmentExpenses": 124000000,
    "generalAndAdministrativeExpenses": 102000000,
    "sellingAndMarketingExpenses": 79000000,
    "otherExpenses": 1000000,
    "operatingExpenses": 305000000,
    "costAndExpenses": 659000000,
    "interestExpense": 0,
    "depreciationAndAmortization": 53000000,
    "ebitda": 566000000,
    "ebitdaratio": 0.482935153584,
    "operatingIncome": 513000000,
    "operatingIncomeRatio": 0.43771331058,
    "totalOtherIncomeExpensesNet": 1000000,
    "incomeBeforeTax": 514000000,
    "incomeBeforeTaxRatio": 0.438566552901,
    "incomeTaxExpense": 130000000,
    "netIncome": 384000000,
    "netIncomeRatio": 0.327645051195,
    "eps": 0.34,
    "epsdiluted": 0.33,
    "weightedAverageShsOut": 1120000000,
    "weightedAverageShsOutDil": 1127000000,
    "link": "https://www.sec.gov/Archives/edgar/data/718877/000110465912035264/0001104659-12-035264-index.htm",
    "finalLink": "https://www.sec.gov/Archives/edgar/data/718877/000110465912035264/a12-8879_110q.htm"
}, {
    "date": "2011-12-31",
    "symbol": "ATVI",
    "fillingDate": "2012-02-28",
    "acceptedDate": "2012-02-28 16:44:53",
    "period": "FY",
    "revenue": 1407000000,
    "costOfRevenue": 5000000,
    "grossProfit": 1402000000,
    "grossProfitRatio": 0.9964463397299218,
    "researchAndDevelopmentExpenses": 256000000,
    "generalAndAdministrativeExpenses": 123000000,
    "sellingAndMarketingExpenses": 281000000,
    "otherExpenses": 0,
    "operatingExpenses": 660000000,
    "costAndExpenses": 1383000000,
    "interestExpense": 0,
    "depreciationAndAmortization": 207000000,
    "ebitda": 231000000,
    "ebitdaratio": 0.164179104478,
    "operatingIncome": 24000000,
    "operatingIncomeRatio": 0.0170575692964,
    "totalOtherIncomeExpensesNet": -4000000,
    "incomeBeforeTax": 20000000,
    "incomeBeforeTaxRatio": 0.0142146410803,
    "incomeTaxExpense": -79000000,
    "netIncome": 99000000,
    "netIncomeRatio": 0.0703624733475,
    "eps": 0.09,
    "epsdiluted": 0.08,
    "weightedAverageShsOut": 1148000000,
    "weightedAverageShsOutDil": 1156000000,
    "link": "https://www.sec.gov/Archives/edgar/data/718877/000104746912001775/0001047469-12-001775-index.htm",
    "finalLink": "https://www.sec.gov/Archives/edgar/data/718877/000104746912001775/a2207405z10-k.htm"
}, {
    "date": "2011-09-30",
    "symbol": "ATVI",
    "fillingDate": "2011-11-09",
    "acceptedDate": "2011-11-08 18:02:39",
    "period": "Q3",
    "revenue": 753000000,
    "costOfRevenue": 237000000,
    "grossProfit": 516000000,
    "grossProfitRatio": 0.6852589641434262,
    "researchAndDevelopmentExpenses": 132000000,
    "generalAndAdministrativeExpenses": 105000000,
    "sellingAndMarketingExpenses": 114000000,
    "otherExpenses": 0,
    "operatingExpenses": 351000000,
    "costAndExpenses": 590000000,
    "interestExpense": 0,
    "depreciationAndAmortization": 52000000,
    "ebitda": 215000000,
    "ebitdaratio": 0.285524568393,
    "operatingIncome": 163000000,
    "operatingIncomeRatio": 0.216467463479,
    "totalOtherIncomeExpensesNet": 2000000,
    "incomeBeforeTax": 165000000,
    "incomeBeforeTaxRatio": 0.219123505976,
    "incomeTaxExpense": 17000000,
    "netIncome": 148000000,
    "netIncomeRatio": 0.196547144754,
    "eps": 0.13,
    "epsdiluted": 0.13,
    "weightedAverageShsOut": 1151000000,
    "weightedAverageShsOutDil": 1160000000,
    "link": "https://www.sec.gov/Archives/edgar/data/718877/000110465911062236/0001104659-11-062236-index.htm",
    "finalLink": "https://www.sec.gov/Archives/edgar/data/718877/000110465911062236/a11-28201_110q.htm"
}, {
    "date": "2011-06-30",
    "symbol": "ATVI",
    "fillingDate": "2011-08-05",
    "acceptedDate": "2011-08-05 16:20:59",
    "period": "Q2",
    "revenue": 1146000000,
    "costOfRevenue": 344000000,
    "grossProfit": 802000000,
    "grossProfitRatio": 0.699825479930192,
    "researchAndDevelopmentExpenses": 116000000,
    "generalAndAdministrativeExpenses": 130000000,
    "sellingAndMarketingExpenses": 86000000,
    "otherExpenses": 0,
    "operatingExpenses": 332000000,
    "costAndExpenses": 679000000,
    "interestExpense": 0,
    "depreciationAndAmortization": 81000000,
    "ebitda": 548000000,
    "ebitdaratio": 0.478184991274,
    "operatingIncome": 467000000,
    "operatingIncomeRatio": 0.407504363002,
    "totalOtherIncomeExpensesNet": 3000000,
    "incomeBeforeTax": 470000000,
    "incomeBeforeTaxRatio": 0.410122164049,
    "incomeTaxExpense": 135000000,
    "netIncome": 335000000,
    "netIncomeRatio": 0.292321116928,
    "eps": 0.29,
    "epsdiluted": 0.29,
    "weightedAverageShsOut": 1157000000,
    "weightedAverageShsOutDil": 1166000000,
    "link": "https://www.sec.gov/Archives/edgar/data/718877/000110465911044296/0001104659-11-044296-index.htm",
    "finalLink": "https://www.sec.gov/Archives/edgar/data/718877/000110465911044296/a11-14140_110q.htm"
}, {
    "date": "2011-03-31",
    "symbol": "ATVI",
    "fillingDate": "2011-05-09",
    "acceptedDate": "2011-05-09 16:26:34",
    "period": "Q1",
    "revenue": 1449000000,
    "costOfRevenue": 452000000,
    "grossProfit": 997000000,
    "grossProfitRatio": 0.6880607315389924,
    "researchAndDevelopmentExpenses": 142000000,
    "generalAndAdministrativeExpenses": 98000000,
    "sellingAndMarketingExpenses": 64000000,
    "otherExpenses": 0,
    "operatingExpenses": 304000000,
    "costAndExpenses": 775000000,
    "interestExpense": 0,
    "depreciationAndAmortization": 95000000,
    "ebitda": 769000000,
    "ebitdaratio": 0.530710835059,
    "operatingIncome": 674000000,
    "operatingIncomeRatio": 0.465148378192,
    "totalOtherIncomeExpensesNet": 2000000,
    "incomeBeforeTax": 676000000,
    "incomeBeforeTaxRatio": 0.466528640442,
    "incomeTaxExpense": 173000000,
    "netIncome": 503000000,
    "netIncomeRatio": 0.347135955832,
    "eps": 0.42,
    "epsdiluted": 0.42,
    "weightedAverageShsOut": 1173000000,
    "weightedAverageShsOutDil": 1182000000,
    "link": "https://www.sec.gov/Archives/edgar/data/718877/000110465911027381/0001104659-11-027381-index.htm",
    "finalLink": "https://www.sec.gov/Archives/edgar/data/718877/000110465911027381/a11-9595_110q.htm"
}, {
    "date": "2010-12-31",
    "symbol": "ATVI",
    "fillingDate": "2011-02-25",
    "acceptedDate": "2011-02-25 16:32:15",
    "period": "FY",
    "revenue": 1428000000,
    "costOfRevenue": 12000000,
    "grossProfit": 1416000000,
    "grossProfitRatio": 0.9915966386554622,
    "researchAndDevelopmentExpenses": 276000000,
    "generalAndAdministrativeExpenses": 119000000,
    "sellingAndMarketingExpenses": 226000000,
    "otherExpenses": 0,
    "operatingExpenses": 621000000,
    "costAndExpenses": 1824000000,
    "interestExpense": 0,
    "depreciationAndAmortization": 238000000,
    "ebitda": -158000000,
    "ebitdaratio": -0.11064425770308123,
    "operatingIncome": -396000000,
    "operatingIncomeRatio": -0.2773109243697479,
    "totalOtherIncomeExpensesNet": 8000000,
    "incomeBeforeTax": -388000000,
    "incomeBeforeTaxRatio": -0.27170868347338933,
    "incomeTaxExpense": -155000000,
    "netIncome": -233000000,
    "netIncomeRatio": -0.16316526610644258,
    "eps": -0.19,
    "epsdiluted": -0.19,
    "weightedAverageShsOut": 1222000000,
    "weightedAverageShsOutDil": 1236000000,
    "link": "https://www.sec.gov/Archives/edgar/data/718877/000104746911001413/0001047469-11-001413-index.htm",
    "finalLink": "https://www.sec.gov/Archives/edgar/data/718877/000104746911001413/a2202068z10-k.htm"
}, {
    "date": "2010-09-30",
    "symbol": "ATVI",
    "fillingDate": "2010-11-05",
    "acceptedDate": "2010-11-05 16:29:07",
    "period": "Q3",
    "revenue": 744000000,
    "costOfRevenue": 349000000,
    "grossProfit": 395000000,
    "grossProfitRatio": 0.5309139784946236,
    "researchAndDevelopmentExpenses": 119000000,
    "generalAndAdministrativeExpenses": 110000000,
    "sellingAndMarketingExpenses": 112000000,
    "otherExpenses": 0,
    "operatingExpenses": 341000000,
    "costAndExpenses": 690000000,
    "interestExpense": 0,
    "depreciationAndAmortization": 78000000,
    "ebitda": 132000000,
    "ebitdaratio": 0.177419354839,
    "operatingIncome": 54000000,
    "operatingIncomeRatio": 0.0725806451613,
    "totalOtherIncomeExpensesNet": 14000000,
    "incomeBeforeTax": 68000000,
    "incomeBeforeTaxRatio": 0.0913978494624,
    "incomeTaxExpense": 17000000,
    "netIncome": 51000000,
    "netIncomeRatio": 0.0685483870968,
    "eps": 0.05,
    "epsdiluted": 0.05,
    "weightedAverageShsOut": 1230000000,
    "weightedAverageShsOutDil": 1245000000,
    "link": "https://www.sec.gov/Archives/edgar/data/718877/000110465910056564/0001104659-10-056564-index.htm",
    "finalLink": "https://www.sec.gov/Archives/edgar/data/718877/000110465910056564/a10-20489_110q.htm"
}, {
    "date": "2010-06-30",
    "symbol": "ATVI",
    "fillingDate": "2010-08-06",
    "acceptedDate": "2010-08-06 16:16:45",
    "period": "Q2",
    "revenue": 967000000,
    "costOfRevenue": 367000000,
    "grossProfit": 600000000,
    "grossProfitRatio": 0.6204756980351603,
    "researchAndDevelopmentExpenses": 104000000,
    "generalAndAdministrativeExpenses": 70000000,
    "sellingAndMarketingExpenses": 126000000,
    "otherExpenses": 0,
    "operatingExpenses": 300000000,
    "costAndExpenses": 667000000,
    "interestExpense": 0,
    "depreciationAndAmortization": 80000000,
    "ebitda": 380000000,
    "ebitdaratio": 0.392967942089,
    "operatingIncome": 300000000,
    "operatingIncomeRatio": 0.310237849018,
    "totalOtherIncomeExpensesNet": 1000000,
    "incomeBeforeTax": 301000000,
    "incomeBeforeTaxRatio": 0.311271975181,
    "incomeTaxExpense": 82000000,
    "netIncome": 219000000,
    "netIncomeRatio": 0.226473629783,
    "eps": 0.18,
    "epsdiluted": 0.17,
    "weightedAverageShsOut": 1239000000,
    "weightedAverageShsOutDil": 1254000000,
    "link": "https://www.sec.gov/Archives/edgar/data/718877/000110465910042753/0001104659-10-042753-index.htm",
    "finalLink": "https://www.sec.gov/Archives/edgar/data/718877/000110465910042753/a10-12431_110q.htm"
}, {
    "date": "2010-03-31",
    "symbol": "ATVI",
    "fillingDate": "2010-05-07",
    "acceptedDate": "2010-05-07 16:24:36",
    "period": "Q1",
    "revenue": 1308000000,
    "costOfRevenue": 533000000,
    "grossProfit": 775000000,
    "grossProfitRatio": 0.5925076452599388,
    "researchAndDevelopmentExpenses": 143000000,
    "generalAndAdministrativeExpenses": 65000000,
    "sellingAndMarketingExpenses": 56000000,
    "otherExpenses": 0,
    "operatingExpenses": 264000000,
    "costAndExpenses": 797000000,
    "interestExpense": 0,
    "depreciationAndAmortization": 121000000,
    "ebitda": 632000000,
    "ebitdaratio": 0.483180428135,
    "operatingIncome": 511000000,
    "operatingIncomeRatio": 0.390672782875,
    "totalOtherIncomeExpensesNet": 0,
    "incomeBeforeTax": 511000000,
    "incomeBeforeTaxRatio": 0.390672782875,
    "incomeTaxExpense": 130000000,
    "netIncome": 381000000,
    "netIncomeRatio": 0.29128440367,
    "eps": 0.3,
    "epsdiluted": 0.3,
    "weightedAverageShsOut": 1248000000,
    "weightedAverageShsOutDil": 1264000000,
    "link": "https://www.sec.gov/Archives/edgar/data/718877/000110465910026898/0001104659-10-026898-index.htm",
    "finalLink": "https://www.sec.gov/Archives/edgar/data/718877/000110465910026898/a10-5736_110q.htm"
}, {
    "date": "2009-12-31",
    "symbol": "ATVI",
    "fillingDate": "2010-03-01",
    "acceptedDate": "2010-03-01 16:18:30",
    "period": "FY",
    "revenue": 1557000000,
    "costOfRevenue": 1012000000,
    "grossProfit": 545000000,
    "grossProfitRatio": 0.3500321130378934,
    "researchAndDevelopmentExpenses": 0,
    "generalAndAdministrativeExpenses": 94000000,
    "sellingAndMarketingExpenses": 215000000,
    "otherExpenses": 0,
    "operatingExpenses": 309000000,
    "costAndExpenses": 1989000000,
    "interestExpense": 0,
    "depreciationAndAmortization": 160000000,
    "ebitda": -272000000,
    "ebitdaratio": -0.17469492614001284,
    "operatingIncome": -432000000,
    "operatingIncomeRatio": -0.2774566473988439,
    "totalOtherIncomeExpensesNet": -3000000,
    "incomeBeforeTax": -435000000,
    "incomeBeforeTaxRatio": -0.279383429672447,
    "incomeTaxExpense": -28000000,
    "netIncome": -286000000,
    "netIncomeRatio": -0.18368657675016056,
    "eps": 0,
    "epsdiluted": 0,
    "weightedAverageShsOut": 1283000000,
    "weightedAverageShsOutDil": 1311000000,
    "link": "https://www.sec.gov/Archives/edgar/data/718877/000104746910001649/0001047469-10-001649-index.htm",
    "finalLink": "https://www.sec.gov/Archives/edgar/data/718877/000104746910001649/a2196314z10-k.htm"
}, {
    "date": "2009-09-30",
    "symbol": "ATVI",
    "fillingDate": "2009-11-06",
    "acceptedDate": "2009-11-06 16:08:44",
    "period": "Q3",
    "revenue": 2140000000,
    "costOfRevenue": 339000000,
    "grossProfit": 1801000000,
    "grossProfitRatio": 0.841588785046729,
    "researchAndDevelopmentExpenses": 0,
    "generalAndAdministrativeExpenses": 106000000,
    "sellingAndMarketingExpenses": 128000000,
    "otherExpenses": 0,
    "operatingExpenses": 234000000,
    "costAndExpenses": 694000000,
    "interestExpense": 0,
    "depreciationAndAmortization": 58000000,
    "ebitda": 67000000,
    "ebitdaratio": 0.03130841121495327,
    "operatingIncome": 9000000,
    "operatingIncomeRatio": 0.004205607476635514,
    "totalOtherIncomeExpensesNet": 21000000,
    "incomeBeforeTax": 20000000,
    "incomeBeforeTaxRatio": 0.009345794392523364,
    "incomeTaxExpense": 5000000,
    "netIncome": 15000000,
    "netIncomeRatio": 0.007009345794392523,
    "eps": 0,
    "epsdiluted": 0,
    "weightedAverageShsOut": 1283000000,
    "weightedAverageShsOutDil": 1311000000,
    "link": "https://www.sec.gov/Archives/edgar/data/718877/000110465909063352/0001104659-09-063352-index.htm",
    "finalLink": "https://www.sec.gov/Archives/edgar/data/718877/000110465909063352/a09-30759_110q.htm"
}, {
    "date": "2009-06-30",
    "symbol": "ATVI",
    "fillingDate": "2009-08-07",
    "acceptedDate": "2009-08-07 16:12:35",
    "period": "Q2",
    "revenue": 582000000,
    "costOfRevenue": 956000000,
    "grossProfit": -374000000,
    "grossProfitRatio": -0.6426116838487973,
    "researchAndDevelopmentExpenses": 0,
    "generalAndAdministrativeExpenses": 195000000,
    "sellingAndMarketingExpenses": 201000000,
    "otherExpenses": 0,
    "operatingExpenses": 396000000,
    "costAndExpenses": 1622000000,
    "interestExpense": 0,
    "depreciationAndAmortization": 60000000,
    "ebitda": 457000000,
    "ebitdaratio": 0.7852233676975945,
    "operatingIncome": 397000000,
    "operatingIncomeRatio": 0.6821305841924399,
    "totalOtherIncomeExpensesNet": 0,
    "incomeBeforeTax": 407000000,
    "incomeBeforeTaxRatio": 0.6993127147766323,
    "incomeTaxExpense": 23000000,
    "netIncome": 384000000,
    "netIncomeRatio": 0.6597938144329897,
    "eps": 0,
    "epsdiluted": 0,
    "weightedAverageShsOut": 1283000000,
    "weightedAverageShsOutDil": 1311000000,
    "link": "https://www.sec.gov/Archives/edgar/data/718877/000110465909048234/0001104659-09-048234-index.htm",
    "finalLink": "https://www.sec.gov/Archives/edgar/data/718877/000110465909048234/a09-14410_110q.htm"
}, {
    "date": "2009-03-31",
    "symbol": "ATVI",
    "fillingDate": "2009-05-08",
    "acceptedDate": "2009-05-08 16:18:13",
    "period": "Q1",
    "revenue": 981000000,
    "costOfRevenue": 484000000,
    "grossProfit": 497000000,
    "grossProfitRatio": 0.5066258919469928,
    "researchAndDevelopmentExpenses": 0,
    "generalAndAdministrativeExpenses": 103000000,
    "sellingAndMarketingExpenses": 83000000,
    "otherExpenses": 0,
    "operatingExpenses": 186000000,
    "costAndExpenses": 802000000,
    "interestExpense": 0,
    "depreciationAndAmortization": 69000000,
    "ebitda": 248000000,
    "ebitdaratio": 0.2528032619775739,
    "operatingIncome": 179000000,
    "operatingIncomeRatio": 0.18246687054026503,
    "totalOtherIncomeExpensesNet": 0,
    "incomeBeforeTax": 189000000,
    "incomeBeforeTaxRatio": 0.1926605504587156,
    "incomeTaxExpense": 0,
    "netIncome": 189000000,
    "netIncomeRatio": 0.1926605504587156,
    "eps": 0,
    "epsdiluted": 0,
    "weightedAverageShsOut": 0,
    "weightedAverageShsOutDil": 0,
    "link": "https://www.sec.gov/Archives/edgar/data/718877/000110465909031052/0001104659-09-031052-index.htm",
    "finalLink": "https://www.sec.gov/Archives/edgar/data/718877/000110465909031052/a09-11498_110q.htm"
}, {
    "date": "2008-12-31",
    "symbol": "ATVI",
    "fillingDate": "2009-02-27",
    "acceptedDate": "2009-02-27 17:17:43",
    "period": "FY",
    "revenue": 1639000000,
    "costOfRevenue": 1233000000,
    "grossProfit": 406000000,
    "grossProfitRatio": 0.24771201952410007,
    "researchAndDevelopmentExpenses": 0,
    "generalAndAdministrativeExpenses": 99000000,
    "sellingAndMarketingExpenses": 244000000,
    "otherExpenses": 0,
    "operatingExpenses": 343000000,
    "costAndExpenses": 1786000000,
    "interestExpense": 0,
    "depreciationAndAmortization": 241000000,
    "ebitda": 94000000,
    "ebitdaratio": 0.05735204392922514,
    "operatingIncome": -147000000,
    "operatingIncomeRatio": -0.0896888346552776,
    "totalOtherIncomeExpensesNet": 0,
    "incomeBeforeTax": -129000000,
    "incomeBeforeTaxRatio": -0.0787065283709579,
    "incomeTaxExpense": 22000000,
    "netIncome": -71000000,
    "netIncomeRatio": -0.043319097010372176,
    "eps": 0,
    "epsdiluted": 0,
    "weightedAverageShsOut": 816000000,
    "weightedAverageShsOutDil": 816000000,
    "link": "https://www.sec.gov/Archives/edgar/data/718877/000104746909002015/0001047469-09-002015-index.htm",
    "finalLink": "https://www.sec.gov/Archives/edgar/data/718877/000104746909002015/a2190811z10-k.htm"
}, {
    "date": "2008-09-30",
    "symbol": "ATVI",
    "fillingDate": "2008-11-10",
    "acceptedDate": "2008-11-10 17:28:20",
    "period": "Q3",
    "revenue": 1387000000,
    "costOfRevenue": 606000000,
    "grossProfit": 781000000,
    "grossProfitRatio": 0.5630857966834896,
    "researchAndDevelopmentExpenses": 0,
    "generalAndAdministrativeExpenses": 172000000,
    "sellingAndMarketingExpenses": 220000000,
    "otherExpenses": 0,
    "operatingExpenses": 392000000,
    "costAndExpenses": 1473000000,
    "interestExpense": 0,
    "depreciationAndAmortization": -6901000000,
    "ebitda": -6987000000,
    "ebitdaratio": -5.037490987743331,
    "operatingIncome": -86000000,
    "operatingIncomeRatio": -0.06200432588320115,
    "totalOtherIncomeExpensesNet": 0,
    "incomeBeforeTax": -58000000,
    "incomeBeforeTaxRatio": -0.0418168709444845,
    "incomeTaxExpense": -22000000,
    "netIncome": -36000000,
    "netIncomeRatio": -0.02595529920692141,
    "eps": -0.04,
    "epsdiluted": -0.04,
    "weightedAverageShsOut": 816000000,
    "weightedAverageShsOutDil": 816000000,
    "link": "https://www.sec.gov/Archives/edgar/data/718877/000110465908069837/0001104659-08-069837-index.htm",
    "finalLink": "https://www.sec.gov/Archives/edgar/data/718877/000110465908069837/a08-25885_110q.htm"
}, {
    "date": "2008-06-30",
    "symbol": "ATVI",
    "fillingDate": "2008-08-08",
    "acceptedDate": "2008-08-07 18:42:53",
    "period": "Q1",
    "revenue": 654203000,
    "costOfRevenue": 380174000,
    "grossProfit": 274029000,
    "grossProfitRatio": 0.41887456951435564,
    "researchAndDevelopmentExpenses": 0,
    "generalAndAdministrativeExpenses": 57360000,
    "sellingAndMarketingExpenses": 86494000,
    "otherExpenses": 0,
    "operatingExpenses": 143854000,
    "costAndExpenses": 574068000,
    "interestExpense": 0,
    "depreciationAndAmortization": 7045000,
    "ebitda": 87180000,
    "ebitdaratio": 0.13326138828467615,
    "operatingIncome": 80135000,
    "operatingIncomeRatio": 0.12249255964891631,
    "totalOtherIncomeExpensesNet": 0,
    "incomeBeforeTax": 91083000,
    "incomeBeforeTaxRatio": 0.1392274263493136,
    "incomeTaxExpense": 32068000,
    "netIncome": 59015000,
    "netIncomeRatio": 0.09020900240445244,
    "eps": 0.2,
    "epsdiluted": 0.2,
    "weightedAverageShsOut": 296323000,
    "weightedAverageShsOutDil": 296323000,
    "link": "https://www.sec.gov/Archives/edgar/data/718877/000110465908050976/0001104659-08-050976-index.htm",
    "finalLink": "https://www.sec.gov/Archives/edgar/data/718877/000110465908050976/a08-20932_110q.htm"
}, {
    "date": "2008-03-31",
    "symbol": "ATVI",
    "fillingDate": "2008-05-30",
    "acceptedDate": "2008-05-30 17:10:38",
    "period": "FY",
    "revenue": 602451000,
    "costOfRevenue": 350229000,
    "grossProfit": 252222000,
    "grossProfitRatio": 0.4186597748198609,
    "researchAndDevelopmentExpenses": 0,
    "generalAndAdministrativeExpenses": -144245000,
    "sellingAndMarketingExpenses": -240670000,
    "otherExpenses": 0,
    "operatingExpenses": -384915000,
    "costAndExpenses": -225169000,
    "interestExpense": 0,
    "depreciationAndAmortization": 8013000,
    "ebitda": 62546000,
    "ebitdaratio": 0.10381923177154656,
    "operatingIncome": 54533000,
    "operatingIncomeRatio": 0.09051856499532743,
    "totalOtherIncomeExpensesNet": 0,
    "incomeBeforeTax": 70075000,
    "incomeBeforeTaxRatio": 0.1163165137081688,
    "incomeTaxExpense": -160073000,
    "netIncome": 44163000,
    "netIncomeRatio": 0.07330554684115388,
    "eps": 1.19,
    "epsdiluted": 1.19,
    "weightedAverageShsOut": 288957000,
    "weightedAverageShsOutDil": 288957000,
    "link": "https://www.sec.gov/Archives/edgar/data/718877/000104746908007085/0001047469-08-007085-index.htm",
    "finalLink": "https://www.sec.gov/Archives/edgar/data/718877/000104746908007085/a2185924z10-k.htm"
}, {
    "date": "2007-12-31",
    "symbol": "ATVI",
    "fillingDate": "2008-02-11",
    "acceptedDate": "2008-02-11 15:31:20",
    "period": "Q3",
    "revenue": 1482484000,
    "costOfRevenue": 762290000,
    "grossProfit": 720194000,
    "grossProfitRatio": 0.4858022076460859,
    "researchAndDevelopmentExpenses": 0,
    "generalAndAdministrativeExpenses": 71069000,
    "sellingAndMarketingExpenses": 120090000,
    "otherExpenses": 0,
    "operatingExpenses": 191159000,
    "costAndExpenses": 1077950000,
    "interestExpense": 0,
    "depreciationAndAmortization": 10230000,
    "ebitda": 414764000,
    "ebitdaratio": 0.2797763753268163,
    "operatingIncome": 404534000,
    "operatingIncomeRatio": 0.27287579494955766,
    "totalOtherIncomeExpensesNet": 0,
    "incomeBeforeTax": 416552000,
    "incomeBeforeTaxRatio": 0.28098245916987974,
    "incomeTaxExpense": 144356000,
    "netIncome": 272196000,
    "netIncomeRatio": 0.18360805243092,
    "eps": 1.05,
    "epsdiluted": 1.05,
    "weightedAverageShsOut": 287439000,
    "weightedAverageShsOutDil": 287439000,
    "link": "https://www.sec.gov/Archives/edgar/data/718877/000110465908008944/0001104659-08-008944-index.htm",
    "finalLink": "https://www.sec.gov/Archives/edgar/data/718877/000110465908008944/a08-4932_110q.htm"
}, {
    "date": "2007-09-30",
    "symbol": "ATVI",
    "fillingDate": "2007-11-07",
    "acceptedDate": "2007-11-07 16:59:24",
    "period": "Q2",
    "revenue": 317746000,
    "costOfRevenue": 204956000,
    "grossProfit": 112790000,
    "grossProfitRatio": 0.3549690633399004,
    "researchAndDevelopmentExpenses": 0,
    "generalAndAdministrativeExpenses": 37382000,
    "sellingAndMarketingExpenses": 51868000,
    "otherExpenses": 0,
    "operatingExpenses": 89250000,
    "costAndExpenses": 327291000,
    "interestExpense": 0,
    "depreciationAndAmortization": 7155000,
    "ebitda": -2390000,
    "ebitdaratio": -0.007521731194098431,
    "operatingIncome": -9545000,
    "operatingIncomeRatio": -0.03003971725843913,
    "totalOtherIncomeExpensesNet": 0,
    "incomeBeforeTax": 2587000,
    "incomeBeforeTaxRatio": 0.008141723263235414,
    "incomeTaxExpense": 1889000,
    "netIncome": 698000,
    "netIncomeRatio": 0.0021967231688203785,
    "eps": 0.1,
    "epsdiluted": 0.1,
    "weightedAverageShsOut": 285450000,
    "weightedAverageShsOutDil": 285450000,
    "link": "https://www.sec.gov/Archives/edgar/data/718877/000110465907080748/0001104659-07-080748-index.htm",
    "finalLink": "https://www.sec.gov/Archives/edgar/data/718877/000110465907080748/a07-26061_110q.htm"
}, {
    "date": "2007-06-30",
    "symbol": "ATVI",
    "fillingDate": "2007-08-07",
    "acceptedDate": "2007-08-07 16:39:24",
    "period": "Q1",
    "revenue": 495455000,
    "costOfRevenue": 327960000,
    "grossProfit": 167495000,
    "grossProfitRatio": 0.33806299260275907,
    "researchAndDevelopmentExpenses": 0,
    "generalAndAdministrativeExpenses": 35794000,
    "sellingAndMarketingExpenses": 68712000,
    "otherExpenses": 0,
    "operatingExpenses": 104506000,
    "costAndExpenses": 465363000,
    "interestExpense": 0,
    "depreciationAndAmortization": 8730000,
    "ebitda": 38822000,
    "ebitdaratio": 0.07835625838875378,
    "operatingIncome": 30092000,
    "operatingIncomeRatio": 0.06073609106780636,
    "totalOtherIncomeExpensesNet": 0,
    "incomeBeforeTax": 41654000,
    "incomeBeforeTaxRatio": 0.08407221644750784,
    "incomeTaxExpense": 13828000,
    "netIncome": 27826000,
    "netIncomeRatio": 0.05616251728209424,
    "eps": 0.1,
    "epsdiluted": 0.1,
    "weightedAverageShsOut": 283563000,
    "weightedAverageShsOutDil": 283563000,
    "link": "https://www.sec.gov/Archives/edgar/data/718877/000110465907059722/0001104659-07-059722-index.htm",
    "finalLink": "https://www.sec.gov/Archives/edgar/data/718877/000110465907059722/a07-21150_110q.htm"
}, {
    "date": "2007-03-31",
    "symbol": "ATVI",
    "fillingDate": "2007-06-14",
    "acceptedDate": "2007-06-14 16:20:32",
    "period": "FY",
    "revenue": 1513012000,
    "costOfRevenue": 216007000,
    "grossProfit": 1297005000,
    "grossProfitRatio": 0.8572337826798465,
    "researchAndDevelopmentExpenses": 0,
    "generalAndAdministrativeExpenses": 40867000,
    "sellingAndMarketingExpenses": 40074000,
    "otherExpenses": 0,
    "operatingExpenses": 80941000,
    "costAndExpenses": 341626000,
    "interestExpense": 0,
    "depreciationAndAmortization": 19927000,
    "ebitda": -9187000,
    "ebitdaratio": -0.006071994141487311,
    "operatingIncome": -29114000,
    "operatingIncomeRatio": -0.01924241182488969,
    "totalOtherIncomeExpensesNet": 0,
    "incomeBeforeTax": -18467000,
    "incomeBeforeTaxRatio": -0.012205455079007966,
    "incomeTaxExpense": -4045000,
    "netIncome": -14422000,
    "netIncomeRatio": -0.009531979918202895,
    "eps": 0.31,
    "epsdiluted": 0.31,
    "weightedAverageShsOut": 281114000,
    "weightedAverageShsOutDil": 281114000,
    "link": "https://www.sec.gov/Archives/edgar/data/718877/000110465907047752/0001104659-07-047752-index.htm",
    "finalLink": "https://www.sec.gov/Archives/edgar/data/718877/000110465907047752/a07-15539_410k.htm"
}, {
    "date": "2006-12-31",
    "symbol": "ATVI",
    "fillingDate": "2007-06-07",
    "acceptedDate": "2007-06-07 06:06:06",
    "period": "Q3",
    "revenue": 0,
    "costOfRevenue": 762058000,
    "grossProfit": -762058000,
    "grossProfitRatio": 0,
    "researchAndDevelopmentExpenses": 0,
    "generalAndAdministrativeExpenses": 91647000,
    "sellingAndMarketingExpenses": 156139000,
    "otherExpenses": 0,
    "operatingExpenses": 247786000,
    "costAndExpenses": 1098239000,
    "interestExpense": 0,
    "depreciationAndAmortization": 1709000,
    "ebitda": 103970000,
    "ebitdaratio": 0,
    "operatingIncome": 102261000,
    "operatingIncomeRatio": 0,
    "totalOtherIncomeExpensesNet": 0,
    "incomeBeforeTax": 128292000,
    "incomeBeforeTaxRatio": 0,
    "incomeTaxExpense": 28083000,
    "netIncome": 100209000,
    "netIncomeRatio": 0,
    "eps": 0.36,
    "epsdiluted": 0.36,
    "weightedAverageShsOut": 280499000,
    "weightedAverageShsOutDil": 280499000,
    "link": "https://www.sec.gov/Archives/edgar/data/718877/000110465907045948/0001104659-07-045948-index.htm",
    "finalLink": "https://www.sec.gov/Archives/edgar/data/718877/000110465907045948/a07-16061_310q.htm"
}, {
    "date": "2006-09-30",
    "symbol": "ATVI",
    "fillingDate": "2007-06-07",
    "acceptedDate": "2007-06-07 06:03:05",
    "period": "Q2",
    "revenue": 188172000,
    "costOfRevenue": 141089000,
    "grossProfit": 47083000,
    "grossProfitRatio": 0.2502125714771592,
    "researchAndDevelopmentExpenses": 0,
    "generalAndAdministrativeExpenses": 26810000,
    "sellingAndMarketingExpenses": 32535000,
    "otherExpenses": 0,
    "operatingExpenses": 59345000,
    "costAndExpenses": 226245000,
    "interestExpense": 0,
    "depreciationAndAmortization": 4098000,
    "ebitda": -25943000,
    "ebitdaratio": -0.13786854579852476,
    "operatingIncome": -30041000,
    "operatingIncomeRatio": -0.15964649363348427,
    "totalOtherIncomeExpensesNet": 0,
    "incomeBeforeTax": -30041000,
    "incomeBeforeTaxRatio": -0.15964649363348427,
    "incomeTaxExpense": 0,
    "netIncome": -24785000,
    "netIncomeRatio": -0.13171460153476605,
    "eps": -0.15,
    "epsdiluted": -0.15,
    "weightedAverageShsOut": 279487000,
    "weightedAverageShsOutDil": 279487000,
    "link": "https://www.sec.gov/Archives/edgar/data/718877/000110465907045944/0001104659-07-045944-index.htm",
    "finalLink": "https://www.sec.gov/Archives/edgar/data/718877/000110465907045944/a07-16061_210q.htm"
}, {
    "date": "2006-06-30",
    "symbol": "ATVI",
    "fillingDate": "2006-08-08",
    "acceptedDate": "2006-08-08 16:24:43",
    "period": "Q1",
    "revenue": 188069000,
    "costOfRevenue": 137789000,
    "grossProfit": 50280000,
    "grossProfitRatio": 0.2673486858546597,
    "researchAndDevelopmentExpenses": 0,
    "generalAndAdministrativeExpenses": 21450000,
    "sellingAndMarketingExpenses": 36194000,
    "otherExpenses": 0,
    "operatingExpenses": 57644000,
    "costAndExpenses": 220855000,
    "interestExpense": 0,
    "depreciationAndAmortization": 4421000,
    "ebitda": -20090000,
    "ebitdaratio": -0.10682249599880894,
    "operatingIncome": -24511000,
    "operatingIncomeRatio": -0.13032982575544083,
    "totalOtherIncomeExpensesNet": 0,
    "incomeBeforeTax": -24511000,
    "incomeBeforeTaxRatio": -0.13032982575544083,
    "incomeTaxExpense": 0,
    "netIncome": -17826000,
    "netIncomeRatio": -0.09478436105897303,
    "eps": -0.06,
    "epsdiluted": -0.06,
    "weightedAverageShsOut": 278335000,
    "weightedAverageShsOutDil": 278335000,
    "link": "https://www.sec.gov/Archives/edgar/data/718877/000110465906052524/0001104659-06-052524-index.htm",
    "finalLink": "https://www.sec.gov/Archives/edgar/data/718877/000110465906052524/a06-16940_110q.htm"
}, {
    "date": "2006-03-31",
    "symbol": "ATVI",
    "fillingDate": "2006-06-09",
    "acceptedDate": "2006-06-09 16:21:24",
    "period": "FY",
    "revenue": 188125000,
    "costOfRevenue": 128309000,
    "grossProfit": 59816000,
    "grossProfitRatio": 0.31795880398671095,
    "researchAndDevelopmentExpenses": 0,
    "generalAndAdministrativeExpenses": 28899000,
    "sellingAndMarketingExpenses": 24263000,
    "otherExpenses": 0,
    "operatingExpenses": 53162000,
    "costAndExpenses": 214240000,
    "interestExpense": 0,
    "depreciationAndAmortization": 4406000,
    "ebitda": -21709000,
    "ebitdaratio": -0.11539667774086379,
    "operatingIncome": -26115000,
    "operatingIncomeRatio": -0.1388172757475083,
    "totalOtherIncomeExpensesNet": 0,
    "incomeBeforeTax": -18325000,
    "incomeBeforeTaxRatio": -0.09740863787375416,
    "incomeTaxExpense": -9106000,
    "netIncome": -9219000,
    "netIncomeRatio": -0.0490046511627907,
    "eps": 0.15,
    "epsdiluted": 0.15,
    "weightedAverageShsOut": 273177000,
    "weightedAverageShsOutDil": 273177000,
    "link": "https://www.sec.gov/Archives/edgar/data/718877/000110465906040913/0001104659-06-040913-index.htm",
    "finalLink": "https://www.sec.gov/Archives/edgar/data/718877/000110465906040913/a06-9724_110k.htm"
}, {
    "date": "2005-12-31",
    "symbol": "ATVI",
    "fillingDate": "2006-02-08",
    "acceptedDate": "2006-02-08 15:06:51",
    "period": "Q3",
    "revenue": 816242000,
    "costOfRevenue": 498325000,
    "grossProfit": 317917000,
    "grossProfitRatio": 0.3894886565503858,
    "researchAndDevelopmentExpenses": 0,
    "generalAndAdministrativeExpenses": 24712000,
    "sellingAndMarketingExpenses": 155999000,
    "otherExpenses": 0,
    "operatingExpenses": 180711000,
    "costAndExpenses": 732175000,
    "interestExpense": 0,
    "depreciationAndAmortization": 3635000,
    "ebitda": 87702000,
    "ebitdaratio": 0.10744607604117407,
    "operatingIncome": 84067000,
    "operatingIncomeRatio": 0.10299273989821646,
    "totalOtherIncomeExpensesNet": 0,
    "incomeBeforeTax": 93229000,
    "incomeBeforeTaxRatio": 0.11421735220682101,
    "incomeTaxExpense": 25284000,
    "netIncome": 67945000,
    "netIncomeRatio": 0.08324124463088153,
    "eps": 0.19,
    "epsdiluted": 0.19,
    "weightedAverageShsOut": 272089000,
    "weightedAverageShsOutDil": 272089000,
    "link": "https://www.sec.gov/Archives/edgar/data/718877/000110465906006951/0001104659-06-006951-index.htm",
    "finalLink": "https://www.sec.gov/Archives/edgar/data/718877/000110465906006951/a06-4415_110q.htm"
}, {
    "date": "2005-09-30",
    "symbol": "ATVI",
    "fillingDate": "2005-11-03",
    "acceptedDate": "2005-11-03 16:04:00",
    "period": "Q2",
    "revenue": 222540000,
    "costOfRevenue": 141458000,
    "grossProfit": 81082000,
    "grossProfitRatio": 0.3643479823851892,
    "researchAndDevelopmentExpenses": 0,
    "generalAndAdministrativeExpenses": 22917000,
    "sellingAndMarketingExpenses": 56640000,
    "otherExpenses": 0,
    "operatingExpenses": 79557000,
    "costAndExpenses": 249087000,
    "interestExpense": 0,
    "depreciationAndAmortization": 3432000,
    "ebitda": -23115000,
    "ebitdaratio": -0.10386896737665138,
    "operatingIncome": -26547000,
    "operatingIncomeRatio": -0.11929091399299002,
    "totalOtherIncomeExpensesNet": 0,
    "incomeBeforeTax": -20217000,
    "incomeBeforeTaxRatio": -0.09084658937719062,
    "incomeTaxExpense": -6975000,
    "netIncome": -13242000,
    "netIncomeRatio": -0.05950390940954435,
    "eps": -0.06,
    "epsdiluted": -0.06,
    "weightedAverageShsOut": 270643000,
    "weightedAverageShsOutDil": 270643000,
    "link": "https://www.sec.gov/Archives/edgar/data/718877/000110465905052329/0001104659-05-052329-index.htm",
    "finalLink": "https://www.sec.gov/Archives/edgar/data/718877/000110465905052329/a05-18513_110q.htm"
}, {
    "date": "2005-06-30",
    "symbol": "ATVI",
    "fillingDate": "2005-08-04",
    "acceptedDate": "2005-08-04 15:43:57",
    "period": "Q1",
    "revenue": 241093000,
    "costOfRevenue": 172270000,
    "grossProfit": 68823000,
    "grossProfitRatio": 0.2854624563964943,
    "researchAndDevelopmentExpenses": 0,
    "generalAndAdministrativeExpenses": 18151000,
    "sellingAndMarketingExpenses": 46318000,
    "otherExpenses": 0,
    "operatingExpenses": 64469000,
    "costAndExpenses": 254541000,
    "interestExpense": 0,
    "depreciationAndAmortization": 3161000,
    "ebitda": -10287000,
    "ebitdaratio": -0.0426681819878636,
    "operatingIncome": -13448000,
    "operatingIncomeRatio": -0.055779305081441605,
    "totalOtherIncomeExpensesNet": 0,
    "incomeBeforeTax": -6100000,
    "incomeBeforeTaxRatio": -0.025301439693396325,
    "incomeTaxExpense": -2515000,
    "netIncome": -3585000,
    "netIncomeRatio": -0.014869780541118987,
    "eps": -0.02,
    "epsdiluted": -0.02,
    "weightedAverageShsOut": 179250000,
    "weightedAverageShsOutDil": 179250000,
    "link": "https://www.sec.gov/Archives/edgar/data/718877/000110465905036463/0001104659-05-036463-index.htm",
    "finalLink": "https://www.sec.gov/Archives/edgar/data/718877/000110465905036463/a05-14151_110q.htm"
}, {
    "date": "2005-03-31",
    "symbol": "ATVI",
    "fillingDate": "2005-06-09",
    "acceptedDate": "2005-06-09 15:38:36",
    "period": "FY",
    "revenue": 1405857000,
    "costOfRevenue": 141544000,
    "grossProfit": 1264313000,
    "grossProfitRatio": 0.8993183517242508,
    "researchAndDevelopmentExpenses": 0,
    "generalAndAdministrativeExpenses": 14885000,
    "sellingAndMarketingExpenses": 230058000,
    "otherExpenses": 0,
    "operatingExpenses": 244943000,
    "costAndExpenses": 206760000,
    "interestExpense": 0,
    "depreciationAndAmortization": 2960000,
    "ebitda": 61000,
    "ebitdaratio": 4.338990380956242e-05,
    "operatingIncome": -2899000,
    "operatingIncomeRatio": -0.002062087395801991,
    "totalOtherIncomeExpensesNet": 0,
    "incomeBeforeTax": 2239000,
    "incomeBeforeTaxRatio": 0.0015926228627804963,
    "incomeTaxExpense": -1334000,
    "netIncome": 3573000,
    "netIncomeRatio": 0.00254151026740273,
    "eps": 0.74,
    "epsdiluted": 0.74,
    "weightedAverageShsOut": 187517000,
    "weightedAverageShsOutDil": 187517000,
    "link": "https://www.sec.gov/Archives/edgar/data/718877/000110465905027535/0001104659-05-027535-index.htm",
    "finalLink": "https://www.sec.gov/Archives/edgar/data/718877/000110465905027535/a05-8078_110k.htm"
}, {
    "date": "2004-12-31",
    "symbol": "ATVI",
    "fillingDate": "2005-02-08",
    "acceptedDate": "2005-02-08 06:06:30",
    "period": "Q3",
    "revenue": 0,
    "costOfRevenue": 703402000,
    "grossProfit": -703402000,
    "grossProfitRatio": 0,
    "researchAndDevelopmentExpenses": 0,
    "generalAndAdministrativeExpenses": 44854000,
    "sellingAndMarketingExpenses": 0,
    "otherExpenses": 0,
    "operatingExpenses": 44854000,
    "costAndExpenses": 1014526000,
    "interestExpense": 0,
    "depreciationAndAmortization": 2610000,
    "ebitda": 190080000,
    "ebitdaratio": 0,
    "operatingIncome": 187470000,
    "operatingIncomeRatio": 0,
    "totalOtherIncomeExpensesNet": 0,
    "incomeBeforeTax": 195424000,
    "incomeBeforeTaxRatio": 0,
    "incomeTaxExpense": 60662000,
    "netIncome": 134762000,
    "netIncomeRatio": 0,
    "eps": 0.97,
    "epsdiluted": 0.97,
    "weightedAverageShsOut": 138700000,
    "weightedAverageShsOutDil": 138700000,
    "link": "https://www.sec.gov/Archives/edgar/data/718877/000110465905004430/0001104659-05-004430-index.htm",
    "finalLink": "https://www.sec.gov/Archives/edgar/data/718877/000110465905004430/a05-2750_110q.htm"
}, {
    "date": "2004-09-30",
    "symbol": "ATVI",
    "fillingDate": "2004-11-05",
    "acceptedDate": "2004-11-05 17:19:49",
    "period": "Q2",
    "revenue": 310626000,
    "costOfRevenue": 187091000,
    "grossProfit": 123535000,
    "grossProfitRatio": 0.39769690882282877,
    "researchAndDevelopmentExpenses": 0,
    "generalAndAdministrativeExpenses": 15762000,
    "sellingAndMarketingExpenses": 53234000,
    "otherExpenses": 0,
    "operatingExpenses": 68996000,
    "costAndExpenses": 275968000,
    "interestExpense": 0,
    "depreciationAndAmortization": 2553000,
    "ebitda": 37211000,
    "ebitdaratio": 0.11979357812932594,
    "operatingIncome": 34658000,
    "operatingIncomeRatio": 0.11157469110763427,
    "totalOtherIncomeExpensesNet": 0,
    "incomeBeforeTax": 37303000,
    "incomeBeforeTaxRatio": 0.12008975423821573,
    "incomeTaxExpense": 11760000,
    "netIncome": 25543000,
    "netIncomeRatio": 0.08223072118882514,
    "eps": 0.27,
    "epsdiluted": 0.27,
    "weightedAverageShsOut": 138137000,
    "weightedAverageShsOutDil": 138137000,
    "link": "https://www.sec.gov/Archives/edgar/data/718877/000110465904033971/0001104659-04-033971-index.htm",
    "finalLink": "https://www.sec.gov/Archives/edgar/data/718877/000110465904033971/a04-12882_110q.htm"
}, {
    "date": "2004-06-30",
    "symbol": "ATVI",
    "fillingDate": "2004-08-03",
    "acceptedDate": "2004-08-03 17:15:18",
    "period": "Q1",
    "revenue": 211276000,
    "costOfRevenue": 119019000,
    "grossProfit": 92257000,
    "grossProfitRatio": 0.43666578314621635,
    "researchAndDevelopmentExpenses": 0,
    "generalAndAdministrativeExpenses": 13685000,
    "sellingAndMarketingExpenses": 41734000,
    "otherExpenses": 0,
    "operatingExpenses": 55419000,
    "costAndExpenses": 195543000,
    "interestExpense": 0,
    "depreciationAndAmortization": 2579000,
    "ebitda": 18312000,
    "ebitdaratio": 0.08667335617864784,
    "operatingIncome": 15733000,
    "operatingIncomeRatio": 0.07446657452810541,
    "totalOtherIncomeExpensesNet": 0,
    "incomeBeforeTax": 17845000,
    "incomeBeforeTaxRatio": 0.08446297733770045,
    "incomeTaxExpense": 5888000,
    "netIncome": 11957000,
    "netIncomeRatio": 0.05659421798973854,
    "eps": 0.09,
    "epsdiluted": 0.09,
    "weightedAverageShsOut": 137765000,
    "weightedAverageShsOutDil": 137765000,
    "link": "https://www.sec.gov/Archives/edgar/data/718877/000110465904022041/0001104659-04-022041-index.htm",
    "finalLink": "https://www.sec.gov/Archives/edgar/data/718877/000110465904022041/a04-8701_110q.htm"
}, {
    "date": "2004-03-31",
    "symbol": "ATVI",
    "fillingDate": "2004-06-10",
    "acceptedDate": "2004-06-10 16:43:37",
    "period": "FY",
    "revenue": 162897000,
    "costOfRevenue": 105262000,
    "grossProfit": 57635000,
    "grossProfitRatio": 0.35381253184527645,
    "researchAndDevelopmentExpenses": 0,
    "generalAndAdministrativeExpenses": 8765000,
    "sellingAndMarketingExpenses": 26196000,
    "otherExpenses": 0,
    "operatingExpenses": 34961000,
    "costAndExpenses": 158254000,
    "interestExpense": 0,
    "depreciationAndAmortization": 3063000,
    "ebitda": 7706000,
    "ebitdaratio": 0.04730596634683266,
    "operatingIncome": 4643000,
    "operatingIncomeRatio": 0.028502673468510778,
    "totalOtherIncomeExpensesNet": 0,
    "incomeBeforeTax": 6693000,
    "incomeBeforeTaxRatio": 0.041087312841857127,
    "incomeTaxExpense": 29000,
    "netIncome": 6664000,
    "netIncomeRatio": 0.04090928623608783,
    "eps": 0.58,
    "epsdiluted": 0.58,
    "weightedAverageShsOut": 133249000,
    "weightedAverageShsOutDil": 133249000,
    "link": "https://www.sec.gov/Archives/edgar/data/718877/000110465904016641/0001104659-04-016641-index.htm",
    "finalLink": "https://www.sec.gov/Archives/edgar/data/718877/000110465904016641/a04-6777_110k.htm"
}, {
    "date": "2003-12-31",
    "symbol": "ATVI",
    "fillingDate": "2004-02-12",
    "acceptedDate": "2004-02-12 17:02:28",
    "period": "Q3",
    "revenue": 508511000,
    "costOfRevenue": 268445000,
    "grossProfit": 240066000,
    "grossProfitRatio": 0.47209598219114235,
    "researchAndDevelopmentExpenses": 0,
    "generalAndAdministrativeExpenses": 14248000,
    "sellingAndMarketingExpenses": 58503000,
    "otherExpenses": 0,
    "operatingExpenses": 72751000,
    "costAndExpenses": 391550000,
    "interestExpense": 0,
    "depreciationAndAmortization": 2822000,
    "ebitda": 119783000,
    "ebitdaratio": 0.23555635964610402,
    "operatingIncome": 116961000,
    "operatingIncomeRatio": 0.2300068238445186,
    "totalOtherIncomeExpensesNet": 0,
    "incomeBeforeTax": 118425000,
    "incomeBeforeTaxRatio": 0.23288581761259836,
    "incomeTaxExpense": 41444000,
    "netIncome": 76981000,
    "netIncomeRatio": 0.1513851224457288,
    "eps": 0.8,
    "epsdiluted": 0.8,
    "weightedAverageShsOut": 88325000,
    "weightedAverageShsOutDil": 88325000,
    "link": "https://www.sec.gov/Archives/edgar/data/718877/000110465904003937/0001104659-04-003937-index.htm",
    "finalLink": "https://www.sec.gov/Archives/edgar/data/718877/000110465904003937/a04-2044_110q.htm"
}, {
    "date": "2003-09-30",
    "symbol": "ATVI",
    "fillingDate": "2003-11-14",
    "acceptedDate": "2003-11-13 19:06:35",
    "period": "Q2",
    "revenue": 117523000,
    "costOfRevenue": 91189000,
    "grossProfit": 26334000,
    "grossProfitRatio": 0.22407528739055335,
    "researchAndDevelopmentExpenses": 0,
    "generalAndAdministrativeExpenses": 10136000,
    "sellingAndMarketingExpenses": 17237000,
    "otherExpenses": 0,
    "operatingExpenses": 27373000,
    "costAndExpenses": 134456000,
    "interestExpense": 0,
    "depreciationAndAmortization": 2638000,
    "ebitda": -14295000,
    "ebitdaratio": -0.12163576491410193,
    "operatingIncome": -16933000,
    "operatingIncomeRatio": -0.14408243492763118,
    "totalOtherIncomeExpensesNet": 0,
    "incomeBeforeTax": -15529000,
    "incomeBeforeTaxRatio": -0.13213583724036998,
    "incomeTaxExpense": -5436000,
    "netIncome": -10093000,
    "netIncomeRatio": -0.08588106157943551,
    "eps": -0.07,
    "epsdiluted": -0.07,
    "weightedAverageShsOut": 88105000,
    "weightedAverageShsOutDil": 88105000,
    "link": "https://www.sec.gov/Archives/edgar/data/718877/000110465903026298/0001104659-03-026298-index.htm",
    "finalLink": "https://www.sec.gov/Archives/edgar/data/718877/000110465903026298/a03-5494_110q.htm"
}, {
    "date": "2003-06-30",
    "symbol": "ATVI",
    "fillingDate": "2003-08-04",
    "acceptedDate": "2003-08-04 15:28:57",
    "period": "Q1",
    "revenue": 158725000,
    "costOfRevenue": 102251000,
    "grossProfit": 56474000,
    "grossProfitRatio": 0.3557977634273114,
    "researchAndDevelopmentExpenses": 0,
    "generalAndAdministrativeExpenses": 11463000,
    "sellingAndMarketingExpenses": 26285000,
    "otherExpenses": 0,
    "operatingExpenses": 37748000,
    "costAndExpenses": 153579000,
    "interestExpense": 0,
    "depreciationAndAmortization": 2251000,
    "ebitda": 7397000,
    "ebitdaratio": 0.046602614584974014,
    "operatingIncome": 5146000,
    "operatingIncomeRatio": 0.03242085367774453,
    "totalOtherIncomeExpensesNet": 0,
    "incomeBeforeTax": 6403000,
    "incomeBeforeTaxRatio": 0.04034021105685935,
    "incomeTaxExpense": 2240000,
    "netIncome": 4163000,
    "netIncomeRatio": 0.026227752401953065,
    "eps": 0.05,
    "epsdiluted": 0.05,
    "weightedAverageShsOut": 88046000,
    "weightedAverageShsOutDil": 88046000,
    "link": "https://www.sec.gov/Archives/edgar/data/718877/000110465903016538/0001104659-03-016538-index.htm",
    "finalLink": "https://www.sec.gov/Archives/edgar/data/718877/000110465903016538/a03-1770_110q.htm"
}, {
    "date": "2003-03-31",
    "symbol": "ATVI",
    "fillingDate": "2003-06-19",
    "acceptedDate": "2003-06-19 17:08:55",
    "period": "FY",
    "revenue": 485431000,
    "costOfRevenue": 311871000,
    "grossProfit": 173560000,
    "grossProfitRatio": 0.3575379405105978,
    "researchAndDevelopmentExpenses": 0,
    "generalAndAdministrativeExpenses": 35490000,
    "sellingAndMarketingExpenses": 66771000,
    "otherExpenses": 0,
    "operatingExpenses": 102261000,
    "costAndExpenses": 457345000,
    "interestExpense": 0,
    "depreciationAndAmortization": 5054000,
    "ebitda": 33140000,
    "ebitdaratio": 0.0682692287884375,
    "operatingIncome": 28086000,
    "operatingIncomeRatio": 0.05785786239444947,
    "totalOtherIncomeExpensesNet": 0,
    "incomeBeforeTax": 34113000,
    "incomeBeforeTaxRatio": 0.0702736331219061,
    "incomeTaxExpense": 12280000,
    "netIncome": 21833000,
    "netIncomeRatio": 0.044976526015025824,
    "eps": 0.69,
    "epsdiluted": 0.69,
    "weightedAverageShsOut": 96239000,
    "weightedAverageShsOutDil": 96239000,
    "link": "https://www.sec.gov/Archives/edgar/data/718877/000110465903012724/0001104659-03-012724-index.htm",
    "finalLink": "https://www.sec.gov/Archives/edgar/data/718877/000110465903012724/j2068_10k.htm"
}, {
    "date": "2002-12-31",
    "symbol": "ATVI",
    "fillingDate": "2003-01-31",
    "acceptedDate": "2003-01-31 16:13:38",
    "period": "Q3",
    "revenue": 209513000,
    "costOfRevenue": 149325000,
    "grossProfit": 60188000,
    "grossProfitRatio": 0.28727572990697475,
    "researchAndDevelopmentExpenses": 0,
    "generalAndAdministrativeExpenses": -837000,
    "sellingAndMarketingExpenses": 5099000,
    "otherExpenses": 0,
    "operatingExpenses": 4262000,
    "costAndExpenses": 154086000,
    "interestExpense": 0,
    "depreciationAndAmortization": 2281000,
    "ebitda": 57708000,
    "ebitdaratio": 0.27543875559034525,
    "operatingIncome": 55427000,
    "operatingIncomeRatio": 0.26455160300315494,
    "totalOtherIncomeExpensesNet": 0,
    "incomeBeforeTax": 55095000,
    "incomeBeforeTaxRatio": 0.26296697579625133,
    "incomeTaxExpense": 19834000,
    "netIncome": 35261000,
    "netIncomeRatio": 0.16829981910430378,
    "eps": 0.66,
    "epsdiluted": 0.66,
    "weightedAverageShsOut": 66806000,
    "weightedAverageShsOutDil": 66806000,
    "link": "https://www.sec.gov/Archives/edgar/data/718877/000104746903003530/0001047469-03-003530-index.htm",
    "finalLink": "https://www.sec.gov/Archives/edgar/data/718877/000104746903003530/a2101265z10-q.htm"
}, {
    "date": "2002-09-30",
    "symbol": "ATVI",
    "fillingDate": "2002-11-01",
    "acceptedDate": "2002-11-01 16:56:49",
    "period": "Q2",
    "revenue": 169172000,
    "costOfRevenue": 103977000,
    "grossProfit": 65195000,
    "grossProfitRatio": 0.3853770127444258,
    "researchAndDevelopmentExpenses": 0,
    "generalAndAdministrativeExpenses": 11826000,
    "sellingAndMarketingExpenses": 28776000,
    "otherExpenses": 0,
    "operatingExpenses": 40602000,
    "costAndExpenses": 157838000,
    "interestExpense": 0,
    "depreciationAndAmortization": 2377000,
    "ebitda": 13711000,
    "ebitdaratio": 0.08104769110727543,
    "operatingIncome": 11334000,
    "operatingIncomeRatio": 0.06699690256070745,
    "totalOtherIncomeExpensesNet": 0,
    "incomeBeforeTax": 14199000,
    "incomeBeforeTaxRatio": 0.08393232922705886,
    "incomeTaxExpense": 5113000,
    "netIncome": 9086000,
    "netIncomeRatio": 0.05370865154990188,
    "eps": 0.14,
    "epsdiluted": 0.14,
    "weightedAverageShsOut": 66781000,
    "weightedAverageShsOutDil": 66781000,
    "link": "https://www.sec.gov/Archives/edgar/data/718877/000091205702040667/0000912057-02-040667-index.htm",
    "finalLink": "https://www.sec.gov/Archives/edgar/data/718877/000091205702040667/a2092440z10-q.htm"
}, {
    "date": "2002-06-30",
    "symbol": "ATVI",
    "fillingDate": "2002-08-14",
    "acceptedDate": "2002-08-14 13:49:11",
    "period": "Q1",
    "revenue": 191258000,
    "costOfRevenue": 111825000,
    "grossProfit": 79433000,
    "grossProfitRatio": 0.41531857490928487,
    "researchAndDevelopmentExpenses": 0,
    "generalAndAdministrativeExpenses": 14493000,
    "sellingAndMarketingExpenses": 21993000,
    "otherExpenses": 0,
    "operatingExpenses": 36486000,
    "costAndExpenses": 160062000,
    "interestExpense": 0,
    "depreciationAndAmortization": 2168000,
    "ebitda": 33364000,
    "ebitdaratio": 0.17444499053634357,
    "operatingIncome": 31196000,
    "operatingIncomeRatio": 0.1631095169875247,
    "totalOtherIncomeExpensesNet": 0,
    "incomeBeforeTax": 32352000,
    "incomeBeforeTaxRatio": 0.16915370860303883,
    "incomeTaxExpense": 11648000,
    "netIncome": 20704000,
    "netIncomeRatio": 0.10825168097543632,
    "eps": 0.34,
    "epsdiluted": 0.34,
    "weightedAverageShsOut": 60039000,
    "weightedAverageShsOutDil": 60039000,
    "link": "https://www.sec.gov/Archives/edgar/data/718877/000091205702031935/0000912057-02-031935-index.htm",
    "finalLink": "https://www.sec.gov/Archives/edgar/data/718877/000091205702031935/a2086837z10-q.htm"
}, {
    "date": "2002-03-31",
    "symbol": "ATVI",
    "fillingDate": "2002-06-28",
    "acceptedDate": "2002-06-28 15:21:13",
    "period": "FY",
    "revenue": 415093000,
    "costOfRevenue": 281087000,
    "grossProfit": 134006000,
    "grossProfitRatio": 0.3228336782359616,
    "researchAndDevelopmentExpenses": 0,
    "generalAndAdministrativeExpenses": -13165000,
    "sellingAndMarketingExpenses": -31883000,
    "otherExpenses": 0,
    "operatingExpenses": -45048000,
    "costAndExpenses": 225191000,
    "interestExpense": 271000,
    "depreciationAndAmortization": 1981000,
    "ebitda": 20754000,
    "ebitdaratio": 0.049998434085855456,
    "operatingIncome": 18773000,
    "operatingIncomeRatio": 0.04522600959303096,
    "totalOtherIncomeExpensesNet": 0,
    "incomeBeforeTax": 21048000,
    "incomeBeforeTaxRatio": 0.05070670909892482,
    "incomeTaxExpense": -22962000,
    "netIncome": 13128000,
    "netIncomeRatio": 0.03162664752236246,
    "eps": 1.03,
    "epsdiluted": 1.03,
    "weightedAverageShsOut": 50651000,
    "weightedAverageShsOutDil": 50651000,
    "link": "https://www.sec.gov/Archives/edgar/data/718877/000091205702025821/0000912057-02-025821-index.htm",
    "finalLink": "https://www.sec.gov/Archives/edgar/data/718877/000091205702025821/a2083006z10-k.htm"
}, {
    "date": "2001-12-31",
    "symbol": "ATVI",
    "fillingDate": "2002-02-13",
    "acceptedDate": "2002-02-13 00:00:00",
    "period": "Q3",
    "revenue": 231737000,
    "costOfRevenue": 152322000,
    "grossProfit": 79415000,
    "grossProfitRatio": 0.34269452008095386,
    "researchAndDevelopmentExpenses": 0,
    "generalAndAdministrativeExpenses": 3472000,
    "sellingAndMarketingExpenses": 15458000,
    "otherExpenses": 0,
    "operatingExpenses": 18930000,
    "costAndExpenses": 173080000,
    "interestExpense": 101000,
    "depreciationAndAmortization": 1557000,
    "ebitda": 60214000,
    "ebitdaratio": 0.2598376607965064,
    "operatingIncome": 58657000,
    "operatingIncomeRatio": 0.25311883730263185,
    "totalOtherIncomeExpensesNet": 0,
    "incomeBeforeTax": 58556000,
    "incomeBeforeTaxRatio": 0.2526829983990472,
    "incomeTaxExpense": 21661000,
    "netIncome": 36895000,
    "netIncomeRatio": 0.15921065690847813,
    "eps": 0.75,
    "epsdiluted": 0.75,
    "weightedAverageShsOut": 52359000,
    "weightedAverageShsOutDil": 52359000,
    "link": "https://www.sec.gov/Archives/edgar/data/718877/000091205702005614/0000912057-02-005614-index.htm",
    "finalLink": "https://www.sec.gov/Archives/edgar/data/718877/000091205702005614/a2070146z10-q.htm"
}, {
    "date": "2001-09-30",
    "symbol": "ATVI",
    "fillingDate": "2001-11-13",
    "acceptedDate": "2001-11-13 00:00:00",
    "period": "Q2",
    "revenue": 29027000,
    "costOfRevenue": 27202000,
    "grossProfit": 1825000,
    "grossProfitRatio": 0.06287249801908568,
    "researchAndDevelopmentExpenses": 0,
    "generalAndAdministrativeExpenses": -52000,
    "sellingAndMarketingExpenses": -2331000,
    "otherExpenses": 0,
    "operatingExpenses": -2383000,
    "costAndExpenses": 24648000,
    "interestExpense": 909000,
    "depreciationAndAmortization": 1382000,
    "ebitda": 5761000,
    "ebitdaratio": 0.1984703896372343,
    "operatingIncome": 4379000,
    "operatingIncomeRatio": 0.15085954456195955,
    "totalOtherIncomeExpensesNet": 0,
    "incomeBeforeTax": 3470000,
    "incomeBeforeTaxRatio": 0.11954387294587798,
    "incomeTaxExpense": 1284000,
    "netIncome": 2186000,
    "netIncomeRatio": 0.07530919488751851,
    "eps": 0.07,
    "epsdiluted": 0.07,
    "weightedAverageShsOut": 33241000,
    "weightedAverageShsOutDil": 33241000,
    "link": "https://www.sec.gov/Archives/edgar/data/718877/000091205701538780/0000912057-01-538780-index.htm",
    "finalLink": "https://www.sec.gov/Archives/edgar/data/718877/000091205701538780/a2063255z10-q.htm"
}, {
    "date": "2001-06-30",
    "symbol": "ATVI",
    "fillingDate": "2001-08-14",
    "acceptedDate": "2001-08-14 00:00:00",
    "period": "Q1",
    "revenue": 110577000,
    "costOfRevenue": 74120000,
    "grossProfit": 36457000,
    "grossProfitRatio": 0.32969785760149034,
    "researchAndDevelopmentExpenses": 0,
    "generalAndAdministrativeExpenses": 9745000,
    "sellingAndMarketingExpenses": 18756000,
    "otherExpenses": 0,
    "operatingExpenses": 28501000,
    "costAndExpenses": 111812000,
    "interestExpense": -1281000,
    "depreciationAndAmortization": 1297000,
    "ebitda": 62000,
    "ebitdaratio": 0.000560695262125035,
    "operatingIncome": -1235000,
    "operatingIncomeRatio": -0.011168687882651908,
    "totalOtherIncomeExpensesNet": 0,
    "incomeBeforeTax": 46000,
    "incomeBeforeTaxRatio": 0.000415999710608897,
    "incomeTaxExpense": 17000,
    "netIncome": 29000,
    "netIncomeRatio": 0.00026226068712300026,
    "eps": 0.9632311422592752,
    "epsdiluted": 0.9632311422592752,
    "weightedAverageShsOut": 30107,
    "weightedAverageShsOutDil": 30107,
    "link": "https://www.sec.gov/Archives/edgar/data/718877/000091205701528712/0000912057-01-528712-index.htm",
    "finalLink": "https://www.sec.gov/Archives/edgar/data/718877/000091205701528712/a2056759z10-q.htm"
}]