[{"date": "2020-04-25", "symbol": "CSCO", "fillingDate": "2020-05-18", "acceptedDate": "2020-05-18 16:41:31", "period": "Q3", "revenue": 11983000000, "costOfRevenue": 4212000000, "grossProfit": 7771000000, "grossProfitRatio": 0.6485020445631311, "researchAndDevelopmentExpenses": 1546000000, "generalAndAdministrativeExpenses": 457000000, "sellingAndMarketingExpenses": 2192000000, "otherExpenses": 162000000, "operatingExpenses": 4357000000, "costAndExpenses": 8569000000, "interestExpense": 130000000, "depreciationAndAmortization": 446000000, "ebitda": 3860000000, "ebitdaratio": 0.3221230075940916, "operatingIncome": 3414000000, "operatingIncomeRatio": 0.2849036134523909, "totalOtherIncomeExpensesNet": -58000000, "incomeBeforeTax": 3444000000, "incomeBeforeTaxRatio": 0.2874071601435367, "incomeTaxExpense": 670000000, "netIncome": 2774000000, "netIncomeRatio": 0.23149461737461405, "eps": 2.02, "epsdiluted": 2.01, "weightedAverageShsOut": 4239000000, "weightedAverageShsOutDil": 4258000000, "link": "https://www.sec.gov/Archives/edgar/data/858877/000085887720000006/0000858877-20-000006-index.htm", "finalLink": "https://www.sec.gov/Archives/edgar/data/858877/000085887720000006/a10qq3fy20.htm"}, {"date": "2020-01-25", "symbol": "CSCO", "fillingDate": "2020-02-18", "acceptedDate": "2020-02-18 17:17:43", "period": "Q2", "revenue": 12005000000, "costOfRevenue": 4241000000, "grossProfit": 7764000000, "grossProfitRatio": 0.6467305289462724, "researchAndDevelopmentExpenses": 1570000000, "generalAndAdministrativeExpenses": 455000000, "sellingAndMarketingExpenses": 2279000000, "otherExpenses": 80000000, "operatingExpenses": 4384000000, "costAndExpenses": 8625000000, "interestExpense": 158000000, "depreciationAndAmortization": 457000000, "ebitda": 3837000000, "ebitdaratio": 0.31961682632236565, "operatingIncome": 3380000000, "operatingIncomeRatio": 0.2815493544356518, "totalOtherIncomeExpensesNet": 70000000, "incomeBeforeTax": 3534000000, "incomeBeforeTaxRatio": 0.29437734277384425, "incomeTaxExpense": 656000000, "netIncome": 2878000000, "netIncomeRatio": 0.23973344439816743, "eps": 1.37, "epsdiluted": 1.36, "weightedAverageShsOut": 4244000000, "weightedAverageShsOutDil": 4265000000, "link": "https://www.sec.gov/Archives/edgar/data/858877/000085887720000004/0000858877-20-000004-index.htm", "finalLink": "https://www.sec.gov/Archives/edgar/data/858877/000085887720000004/a10qq2fy20.htm"}, {"date": "2019-10-26", "symbol": "CSCO", "fillingDate": "2019-11-19", "acceptedDate": "2019-11-19 17:24:36", "period": "Q1", "revenue": 13159000000, "costOfRevenue": 4695000000, "grossProfit": 8464000000, "grossProfitRatio": 0.6432099703624895, "researchAndDevelopmentExpenses": 1666000000, "generalAndAdministrativeExpenses": 519000000, "sellingAndMarketingExpenses": 2480000000, "otherExpenses": 220000000, "operatingExpenses": 4885000000, "costAndExpenses": 9580000000, "interestExpense": 178000000, "depreciationAndAmortization": 461000000, "ebitda": 4040000000, "ebitdaratio": 0.307014210806, "operatingIncome": 3579000000, "operatingIncomeRatio": 0.271981153583, "totalOtherIncomeExpensesNet": 107000000, "incomeBeforeTax": 3686000000, "incomeBeforeTaxRatio": 0.280112470552, "incomeTaxExpense": 760000000, "netIncome": 2926000000, "netIncomeRatio": 0.222357321985, "eps": 0.69, "epsdiluted": 0.68, "weightedAverageShsOut": 4246000000, "weightedAverageShsOutDil": 4273000000, "link": "https://www.sec.gov/Archives/edgar/data/858877/000085887719000018/0000858877-19-000018-index.htm", "finalLink": "https://www.sec.gov/Archives/edgar/data/858877/000085887719000012/csco-2019727x10k.htm"}, {"date": "2019-07-27", "symbol": "CSCO", "fillingDate": "2019-09-05", "acceptedDate": "2019-09-05 17:17:18", "period": "FY", "revenue": 13428000000, "costOfRevenue": 4854000000, "grossProfit": 8574000000, "grossProfitRatio": 0.6385165326184093, "researchAndDevelopmentExpenses": 1753000000, "generalAndAdministrativeExpenses": 566000000, "sellingAndMarketingExpenses": 2487000000, "otherExpenses": 78000000, "operatingExpenses": 4884000000, "costAndExpenses": 9738000000, "interestExpense": 204000000, "depreciationAndAmortization": 464000000, "ebitda": 4154000000, "ebitdaratio": 0.309353589514, "operatingIncome": 3690000000, "operatingIncomeRatio": 0.274798927614, "totalOtherIncomeExpensesNet": 14000000, "incomeBeforeTax": 3704000000, "incomeBeforeTaxRatio": 0.275841525171, "incomeTaxExpense": 1498000000, "netIncome": 2206000000, "netIncomeRatio": 0.164283586536, "eps": 0.52, "epsdiluted": 0.52, "weightedAverageShsOut": 4419000000, "weightedAverageShsOutDil": 4453000000, "link": "https://www.sec.gov/Archives/edgar/data/858877/000085887719000012/0000858877-19-000012-index.htm", "finalLink": "https://www.sec.gov/Archives/edgar/data/858877/000085887719000012/csco-2019727x10k.htm"}, {"date": "2019-04-27", "symbol": "CSCO", "fillingDate": "2019-05-21", "acceptedDate": "2019-05-21 17:15:37", "period": "Q3", "revenue": 12958000000, "costOfRevenue": 4785000000, "grossProfit": 8173000000, "grossProfitRatio": 0.6307300509337861, "researchAndDevelopmentExpenses": 1659000000, "generalAndAdministrativeExpenses": 541000000, "sellingAndMarketingExpenses": 2403000000, "otherExpenses": 57000000, "operatingExpenses": 4660000000, "costAndExpenses": 9445000000, "interestExpense": 211000000, "depreciationAndAmortization": 481000000, "ebitda": 3994000000, "ebitdaratio": 0.308226578176, "operatingIncome": 3513000000, "operatingIncomeRatio": 0.271106652261, "totalOtherIncomeExpensesNet": 102000000, "incomeBeforeTax": 3615000000, "incomeBeforeTaxRatio": 0.278978237382, "incomeTaxExpense": 571000000, "netIncome": 3044000000, "netIncomeRatio": 0.234912795184, "eps": 0.7, "epsdiluted": 0.69, "weightedAverageShsOut": 4468000000, "weightedAverageShsOutDil": 4509000000, "link": "https://www.sec.gov/Archives/edgar/data/858877/000085887719000007/0000858877-19-000007-index.htm", "finalLink": "https://www.sec.gov/Archives/edgar/data/858877/000085887719000007/a10qq3fy19.htm"}, {"date": "2019-01-26", "symbol": "CSCO", "fillingDate": "2019-02-19", "acceptedDate": "2019-02-19 17:08:28", "period": "Q2", "revenue": 25518000000, "costOfRevenue": 4673000000, "grossProfit": 20845000000, "grossProfitRatio": 0.8168743631946077, "researchAndDevelopmentExpenses": 1557000000, "generalAndAdministrativeExpenses": 509000000, "sellingAndMarketingExpenses": 2271000000, "otherExpenses": 225000000, "operatingExpenses": 4562000000, "costAndExpenses": 9235000000, "interestExpense": 223000000, "depreciationAndAmortization": 487000000, "ebitda": 3698000000, "ebitdaratio": 0.144917313269, "operatingIncome": 3211000000, "operatingIncomeRatio": 0.125832745513, "totalOtherIncomeExpensesNet": 132000000, "incomeBeforeTax": 3343000000, "incomeBeforeTaxRatio": 0.131005564699, "incomeTaxExpense": 521000000, "netIncome": 2822000000, "netIncomeRatio": 0.110588604123, "eps": 0.63, "epsdiluted": 0.63, "weightedAverageShsOut": 4517000000, "weightedAverageShsOutDil": 4557000000, "link": "https://www.sec.gov/Archives/edgar/data/858877/000085887719000003/0000858877-19-000003-index.htm", "finalLink": "https://www.sec.gov/Archives/edgar/data/858877/000085887719000003/a10qq2fy19.htm"}, {"date": "2018-10-27", "symbol": "CSCO", "fillingDate": "2018-11-20", "acceptedDate": "2018-11-20 17:09:21", "period": "Q1", "revenue": 13072000000, "costOfRevenue": 4926000000, "grossProfit": 8146000000, "grossProfitRatio": 0.6231640146878825, "researchAndDevelopmentExpenses": 1608000000, "generalAndAdministrativeExpenses": 211000000, "sellingAndMarketingExpenses": 2410000000, "otherExpenses": 112000000, "operatingExpenses": 4341000000, "costAndExpenses": 9267000000, "interestExpense": 221000000, "depreciationAndAmortization": 465000000, "ebitda": 4270000000, "ebitdaratio": 0.32665238678090575, "operatingIncome": 3805000000, "operatingIncomeRatio": 0.2910801713586291, "totalOtherIncomeExpensesNet": 104000000, "incomeBeforeTax": 3909000000, "incomeBeforeTaxRatio": 0.2990361077111383, "incomeTaxExpense": 360000000, "netIncome": 3549000000, "netIncomeRatio": 0.2714963280293758, "eps": 0.78, "epsdiluted": 0.77, "weightedAverageShsOut": 4565000000, "weightedAverageShsOutDil": 4614000000, "link": "https://www.sec.gov/Archives/edgar/data/858877/000085887718000015/0000858877-18-000015-index.htm", "finalLink": "https://www.sec.gov/Archives/edgar/data/858877/000085887718000011/csco-2018728x10k.htm"}, {"date": "2018-07-28", "symbol": "CSCO", "fillingDate": "2018-09-06", "acceptedDate": "2018-09-06 17:14:48", "period": "FY", "revenue": 12844000000, "costOfRevenue": 4922000000, "grossProfit": 7922000000, "grossProfitRatio": 0.616786047960137, "researchAndDevelopmentExpenses": 1626000000, "generalAndAdministrativeExpenses": 543000000, "sellingAndMarketingExpenses": 2348000000, "otherExpenses": 59000000, "operatingExpenses": 4576000000, "costAndExpenses": 9498000000, "interestExpense": 224000000, "depreciationAndAmortization": 516000000, "ebitda": 3862000000, "ebitdaratio": 0.300685144815, "operatingIncome": 3346000000, "operatingIncomeRatio": 0.260510744316, "totalOtherIncomeExpensesNet": 246000000, "incomeBeforeTax": 3592000000, "incomeBeforeTaxRatio": 0.279663656182, "incomeTaxExpense": -211000000, "netIncome": 3803000000, "netIncomeRatio": 0.296091560262, "eps": 0.78, "epsdiluted": 0.78, "weightedAverageShsOut": 4837000000, "weightedAverageShsOutDil": 4881000000, "link": "https://www.sec.gov/Archives/edgar/data/858877/000085887718000011/0000858877-18-000011-index.htm", "finalLink": "https://www.sec.gov/Archives/edgar/data/858877/000085887718000011/csco-2018728x10k.htm"}, {"date": "2018-04-28", "symbol": "CSCO", "fillingDate": "2018-05-22", "acceptedDate": "2018-05-22 17:08:00", "period": "Q3", "revenue": 12463000000, "costOfRevenue": 4704000000, "grossProfit": 7759000000, "grossProfitRatio": 0.6225627858461045, "researchAndDevelopmentExpenses": 1590000000, "generalAndAdministrativeExpenses": 561000000, "sellingAndMarketingExpenses": 2325000000, "otherExpenses": 149000000, "operatingExpenses": 4625000000, "costAndExpenses": 9329000000, "interestExpense": 237000000, "depreciationAndAmortization": 564000000, "ebitda": 3698000000, "ebitdaratio": 0.296718286127, "operatingIncome": 3134000000, "operatingIncomeRatio": 0.25146433443, "totalOtherIncomeExpensesNet": 119000000, "incomeBeforeTax": 3253000000, "incomeBeforeTaxRatio": 0.261012597288, "incomeTaxExpense": 562000000, "netIncome": 2691000000, "netIncomeRatio": 0.215919120597, "eps": 0.53, "epsdiluted": 0.53, "weightedAverageShsOut": 4892000000, "weightedAverageShsOutDil": 4892000000, "link": "https://www.sec.gov/Archives/edgar/data/858877/000085887718000007/0000858877-18-000007-index.htm", "finalLink": "https://www.sec.gov/Archives/edgar/data/858877/000085887718000007/a10qq3fy18.htm"}, {"date": "2018-01-27", "symbol": "CSCO", "fillingDate": "2018-02-20", "acceptedDate": "2018-02-20 17:13:54", "period": "Q2", "revenue": 11887000000, "costOfRevenue": 4389000000, "grossProfit": 7498000000, "grossProfitRatio": 0.6307731134853201, "researchAndDevelopmentExpenses": 1549000000, "generalAndAdministrativeExpenses": 483000000, "sellingAndMarketingExpenses": 2235000000, "otherExpenses": 158000000, "operatingExpenses": 4425000000, "costAndExpenses": 8814000000, "interestExpense": 247000000, "depreciationAndAmortization": 546000000, "ebitda": 3619000000, "ebitdaratio": 0.304450239758, "operatingIncome": 3073000000, "operatingIncomeRatio": 0.258517708421, "totalOtherIncomeExpensesNet": 159000000, "incomeBeforeTax": 3232000000, "incomeBeforeTaxRatio": 0.271893665349, "incomeTaxExpense": 12010000000, "netIncome": -8778000000, "netIncomeRatio": -0.7384537730293598, "eps": -1.77, "epsdiluted": -1.77, "weightedAverageShsOut": 4942000000, "weightedAverageShsOutDil": 4942000000, "link": "https://www.sec.gov/Archives/edgar/data/858877/000085887718000004/0000858877-18-000004-index.htm", "finalLink": "https://www.sec.gov/Archives/edgar/data/858877/000085887718000004/a10qq2fy18.htm"}, {"date": "2017-10-28", "symbol": "CSCO", "fillingDate": "2017-11-21", "acceptedDate": "2017-11-21 17:15:56", "period": "Q1", "revenue": 12136000000, "costOfRevenue": 4709000000, "grossProfit": 7427000000, "grossProfitRatio": 0.6119808833223468, "researchAndDevelopmentExpenses": 1567000000, "generalAndAdministrativeExpenses": 557000000, "sellingAndMarketingExpenses": 2334000000, "otherExpenses": 213000000, "operatingExpenses": 4671000000, "costAndExpenses": 9380000000, "interestExpense": 235000000, "depreciationAndAmortization": 566000000, "ebitda": 3322000000, "ebitdaratio": 0.273731048121, "operatingIncome": 2756000000, "operatingIncomeRatio": 0.227092946605, "totalOtherIncomeExpensesNet": 206000000, "incomeBeforeTax": 2962000000, "incomeBeforeTaxRatio": 0.24406723797, "incomeTaxExpense": 568000000, "netIncome": 2394000000, "netIncomeRatio": 0.197264337508, "eps": 0.48, "epsdiluted": 0.48, "weightedAverageShsOut": 4959000000, "weightedAverageShsOutDil": 4994000000, "link": "https://www.sec.gov/Archives/edgar/data/858877/000085887717000019/0000858877-17-000019-index.htm", "finalLink": "https://www.sec.gov/Archives/edgar/data/858877/000085887717000016/csco-2017729x10k.htm"}, {"date": "2017-07-29", "symbol": "CSCO", "fillingDate": "2017-09-07", "acceptedDate": "2017-09-07 17:18:41", "period": "FY", "revenue": 12133000000, "costOfRevenue": 4587000000, "grossProfit": 7546000000, "grossProfitRatio": 0.6219401631912964, "researchAndDevelopmentExpenses": 1499000000, "generalAndAdministrativeExpenses": 495000000, "sellingAndMarketingExpenses": 2318000000, "otherExpenses": 200000000, "operatingExpenses": 4512000000, "costAndExpenses": 9099000000, "interestExpense": 222000000, "depreciationAndAmortization": 578000000, "ebitda": 3612000000, "ebitdaratio": 0.297700486277, "operatingIncome": 3034000000, "operatingIncomeRatio": 0.250061814885, "totalOtherIncomeExpensesNet": 146000000, "incomeBeforeTax": 3180000000, "incomeBeforeTaxRatio": 0.262095112503, "incomeTaxExpense": 756000000, "netIncome": 2424000000, "netIncomeRatio": 0.199785708399, "eps": 0.49, "epsdiluted": 0.48, "weightedAverageShsOut": 5010000000, "weightedAverageShsOutDil": 5049000000, "link": "https://www.sec.gov/Archives/edgar/data/858877/000085887717000016/0000858877-17-000016-index.htm", "finalLink": "https://www.sec.gov/Archives/edgar/data/858877/000085887717000016/csco-2017729x10k.htm"}, {"date": "2017-04-29", "symbol": "CSCO", "fillingDate": "2017-05-23", "acceptedDate": "2017-05-23 17:26:46", "period": "Q3", "revenue": 11940000000, "costOfRevenue": 4422000000, "grossProfit": 7518000000, "grossProfitRatio": 0.6296482412060301, "researchAndDevelopmentExpenses": 1507000000, "generalAndAdministrativeExpenses": 487000000, "sellingAndMarketingExpenses": 2226000000, "otherExpenses": 129000000, "operatingExpenses": 4349000000, "costAndExpenses": 8771000000, "interestExpense": 219000000, "depreciationAndAmortization": 560000000, "ebitda": 3729000000, "ebitdaratio": 0.312311557789, "operatingIncome": 3169000000, "operatingIncomeRatio": 0.26541038526, "totalOtherIncomeExpensesNet": 22000000, "incomeBeforeTax": 3191000000, "incomeBeforeTaxRatio": 0.267252931323, "incomeTaxExpense": 676000000, "netIncome": 2515000000, "netIncomeRatio": 0.210636515913, "eps": 0.5, "epsdiluted": 0.5, "weightedAverageShsOut": 5015000000, "weightedAverageShsOutDil": 5056000000, "link": "https://www.sec.gov/Archives/edgar/data/858877/000085887717000010/0000858877-17-000010-index.htm", "finalLink": "https://www.sec.gov/Archives/edgar/data/858877/000085887717000010/a10qq317.htm"}, {"date": "2017-01-28", "symbol": "CSCO", "fillingDate": "2017-02-21", "acceptedDate": "2017-02-21 17:04:23", "period": "Q2", "revenue": 11580000000, "costOfRevenue": 4304000000, "grossProfit": 7276000000, "grossProfitRatio": 0.6283246977547495, "researchAndDevelopmentExpenses": 1508000000, "generalAndAdministrativeExpenses": 456000000, "sellingAndMarketingExpenses": 2222000000, "otherExpenses": 197000000, "operatingExpenses": 4383000000, "costAndExpenses": 8687000000, "interestExpense": 222000000, "depreciationAndAmortization": 549000000, "ebitda": 3442000000, "ebitdaratio": 0.297236614853, "operatingIncome": 2893000000, "operatingIncomeRatio": 0.249827288428, "totalOtherIncomeExpensesNet": 70000000, "incomeBeforeTax": 2963000000, "incomeBeforeTaxRatio": 0.255872193437, "incomeTaxExpense": 615000000, "netIncome": 2348000000, "netIncomeRatio": 0.202763385147, "eps": 0.47, "epsdiluted": 0.46, "weightedAverageShsOut": 5021000000, "weightedAverageShsOutDil": 5054000000, "link": "https://www.sec.gov/Archives/edgar/data/858877/000085887717000004/0000858877-17-000004-index.htm", "finalLink": "https://www.sec.gov/Archives/edgar/data/858877/000085887717000004/a10qq217.htm"}, {"date": "2016-10-29", "symbol": "CSCO", "fillingDate": "2016-11-22", "acceptedDate": "2016-11-22 17:05:31", "period": "Q1", "revenue": 12352000000, "costOfRevenue": 4468000000, "grossProfit": 7884000000, "grossProfitRatio": 0.6382772020725389, "researchAndDevelopmentExpenses": 1545000000, "generalAndAdministrativeExpenses": 555000000, "sellingAndMarketingExpenses": 2418000000, "otherExpenses": 489000000, "operatingExpenses": 5007000000, "costAndExpenses": 9475000000, "interestExpense": 198000000, "depreciationAndAmortization": 599000000, "ebitda": 3476000000, "ebitdaratio": 0.281411917098, "operatingIncome": 2877000000, "operatingIncomeRatio": 0.232917746114, "totalOtherIncomeExpensesNet": 76000000, "incomeBeforeTax": 2953000000, "incomeBeforeTaxRatio": 0.239070595855, "incomeTaxExpense": 631000000, "netIncome": 2322000000, "netIncomeRatio": 0.187985751295, "eps": 0.46, "epsdiluted": 0.46, "weightedAverageShsOut": 5027000000, "weightedAverageShsOutDil": 5066000000, "link": "https://www.sec.gov/Archives/edgar/data/858877/000085887716000123/0000858877-16-000123-index.htm", "finalLink": "https://www.sec.gov/Archives/edgar/data/858877/000085887716000117/csco-2016730x10k.htm"}, {"date": "2016-07-30", "symbol": "CSCO", "fillingDate": "2016-09-08", "acceptedDate": "2016-09-08 17:12:13", "period": "FY", "revenue": 12638000000, "costOfRevenue": 4663000000, "grossProfit": 7975000000, "grossProfitRatio": 0.6310333913593923, "researchAndDevelopmentExpenses": 1601000000, "generalAndAdministrativeExpenses": 533000000, "sellingAndMarketingExpenses": 2443000000, "otherExpenses": 95000000, "operatingExpenses": 4672000000, "costAndExpenses": 9335000000, "interestExpense": 180000000, "depreciationAndAmortization": 604000000, "ebitda": 3907000000, "ebitdaratio": 0.309147016933, "operatingIncome": 3303000000, "operatingIncomeRatio": 0.261354644722, "totalOtherIncomeExpensesNet": 91000000, "incomeBeforeTax": 3394000000, "incomeBeforeTaxRatio": 0.268555151132, "incomeTaxExpense": 581000000, "netIncome": 2813000000, "netIncomeRatio": 0.222582687134, "eps": 0.56, "epsdiluted": 0.55, "weightedAverageShsOut": 5053000000, "weightedAverageShsOutDil": 5088000000, "link": "https://www.sec.gov/Archives/edgar/data/858877/000085887716000117/0000858877-16-000117-index.htm", "finalLink": "https://www.sec.gov/Archives/edgar/data/858877/000085887716000117/csco-2016730x10k.htm"}, {"date": "2016-04-30", "symbol": "CSCO", "fillingDate": "2016-05-24", "acceptedDate": "2016-05-24 17:09:33", "period": "Q3", "revenue": 12000000000, "costOfRevenue": 4279000000, "grossProfit": 7721000000, "grossProfitRatio": 0.6434166666666666, "researchAndDevelopmentExpenses": 1626000000, "generalAndAdministrativeExpenses": 566000000, "sellingAndMarketingExpenses": 2447000000, "otherExpenses": 98000000, "operatingExpenses": 4737000000, "costAndExpenses": 9016000000, "interestExpense": 175000000, "depreciationAndAmortization": 541000000, "ebitda": 3525000000, "ebitdaratio": 0.29375, "operatingIncome": 2984000000, "operatingIncomeRatio": 0.248666666667, "totalOtherIncomeExpensesNet": 99000000, "incomeBeforeTax": 3083000000, "incomeBeforeTaxRatio": 0.256916666667, "incomeTaxExpense": 734000000, "netIncome": 2349000000, "netIncomeRatio": 0.19575, "eps": 0.47, "epsdiluted": 0.47, "weightedAverageShsOut": 5060000000, "weightedAverageShsOutDil": 5095000000, "link": "https://www.sec.gov/Archives/edgar/data/858877/000085887716000109/0000858877-16-000109-index.htm", "finalLink": "https://www.sec.gov/Archives/edgar/data/858877/000085887716000109/a10q-q316.htm"}, {"date": "2016-01-23", "symbol": "CSCO", "fillingDate": "2016-02-18", "acceptedDate": "2016-02-18 17:03:48", "period": "Q2", "revenue": 11927000000, "costOfRevenue": 4495000000, "grossProfit": 7432000000, "grossProfitRatio": 0.6231240043598558, "researchAndDevelopmentExpenses": 1509000000, "generalAndAdministrativeExpenses": 176000000, "sellingAndMarketingExpenses": 2286000000, "otherExpenses": 167000000, "operatingExpenses": 4138000000, "costAndExpenses": 8633000000, "interestExpense": 162000000, "depreciationAndAmortization": 498000000, "ebitda": 3792000000, "ebitdaratio": 0.317934099103, "operatingIncome": 3294000000, "operatingIncomeRatio": 0.276180095581, "totalOtherIncomeExpensesNet": 12000000, "incomeBeforeTax": 3306000000, "incomeBeforeTaxRatio": 0.277186216148, "incomeTaxExpense": 159000000, "netIncome": 3147000000, "netIncomeRatio": 0.263855118638, "eps": 0.62, "epsdiluted": 0.61, "weightedAverageShsOut": 5075000000, "weightedAverageShsOutDil": 5106000000, "link": "https://www.sec.gov/Archives/edgar/data/858877/000085887716000090/0000858877-16-000090-index.htm", "finalLink": "https://www.sec.gov/Archives/edgar/data/858877/000085887716000090/a10q-q216.htm"}, {"date": "2015-10-24", "symbol": "CSCO", "fillingDate": "2015-11-19", "acceptedDate": "2015-11-19 17:10:47", "period": "Q1", "revenue": 12682000000, "costOfRevenue": 4850000000, "grossProfit": 7832000000, "grossProfitRatio": 0.6175682069074279, "researchAndDevelopmentExpenses": 1560000000, "generalAndAdministrativeExpenses": 539000000, "sellingAndMarketingExpenses": 2443000000, "otherExpenses": 211000000, "operatingExpenses": 4753000000, "costAndExpenses": 9603000000, "interestExpense": 159000000, "depreciationAndAmortization": 507000000, "ebitda": 3586000000, "ebitdaratio": 0.28276297114, "operatingIncome": 3079000000, "operatingIncomeRatio": 0.242785049677, "totalOtherIncomeExpensesNet": 58000000, "incomeBeforeTax": 3137000000, "incomeBeforeTaxRatio": 0.247358460811, "incomeTaxExpense": 707000000, "netIncome": 2430000000, "netIncomeRatio": 0.191610156127, "eps": 0.48, "epsdiluted": 0.48, "weightedAverageShsOut": 5080000000, "weightedAverageShsOutDil": 5113000000, "link": "https://www.sec.gov/Archives/edgar/data/858877/000085887715000073/0000858877-15-000073-index.htm", "finalLink": "https://www.sec.gov/Archives/edgar/data/858877/000085887715000070/csco-2015725x10k.htm"}, {"date": "2015-07-25", "symbol": "CSCO", "fillingDate": "2015-09-08", "acceptedDate": "2015-09-08 17:04:32", "period": "FY", "revenue": 12843000000, "costOfRevenue": 5110000000, "grossProfit": 7733000000, "grossProfitRatio": 0.6021178852293078, "researchAndDevelopmentExpenses": 1548000000, "generalAndAdministrativeExpenses": 536000000, "sellingAndMarketingExpenses": 2549000000, "otherExpenses": 219000000, "operatingExpenses": 4852000000, "costAndExpenses": 9962000000, "interestExpense": 149000000, "depreciationAndAmortization": 651000000, "ebitda": 3532000000, "ebitdaratio": 0.2750136261, "operatingIncome": 2881000000, "operatingIncomeRatio": 0.224324534766, "totalOtherIncomeExpensesNet": 52000000, "incomeBeforeTax": 2933000000, "incomeBeforeTaxRatio": 0.228373432999, "incomeTaxExpense": 614000000, "netIncome": 2319000000, "netIncomeRatio": 0.180565288484, "eps": 0.46, "epsdiluted": 0.46, "weightedAverageShsOut": 5104000000, "weightedAverageShsOutDil": 5146000000, "link": "https://www.sec.gov/Archives/edgar/data/858877/000085887715000070/0000858877-15-000070-index.htm", "finalLink": "https://www.sec.gov/Archives/edgar/data/858877/000085887715000070/csco-2015725x10k.htm"}, {"date": "2015-04-25", "symbol": "CSCO", "fillingDate": "2015-05-20", "acceptedDate": "2015-05-20 17:05:53", "period": "Q3", "revenue": 12137000000, "costOfRevenue": 4612000000, "grossProfit": 7525000000, "grossProfitRatio": 0.6200049435610118, "researchAndDevelopmentExpenses": 1547000000, "generalAndAdministrativeExpenses": 510000000, "sellingAndMarketingExpenses": 2449000000, "otherExpenses": 94000000, "operatingExpenses": 4600000000, "costAndExpenses": 9212000000, "interestExpense": 139000000, "depreciationAndAmortization": 567000000, "ebitda": 3492000000, "ebitdaratio": 0.287715250886, "operatingIncome": 2925000000, "operatingIncomeRatio": 0.240998599324, "totalOtherIncomeExpensesNet": 110000000, "incomeBeforeTax": 3035000000, "incomeBeforeTaxRatio": 0.250061794513, "incomeTaxExpense": 598000000, "netIncome": 2437000000, "netIncomeRatio": 0.200790969762, "eps": 0.47, "epsdiluted": 0.47, "weightedAverageShsOut": 5110000000, "weightedAverageShsOutDil": 5154000000, "link": "https://www.sec.gov/Archives/edgar/data/858877/000085887715000051/0000858877-15-000051-index.htm", "finalLink": "https://www.sec.gov/Archives/edgar/data/858877/000085887715000051/a10q-q315.htm"}, {"date": "2015-01-24", "symbol": "CSCO", "fillingDate": "2015-02-18", "acceptedDate": "2015-02-18 17:14:00", "period": "Q2", "revenue": 11936000000, "costOfRevenue": 4846000000, "grossProfit": 7090000000, "grossProfitRatio": 0.5940013404825737, "researchAndDevelopmentExpenses": 1529000000, "generalAndAdministrativeExpenses": 490000000, "sellingAndMarketingExpenses": 2308000000, "otherExpenses": 141000000, "operatingExpenses": 4468000000, "costAndExpenses": 9314000000, "interestExpense": 139000000, "depreciationAndAmortization": 628000000, "ebitda": 3250000000, "ebitdaratio": 0.272285522788, "operatingIncome": 2622000000, "operatingIncomeRatio": 0.219671581769, "totalOtherIncomeExpensesNet": 251000000, "incomeBeforeTax": 2873000000, "incomeBeforeTaxRatio": 0.240700402145, "incomeTaxExpense": 476000000, "netIncome": 2397000000, "netIncomeRatio": 0.200821045576, "eps": 0.47, "epsdiluted": 0.47, "weightedAverageShsOut": 5115000000, "weightedAverageShsOutDil": 5159000000, "link": "https://www.sec.gov/Archives/edgar/data/858877/000085887715000013/0000858877-15-000013-index.htm", "finalLink": "https://www.sec.gov/Archives/edgar/data/858877/000085887715000013/a10q-q215.htm"}, {"date": "2014-10-25", "symbol": "CSCO", "fillingDate": "2014-11-20", "acceptedDate": "2014-11-20 17:02:59", "period": "Q1", "revenue": 12245000000, "costOfRevenue": 4912000000, "grossProfit": 7333000000, "grossProfitRatio": 0.598856676194365, "researchAndDevelopmentExpenses": 1583000000, "generalAndAdministrativeExpenses": 504000000, "sellingAndMarketingExpenses": 2515000000, "otherExpenses": 389000000, "operatingExpenses": 4991000000, "costAndExpenses": 9903000000, "interestExpense": 139000000, "depreciationAndAmortization": 596000000, "ebitda": 2938000000, "ebitdaratio": 0.239934667211, "operatingIncome": 2342000000, "operatingIncomeRatio": 0.191261739486, "totalOtherIncomeExpensesNet": 18000000, "incomeBeforeTax": 2360000000, "incomeBeforeTaxRatio": 0.192731727236, "incomeTaxExpense": 532000000, "netIncome": 1828000000, "netIncomeRatio": 0.149285422621, "eps": 0.36, "epsdiluted": 0.35, "weightedAverageShsOut": 5112000000, "weightedAverageShsOutDil": 5156000000, "link": "https://www.sec.gov/Archives/edgar/data/858877/000085887714000043/0000858877-14-000043-index.htm", "finalLink": "https://www.sec.gov/Archives/edgar/data/858877/000085887714000029/csco-2014726x10k.htm"}, {"date": "2014-07-26", "symbol": "CSCO", "fillingDate": "2014-09-09", "acceptedDate": "2014-09-09 17:17:40", "period": "FY", "revenue": 12357000000, "costOfRevenue": 4952000000, "grossProfit": 7405000000, "grossProfitRatio": 0.5992554827223436, "researchAndDevelopmentExpenses": 6294000000, "generalAndAdministrativeExpenses": 508000000, "sellingAndMarketingExpenses": 2473000000, "otherExpenses": 150000000, "operatingExpenses": 4724000000, "costAndExpenses": 9676000000, "interestExpense": 142000000, "depreciationAndAmortization": 621000000, "ebitda": 3302000000, "ebitdaratio": 0.267216962046, "operatingIncome": 2681000000, "operatingIncomeRatio": 0.216962045804, "totalOtherIncomeExpensesNet": 97000000, "incomeBeforeTax": 2778000000, "incomeBeforeTaxRatio": 0.224811847536, "incomeTaxExpense": 531000000, "netIncome": 2247000000, "netIncomeRatio": 0.181840252488, "eps": 0.44, "epsdiluted": 0.43, "weightedAverageShsOut": 5234000000, "weightedAverageShsOutDil": 5281000000, "link": "https://www.sec.gov/Archives/edgar/data/858877/000085887714000029/0000858877-14-000029-index.htm", "finalLink": "https://www.sec.gov/Archives/edgar/data/858877/000085887714000029/csco-2014726x10k.htm"}, {"date": "2014-04-26", "symbol": "CSCO", "fillingDate": "2014-05-22", "acceptedDate": "2014-05-22 17:10:26", "period": "Q3", "revenue": 11545000000, "costOfRevenue": 4539000000, "grossProfit": 7006000000, "grossProfitRatio": 0.6068427890861845, "researchAndDevelopmentExpenses": 1565000000, "generalAndAdministrativeExpenses": 460000000, "sellingAndMarketingExpenses": 2342000000, "otherExpenses": 1662000000, "operatingExpenses": 4464000000, "costAndExpenses": 9003000000, "interestExpense": 146000000, "depreciationAndAmortization": 608000000, "ebitda": 3150000000, "ebitdaratio": 0.272845387614, "operatingIncome": 2542000000, "operatingIncomeRatio": 0.220181896925, "totalOtherIncomeExpensesNet": 100000000, "incomeBeforeTax": 2642000000, "incomeBeforeTaxRatio": 0.228843655262, "incomeTaxExpense": 461000000, "netIncome": 2181000000, "netIncomeRatio": 0.188912949329, "eps": 0.42, "epsdiluted": 0.42, "weightedAverageShsOut": 5271000000, "weightedAverageShsOutDil": 5311000000, "link": "https://www.sec.gov/Archives/edgar/data/858877/000085887714000014/0000858877-14-000014-index.htm", "finalLink": "https://www.sec.gov/Archives/edgar/data/858877/000085887714000014/csco-20140426x10qq314.htm"}, {"date": "2014-01-25", "symbol": "CSCO", "fillingDate": "2014-02-20", "acceptedDate": "2014-02-20 17:14:55", "period": "Q2", "revenue": 11155000000, "costOfRevenue": 5204000000, "grossProfit": 5951000000, "grossProfitRatio": 0.5334827431645002, "researchAndDevelopmentExpenses": 1412000000, "generalAndAdministrativeExpenses": 451000000, "sellingAndMarketingExpenses": 2277000000, "otherExpenses": 1556000000, "operatingExpenses": 4284000000, "costAndExpenses": 9488000000, "interestExpense": 136000000, "depreciationAndAmortization": 612000000, "ebitda": 2279000000, "ebitdaratio": 0.204303003138, "operatingIncome": 1667000000, "operatingIncomeRatio": 0.149439713133, "totalOtherIncomeExpensesNet": 88000000, "incomeBeforeTax": 1755000000, "incomeBeforeTaxRatio": 0.157328552219, "incomeTaxExpense": 326000000, "netIncome": 1429000000, "netIncomeRatio": 0.128103989242, "eps": 0.27, "epsdiluted": 0.27, "weightedAverageShsOut": 5336000000, "weightedAverageShsOutDil": 5383000000, "link": "https://www.sec.gov/Archives/edgar/data/858877/000085887714000009/0000858877-14-000009-index.htm", "finalLink": "https://www.sec.gov/Archives/edgar/data/858877/000085887714000009/csco-20140125x10qq214.htm"}, {"date": "2013-10-26", "symbol": "CSCO", "fillingDate": "2013-11-22", "acceptedDate": "2013-11-21 21:32:11", "period": "Q1", "revenue": 12085000000, "costOfRevenue": 4678000000, "grossProfit": 7407000000, "grossProfitRatio": 0.6129085643359536, "researchAndDevelopmentExpenses": 1724000000, "generalAndAdministrativeExpenses": 515000000, "sellingAndMarketingExpenses": 2411000000, "otherExpenses": 2026000000, "operatingExpenses": 4952000000, "costAndExpenses": 9630000000, "interestExpense": 140000000, "depreciationAndAmortization": 591000000, "ebitda": 3046000000, "ebitdaratio": 0.25204799338, "operatingIncome": 2455000000, "operatingIncomeRatio": 0.203144393877, "totalOtherIncomeExpensesNet": 85000000, "incomeBeforeTax": 2540000000, "incomeBeforeTaxRatio": 0.210177906496, "incomeTaxExpense": 544000000, "netIncome": 1996000000, "netIncomeRatio": 0.165163425734, "eps": 0.37, "epsdiluted": 0.37, "weightedAverageShsOut": 5378000000, "weightedAverageShsOutDil": 5430000000, "link": "https://www.sec.gov/Archives/edgar/data/858877/000085887713000057/0000858877-13-000057-index.htm", "finalLink": "https://www.sec.gov/Archives/edgar/data/858877/000085887713000049/csco-2013727x10k.htm"}, {"date": "2013-07-27", "symbol": "CSCO", "fillingDate": "2013-09-10", "acceptedDate": "2013-09-10 17:10:54", "period": "FY", "revenue": 12417000000, "costOfRevenue": 5070000000, "grossProfit": 7347000000, "grossProfitRatio": 0.5916888137231215, "researchAndDevelopmentExpenses": 5942000000, "generalAndAdministrativeExpenses": 590000000, "sellingAndMarketingExpenses": 2360000000, "otherExpenses": 66000000, "operatingExpenses": 4533000000, "costAndExpenses": 9603000000, "interestExpense": 143000000, "depreciationAndAmortization": 591000000, "ebitda": 3405000000, "ebitdaratio": 0.274220826287, "operatingIncome": 2814000000, "operatingIncomeRatio": 0.226624788596, "totalOtherIncomeExpensesNet": 57000000, "incomeBeforeTax": 2871000000, "incomeBeforeTaxRatio": 0.231215269389, "incomeTaxExpense": 601000000, "netIncome": 2270000000, "netIncomeRatio": 0.182813884191, "eps": 0.42, "epsdiluted": 0.42, "weightedAverageShsOut": 5329000000, "weightedAverageShsOutDil": 5380000000, "link": "https://www.sec.gov/Archives/edgar/data/858877/000085887713000049/0000858877-13-000049-index.htm", "finalLink": "https://www.sec.gov/Archives/edgar/data/858877/000085887713000049/csco-2013727x10k.htm"}, {"date": "2013-04-27", "symbol": "CSCO", "fillingDate": "2013-05-21", "acceptedDate": "2013-05-20 21:48:30", "period": "Q3", "revenue": 12216000000, "costOfRevenue": 4705000000, "grossProfit": 7511000000, "grossProfitRatio": 0.614849377865095, "researchAndDevelopmentExpenses": 1542000000, "generalAndAdministrativeExpenses": 530000000, "sellingAndMarketingExpenses": 2375000000, "otherExpenses": 1664000000, "operatingExpenses": 4569000000, "costAndExpenses": 9274000000, "interestExpense": 145000000, "depreciationAndAmortization": 537000000, "ebitda": 3479000000, "ebitdaratio": 0.284790438769, "operatingIncome": 2942000000, "operatingIncomeRatio": 0.240831696136, "totalOtherIncomeExpensesNet": 3000000.0, "incomeBeforeTax": 2945000000, "incomeBeforeTaxRatio": 0.241077275704, "incomeTaxExpense": 467000000, "netIncome": 2478000000, "netIncomeRatio": 0.202848722986, "eps": 0.46, "epsdiluted": 0.46, "weightedAverageShsOut": 5316000000, "weightedAverageShsOutDil": 5361000000, "link": "https://www.sec.gov/Archives/edgar/data/858877/000085887713000026/0000858877-13-000026-index.htm", "finalLink": "https://www.sec.gov/Archives/edgar/data/858877/000085887713000026/csco-2013427x10qq3.htm"}, {"date": "2013-01-26", "symbol": "CSCO", "fillingDate": "2013-02-19", "acceptedDate": "2013-02-19 06:49:29", "period": "Q2", "revenue": 12098000000, "costOfRevenue": 4755000000, "grossProfit": 7343000000, "grossProfitRatio": 0.6069598280707555, "researchAndDevelopmentExpenses": 1452000000, "generalAndAdministrativeExpenses": 584000000, "sellingAndMarketingExpenses": 2387000000, "otherExpenses": 1583000000, "operatingExpenses": 4554000000, "costAndExpenses": 9309000000, "interestExpense": 147000000, "depreciationAndAmortization": 611000000, "ebitda": 3400000000, "ebitdaratio": 0.28103818813, "operatingIncome": 2789000000, "operatingIncomeRatio": 0.230533972557, "totalOtherIncomeExpensesNet": -22000000, "incomeBeforeTax": 2780000000, "incomeBeforeTaxRatio": 0.229790047942, "incomeTaxExpense": -363000000, "netIncome": 3143000000, "netIncomeRatio": 0.259795007439, "eps": 0.6, "epsdiluted": 0.59, "weightedAverageShsOut": 5310000000, "weightedAverageShsOutDil": 5344000000, "link": "https://www.sec.gov/Archives/edgar/data/858877/000085887713000013/0000858877-13-000013-index.htm", "finalLink": "https://www.sec.gov/Archives/edgar/data/858877/000085887713000013/csco-2013126x10qq2.htm"}, {"date": "2012-10-27", "symbol": "CSCO", "fillingDate": "2012-11-20", "acceptedDate": "2012-11-20 07:03:40", "period": "Q1", "revenue": 11876000000, "costOfRevenue": 4637000000, "grossProfit": 7239000000, "grossProfitRatio": 0.6095486695857191, "researchAndDevelopmentExpenses": 1431000000, "generalAndAdministrativeExpenses": 560000000, "sellingAndMarketingExpenses": 2416000000, "otherExpenses": 1612000000, "operatingExpenses": 4588000000, "costAndExpenses": 9225000000, "interestExpense": 148000000, "depreciationAndAmortization": 612000000, "ebitda": 3263000000, "ebitdaratio": 0.274755810037, "operatingIncome": 2651000000, "operatingIncomeRatio": 0.223223307511, "totalOtherIncomeExpensesNet": -33000000, "incomeBeforeTax": 2631000000, "incomeBeforeTaxRatio": 0.221539238801, "incomeTaxExpense": 539000000, "netIncome": 2092000000, "netIncomeRatio": 0.176153587066, "eps": 0.39, "epsdiluted": 0.39, "weightedAverageShsOut": 5301000000, "weightedAverageShsOutDil": 5334000000, "link": "https://www.sec.gov/Archives/edgar/data/858877/000144530512003709/0001445305-12-003709-index.htm", "finalLink": "https://www.sec.gov/Archives/edgar/data/858877/000119312512388590/d365054d10k.htm"}, {"date": "2012-07-28", "symbol": "CSCO", "fillingDate": "2012-09-12", "acceptedDate": "2012-09-12 06:06:40", "period": "FY", "revenue": 11690000000, "costOfRevenue": 4605000000, "grossProfit": 7085000000, "grossProfitRatio": 0.6060735671514115, "researchAndDevelopmentExpenses": 1416000000, "generalAndAdministrativeExpenses": 711000000, "sellingAndMarketingExpenses": 2417000000, "otherExpenses": 1586000000, "operatingExpenses": 4714000000, "costAndExpenses": 9319000000, "interestExpense": 147000000, "depreciationAndAmortization": 786000000, "ebitda": 3157000000, "ebitdaratio": 0.27005988024, "operatingIncome": 2371000000, "operatingIncomeRatio": 0.202822925577, "totalOtherIncomeExpensesNet": 15000000, "incomeBeforeTax": 2386000000, "incomeBeforeTaxRatio": 0.204106073567, "incomeTaxExpense": 469000000, "netIncome": 1917000000, "netIncomeRatio": 0.163986313088, "eps": 0.36, "epsdiluted": 0.36, "weightedAverageShsOut": 5370000000, "weightedAverageShsOutDil": 5404000000, "link": "https://www.sec.gov/Archives/edgar/data/858877/000119312512388590/0001193125-12-388590-index.htm", "finalLink": "https://www.sec.gov/Archives/edgar/data/858877/000119312512388590/d365054d10k.htm"}, {"date": "2012-04-28", "symbol": "CSCO", "fillingDate": "2012-05-23", "acceptedDate": "2012-05-23 06:33:57", "period": "Q3", "revenue": 11588000000, "costOfRevenue": 4419000000, "grossProfit": 7169000000, "grossProfitRatio": 0.6186572316189162, "researchAndDevelopmentExpenses": 1358000000, "generalAndAdministrativeExpenses": 562000000, "sellingAndMarketingExpenses": 2383000000, "otherExpenses": 1474000000, "operatingExpenses": 4419000000, "costAndExpenses": 8838000000, "interestExpense": 151000000, "depreciationAndAmortization": 631000000, "ebitda": 3381000000, "ebitdaratio": 0.29176734553, "operatingIncome": 2750000000, "operatingIncomeRatio": 0.237314463238, "totalOtherIncomeExpensesNet": 29000000, "incomeBeforeTax": 2779000000, "incomeBeforeTaxRatio": 0.239817052123, "incomeTaxExpense": 614000000, "netIncome": 2165000000, "netIncomeRatio": 0.186831204695, "eps": 0.4, "epsdiluted": 0.4, "weightedAverageShsOut": 5383000000, "weightedAverageShsOutDil": 5418000000, "link": "https://www.sec.gov/Archives/edgar/data/858877/000119312512244195/0001193125-12-244195-index.htm", "finalLink": "https://www.sec.gov/Archives/edgar/data/858877/000119312512244195/d312325d10q.htm"}, {"date": "2012-01-28", "symbol": "CSCO", "fillingDate": "2012-02-21", "acceptedDate": "2012-02-21 07:44:58", "period": "Q2", "revenue": 11527000000, "costOfRevenue": 4462000000, "grossProfit": 7065000000, "grossProfitRatio": 0.6129088227639455, "researchAndDevelopmentExpenses": 1339000000, "generalAndAdministrativeExpenses": 497000000, "sellingAndMarketingExpenses": 2395000000, "otherExpenses": 1439000000, "operatingExpenses": 4331000000, "costAndExpenses": 8793000000, "interestExpense": 150000000, "depreciationAndAmortization": 564000000, "ebitda": 3298000000, "ebitdaratio": 0.286110870131, "operatingIncome": 2734000000, "operatingIncomeRatio": 0.237182267719, "totalOtherIncomeExpensesNet": 15000000, "incomeBeforeTax": 2749000000, "incomeBeforeTaxRatio": 0.238483560337, "incomeTaxExpense": 567000000, "netIncome": 2182000000, "netIncomeRatio": 0.189294699401, "eps": 0.41, "epsdiluted": 0.4, "weightedAverageShsOut": 5381000000, "weightedAverageShsOutDil": 5404000000, "link": "https://www.sec.gov/Archives/edgar/data/858877/000119312512069159/0001193125-12-069159-index.htm", "finalLink": "https://www.sec.gov/Archives/edgar/data/858877/000119312512069159/d267734d10q.htm"}, {"date": "2011-10-29", "symbol": "CSCO", "fillingDate": "2011-11-22", "acceptedDate": "2011-11-22 07:01:49", "period": "Q1", "revenue": 11256000000, "costOfRevenue": 4366000000, "grossProfit": 6890000000, "grossProfitRatio": 0.6121179815209666, "researchAndDevelopmentExpenses": 1375000000, "generalAndAdministrativeExpenses": 552000000, "sellingAndMarketingExpenses": 2452000000, "otherExpenses": 1676000000, "operatingExpenses": 4680000000, "costAndExpenses": 9046000000, "interestExpense": 148000000, "depreciationAndAmortization": 621000000, "ebitda": 2831000000, "ebitdaratio": 0.251510305615, "operatingIncome": 2210000000, "operatingIncomeRatio": 0.196339729922, "totalOtherIncomeExpensesNet": 35000000, "incomeBeforeTax": 2245000000, "incomeBeforeTaxRatio": 0.199449182658, "incomeTaxExpense": 468000000, "netIncome": 1777000000, "netIncomeRatio": 0.157871357498, "eps": 0.33, "epsdiluted": 0.33, "weightedAverageShsOut": 5394000000, "weightedAverageShsOutDil": 5407000000, "link": "https://www.sec.gov/Archives/edgar/data/858877/000119312511319161/0001193125-11-319161-index.htm", "finalLink": "https://www.sec.gov/Archives/edgar/data/858877/000119312511247394/d202951d10k.htm"}, {"date": "2011-07-30", "symbol": "CSCO", "fillingDate": "2011-09-14", "acceptedDate": "2011-09-14 06:34:32", "period": "FY", "revenue": 11195000000, "costOfRevenue": 4334000000, "grossProfit": 6861000000, "grossProfitRatio": 0.6128628852166146, "researchAndDevelopmentExpenses": 1484000000, "generalAndAdministrativeExpenses": 532000000, "sellingAndMarketingExpenses": 2520000000, "otherExpenses": 2353000000, "operatingExpenses": 5405000000, "costAndExpenses": 9739000000, "interestExpense": 148000000, "depreciationAndAmortization": 673000000, "ebitda": 2129000000, "ebitdaratio": 0.190174184904, "operatingIncome": 1456000000, "operatingIncomeRatio": 0.130058061635, "totalOtherIncomeExpensesNet": 11000000, "incomeBeforeTax": 1467000000, "incomeBeforeTaxRatio": 0.131040643144, "incomeTaxExpense": 235000000, "netIncome": 1232000000, "netIncomeRatio": 0.110049129075, "eps": 0.22, "epsdiluted": 0.23, "weightedAverageShsOut": 5529000000, "weightedAverageShsOutDil": 5563000000, "link": "https://www.sec.gov/Archives/edgar/data/858877/000119312511247394/0001193125-11-247394-index.htm", "finalLink": "https://www.sec.gov/Archives/edgar/data/858877/000119312511247394/d202951d10k.htm"}, {"date": "2011-04-30", "symbol": "CSCO", "fillingDate": "2011-05-25", "acceptedDate": "2011-05-25 06:03:51", "period": "Q3", "revenue": 10866000000, "costOfRevenue": 4207000000, "grossProfit": 6659000000, "grossProfitRatio": 0.6128290079145959, "researchAndDevelopmentExpenses": 1430000000, "generalAndAdministrativeExpenses": 466000000, "sellingAndMarketingExpenses": 2446000000, "otherExpenses": 1564000000, "operatingExpenses": 4476000000, "costAndExpenses": 8683000000, "interestExpense": 153000000, "depreciationAndAmortization": 573000000, "ebitda": 2756000000, "ebitdaratio": 0.253635192343, "operatingIncome": 2183000000, "operatingIncomeRatio": 0.200901895822, "totalOtherIncomeExpensesNet": 20000000, "incomeBeforeTax": 2203000000, "incomeBeforeTaxRatio": 0.20274249954, "incomeTaxExpense": 396000000, "netIncome": 1807000000, "netIncomeRatio": 0.166298545923, "eps": 0.33, "epsdiluted": 0.33, "weightedAverageShsOut": 5545000000, "weightedAverageShsOutDil": 5596000000, "link": "https://www.sec.gov/Archives/edgar/data/858877/000119312511149590/0001193125-11-149590-index.htm", "finalLink": "https://www.sec.gov/Archives/edgar/data/858877/000119312511149590/d10q.htm"}, {"date": "2011-01-29", "symbol": "CSCO", "fillingDate": "2011-02-23", "acceptedDate": "2011-02-23 06:07:56", "period": "Q2", "revenue": 10407000000, "costOfRevenue": 4146000000, "grossProfit": 6261000000, "grossProfitRatio": 0.6016142980686077, "researchAndDevelopmentExpenses": 1478000000, "generalAndAdministrativeExpenses": 452000000, "sellingAndMarketingExpenses": 2444000000, "otherExpenses": 1681000000, "operatingExpenses": 4577000000, "costAndExpenses": 8723000000, "interestExpense": 161000000, "depreciationAndAmortization": 687000000, "ebitda": 2371000000, "ebitdaratio": 0.227827423849, "operatingIncome": 1684000000, "operatingIncomeRatio": 0.161814163544, "totalOtherIncomeExpensesNet": 46000000, "incomeBeforeTax": 1730000000, "incomeBeforeTaxRatio": 0.166234265398, "incomeTaxExpense": 209000000, "netIncome": 1521000000, "netIncomeRatio": 0.146151628711, "eps": 0.28, "epsdiluted": 0.27, "weightedAverageShsOut": 5563000000, "weightedAverageShsOutDil": 5630000000, "link": "https://www.sec.gov/Archives/edgar/data/858877/000119312511042813/0001193125-11-042813-index.htm", "finalLink": "https://www.sec.gov/Archives/edgar/data/858877/000119312511042813/d10q.htm"}, {"date": "2010-10-30", "symbol": "CSCO", "fillingDate": "2010-11-23", "acceptedDate": "2010-11-23 07:01:34", "period": "Q1", "revenue": 10750000000, "costOfRevenue": 3995000000, "grossProfit": 6755000000, "grossProfitRatio": 0.6283720930232558, "researchAndDevelopmentExpenses": 1431000000, "generalAndAdministrativeExpenses": 458000000, "sellingAndMarketingExpenses": 2402000000, "otherExpenses": 1544000000, "operatingExpenses": 4404000000, "costAndExpenses": 8399000000, "interestExpense": 166000000, "depreciationAndAmortization": 553000000, "ebitda": 2904000000, "ebitdaratio": 0.270139534884, "operatingIncome": 2351000000, "operatingIncomeRatio": 0.218697674419, "totalOtherIncomeExpensesNet": 74000000, "incomeBeforeTax": 2425000000, "incomeBeforeTaxRatio": 0.225581395349, "incomeTaxExpense": 495000000, "netIncome": 1930000000, "netIncomeRatio": 0.179534883721, "eps": 0.34, "epsdiluted": 0.34, "weightedAverageShsOut": 5595000000, "weightedAverageShsOutDil": 5675000000, "link": "https://www.sec.gov/Archives/edgar/data/858877/000119312510266844/0001193125-10-266844-index.htm", "finalLink": "https://www.sec.gov/Archives/edgar/data/858877/000119312510266844/d10q.htm"}, {"date": "2010-07-31", "symbol": "CSCO", "fillingDate": null, "acceptedDate": "Not found...", "period": "FY", "revenue": 10836000000, "costOfRevenue": 4043000000, "grossProfit": 6793000000, "grossProfitRatio": 0.6268918420081211, "researchAndDevelopmentExpenses": 0.0, "generalAndAdministrativeExpenses": 595000000, "sellingAndMarketingExpenses": 2351000000, "otherExpenses": 1522000000, "operatingExpenses": 4468000000, "costAndExpenses": 8511000000, "interestExpense": 169000000, "depreciationAndAmortization": 615000000, "ebitda": 2940000000, "ebitdaratio": 0.271317829457, "operatingIncome": 2325000000, "operatingIncomeRatio": 0.214562569214, "totalOtherIncomeExpensesNet": 93000000, "incomeBeforeTax": 2418000000, "incomeBeforeTaxRatio": 0.223145071982, "incomeTaxExpense": 483000000, "netIncome": 1935000000, "netIncomeRatio": 0.178571428571, "eps": 0.35, "epsdiluted": 0.34, "weightedAverageShsOut": 5732000000, "weightedAverageShsOutDil": 5848000000, "link": "updating...", "finalLink": null}, {"date": "2010-05-01", "symbol": "CSCO", "fillingDate": "2010-05-26", "acceptedDate": "2010-05-26 06:02:34", "period": "Q3", "revenue": 29204000000, "costOfRevenue": 10354000000, "grossProfit": 18850000000, "grossProfitRatio": 0.6454595260923162, "researchAndDevelopmentExpenses": 1411000000, "generalAndAdministrativeExpenses": 1404000000, "sellingAndMarketingExpenses": 6365000000, "otherExpenses": 4242000000, "operatingExpenses": 12011000000, "costAndExpenses": 22365000000, "interestExpense": 454000000, "depreciationAndAmortization": 1415000000, "ebitda": 8254000000, "ebitdaratio": 0.282632516094, "operatingIncome": 6839000000, "operatingIncomeRatio": 0.234180249281, "totalOtherIncomeExpensesNet": 158000000, "incomeBeforeTax": 6997000000, "incomeBeforeTaxRatio": 0.239590467059, "incomeTaxExpense": 1165000000, "netIncome": 5832000000, "netIncomeRatio": 0.199698671415, "eps": 1.01, "epsdiluted": 0.99, "weightedAverageShsOut": 5746000000, "weightedAverageShsOutDil": 5869000000, "link": "https://www.sec.gov/Archives/edgar/data/858877/000119312510128609/0001193125-10-128609-index.htm", "finalLink": "https://www.sec.gov/Archives/edgar/data/858877/000119312510128609/d10q.htm"}, {"date": "2010-01-23", "symbol": "CSCO", "fillingDate": "2010-02-17", "acceptedDate": "2010-02-17 06:06:50", "period": "Q", "revenue": 9815000000, "costOfRevenue": 3483000000, "grossProfit": 6332000000, "grossProfitRatio": 0.6451349974528783, "researchAndDevelopmentExpenses": 1247000000, "generalAndAdministrativeExpenses": 467000000, "sellingAndMarketingExpenses": 2110000000, "otherExpenses": 138000000, "operatingExpenses": 3962000000, "costAndExpenses": 7445000000, "interestExpense": 0.0, "depreciationAndAmortization": -1462000.0, "ebitda": 2368538000, "ebitdaratio": 0.12467316036, "operatingIncome": 2370000000, "operatingIncomeRatio": 0.0826652874752, "totalOtherIncomeExpensesNet": 76000.0, "incomeBeforeTax": 2355000000, "incomeBeforeTaxRatio": 0.0804815676809, "incomeTaxExpense": 502000000, "netIncome": 1853000000, "netIncomeRatio": 0.057236445134, "eps": -0.13, "epsdiluted": -0.12, "weightedAverageShsOut": 5746000000, "weightedAverageShsOutDil": 5869000000, "link": "https://www.sec.gov/Archives/edgar/data/858877/000119312510032740/0001193125-10-032740-index.htm", "finalLink": "https://www.sec.gov/Archives/edgar/data/858877/000119312510032740/d10q.htm"}, {"date": "2009-10-24", "symbol": "CSCO", "fillingDate": "2009-11-18", "acceptedDate": "2009-11-18 06:03:33", "period": "Q1", "revenue": 9021000000, "costOfRevenue": 3133000000, "grossProfit": 5888000000, "grossProfitRatio": 0.6526992572885489, "researchAndDevelopmentExpenses": 1224000000, "generalAndAdministrativeExpenses": 440000000, "sellingAndMarketingExpenses": 1995000000, "otherExpenses": 105000000, "operatingExpenses": 3764000000, "costAndExpenses": 6897000000, "interestExpense": 114000000, "depreciationAndAmortization": 429000000, "ebitda": 2553000000, "ebitdaratio": 0.2830063185899568, "operatingIncome": 2124000000, "operatingIncomeRatio": 0.23545061523112737, "totalOtherIncomeExpensesNet": 61000000, "incomeBeforeTax": 2239000000, "incomeBeforeTaxRatio": 0.24819864760004434, "incomeTaxExpense": 452000000, "netIncome": 1787000000, "netIncomeRatio": 0.19809333776743154, "eps": 0.31, "epsdiluted": 0.3, "weightedAverageShsOut": 5746000000, "weightedAverageShsOutDil": 5869000000, "link": "https://www.sec.gov/Archives/edgar/data/858877/000119312509237055/0001193125-09-237055-index.htm", "finalLink": "https://www.sec.gov/Archives/edgar/data/858877/000119312509190326/d10k.htm"}, {"date": "2009-07-25", "symbol": "CSCO", "fillingDate": "2009-09-11", "acceptedDate": "2009-09-11 07:40:41", "period": "FY", "revenue": 8535000000, "costOfRevenue": 3074000000, "grossProfit": 5461000000, "grossProfitRatio": 0.6398359695371998, "researchAndDevelopmentExpenses": 1280000000, "generalAndAdministrativeExpenses": 488000000, "sellingAndMarketingExpenses": 2009000000, "otherExpenses": 224000000, "operatingExpenses": 4001000000, "costAndExpenses": 7075000000, "interestExpense": -499000000, "depreciationAndAmortization": 524000000, "ebitda": 1984000000, "ebitdaratio": 0.23245459871118923, "operatingIncome": 1460000000, "operatingIncomeRatio": 0.17106033977738722, "totalOtherIncomeExpensesNet": 17000000, "incomeBeforeTax": 1533000000, "incomeBeforeTaxRatio": 0.1796133567662566, "incomeTaxExpense": 452000000, "netIncome": 1081000000, "netIncomeRatio": 0.12665495020503809, "eps": 1.05, "epsdiluted": 1.05, "weightedAverageShsOut": 5828000000, "weightedAverageShsOutDil": 5828000000, "link": "https://www.sec.gov/Archives/edgar/data/858877/000119312509190326/0001193125-09-190326-index.htm", "finalLink": "https://www.sec.gov/Archives/edgar/data/858877/000119312509190326/d10k.htm"}, {"date": "2009-04-25", "symbol": "CSCO", "fillingDate": "2009-05-20", "acceptedDate": "2009-05-20 06:12:26", "period": "Q3", "revenue": 8162000000, "costOfRevenue": 2933000000, "grossProfit": 5229000000, "grossProfitRatio": 0.6406518010291595, "researchAndDevelopmentExpenses": 1243000000, "generalAndAdministrativeExpenses": 302000000, "sellingAndMarketingExpenses": 1956000000, "otherExpenses": 121000000, "operatingExpenses": 3622000000, "costAndExpenses": 6555000000, "interestExpense": 0.0, "depreciationAndAmortization": 426000000, "ebitda": 2033000000, "ebitdaratio": 0.24908110757167362, "operatingIncome": 1607000000, "operatingIncomeRatio": 0.19688801764273461, "totalOtherIncomeExpensesNet": -9000000.0, "incomeBeforeTax": 1687000000, "incomeBeforeTaxRatio": 0.20668953687821612, "incomeTaxExpense": 339000000, "netIncome": 1348000000, "netIncomeRatio": 0.16515559911786326, "eps": 0.86, "epsdiluted": 0.86, "weightedAverageShsOut": 5844000000, "weightedAverageShsOutDil": 5871000000, "link": "https://www.sec.gov/Archives/edgar/data/858877/000119312509115281/0001193125-09-115281-index.htm", "finalLink": "https://www.sec.gov/Archives/edgar/data/858877/000119312509115281/d10q.htm"}, {"date": "2009-01-24", "symbol": "CSCO", "fillingDate": "2009-02-17", "acceptedDate": "2009-02-17 06:11:17", "period": "Q2", "revenue": 9089000000, "costOfRevenue": 3366000000, "grossProfit": 5723000000, "grossProfitRatio": 0.6296622290681043, "researchAndDevelopmentExpenses": 1279000000, "generalAndAdministrativeExpenses": 380000000, "sellingAndMarketingExpenses": 2155000000, "otherExpenses": 136000000, "operatingExpenses": 3950000000, "costAndExpenses": 7316000000, "interestExpense": 0.0, "depreciationAndAmortization": 425000000, "ebitda": 2198000000, "ebitdaratio": 0.2418307844647376, "operatingIncome": 1773000000, "operatingIncomeRatio": 0.19507096490262954, "totalOtherIncomeExpensesNet": -64000000, "incomeBeforeTax": 1868000000, "incomeBeforeTaxRatio": 0.20552315986357134, "incomeTaxExpense": 364000000, "netIncome": 1504000000, "netIncomeRatio": 0.16547474969743647, "eps": 0.63, "epsdiluted": 0.63, "weightedAverageShsOut": 5865000000, "weightedAverageShsOutDil": 5901000000, "link": "https://www.sec.gov/Archives/edgar/data/858877/000119312509030008/0001193125-09-030008-index.htm", "finalLink": "https://www.sec.gov/Archives/edgar/data/858877/000119312509030008/d10q.htm"}, {"date": "2008-10-25", "symbol": "CSCO", "fillingDate": "2008-11-18", "acceptedDate": "2008-11-18 06:17:00", "period": "Q1", "revenue": 10331000000, "costOfRevenue": 3650000000, "grossProfit": 6681000000, "grossProfitRatio": 0.6466944148678734, "researchAndDevelopmentExpenses": 1406000000, "generalAndAdministrativeExpenses": 395000000, "sellingAndMarketingExpenses": 2283000000, "otherExpenses": 115000000, "operatingExpenses": 4199000000, "costAndExpenses": 7849000000, "interestExpense": 0.0, "depreciationAndAmortization": 393000000, "ebitda": 2875000000, "ebitdaratio": 0.2782886458232504, "operatingIncome": 2482000000, "operatingIncomeRatio": 0.2402477978898461, "totalOtherIncomeExpensesNet": -72000000, "incomeBeforeTax": 2605000000, "incomeBeforeTaxRatio": 0.25215371212854515, "incomeTaxExpense": 404000000, "netIncome": 2201000000, "netIncomeRatio": 0.2130481076372084, "eps": 0.37, "epsdiluted": 0.37, "weightedAverageShsOut": 5881000000, "weightedAverageShsOutDil": 5972000000, "link": "https://www.sec.gov/Archives/edgar/data/858877/000119312508238118/0001193125-08-238118-index.htm", "finalLink": "https://www.sec.gov/Archives/edgar/data/858877/000119312508195608/d10k.htm"}, {"date": "2008-07-26", "symbol": "CSCO", "fillingDate": "2008-09-15", "acceptedDate": "2008-09-15 06:17:03", "period": "FY", "revenue": 10364000000, "costOfRevenue": 3698000000, "grossProfit": 6666000000, "grossProfitRatio": 0.6431879583172521, "researchAndDevelopmentExpenses": 1306000000, "generalAndAdministrativeExpenses": -1489000000, "sellingAndMarketingExpenses": 2164000000, "otherExpenses": 2156000000, "operatingExpenses": 4137000000, "costAndExpenses": 7835000000, "interestExpense": 0.0, "depreciationAndAmortization": 430000000, "ebitda": 2959000000, "ebitdaratio": 0.2855075260517175, "operatingIncome": 2529000000, "operatingIncomeRatio": 0.24401775376302587, "totalOtherIncomeExpensesNet": -31000000, "incomeBeforeTax": 2686000000, "incomeBeforeTaxRatio": 0.2591663450405249, "incomeTaxExpense": 672000000, "netIncome": 2014000000, "netIncomeRatio": 0.19432651485912775, "eps": 1.35, "epsdiluted": 1.35, "weightedAverageShsOut": 5986000000, "weightedAverageShsOutDil": 5986000000, "link": "https://www.sec.gov/Archives/edgar/data/858877/000119312508195608/0001193125-08-195608-index.htm", "finalLink": "https://www.sec.gov/Archives/edgar/data/858877/000119312508195608/d10k.htm"}, {"date": "2008-04-26", "symbol": "CSCO", "fillingDate": "2008-05-22", "acceptedDate": "2008-05-22 06:09:17", "period": "Q3", "revenue": 9791000000, "costOfRevenue": 3486000000, "grossProfit": 6305000000, "grossProfitRatio": 0.6439587376161782, "researchAndDevelopmentExpenses": 1439000000, "generalAndAdministrativeExpenses": 479000000, "sellingAndMarketingExpenses": 2129000000, "otherExpenses": 117000000, "operatingExpenses": 4164000000, "costAndExpenses": 7650000000, "interestExpense": 0.0, "depreciationAndAmortization": 436000000, "ebitda": 2577000000, "ebitdaratio": 0.2632008987845981, "operatingIncome": 2141000000, "operatingIncomeRatio": 0.21867020733326525, "totalOtherIncomeExpensesNet": -33000000, "incomeBeforeTax": 2309000000, "incomeBeforeTaxRatio": 0.23582882238790726, "incomeTaxExpense": 536000000, "netIncome": 1773000000, "netIncomeRatio": 0.18108466959452557, "eps": 1.0, "epsdiluted": 0.97, "weightedAverageShsOut": 6014000000, "weightedAverageShsOutDil": 6202000000, "link": "https://www.sec.gov/Archives/edgar/data/858877/000119312508120371/0001193125-08-120371-index.htm", "finalLink": "https://www.sec.gov/Archives/edgar/data/858877/000119312508120371/d10q.htm"}, {"date": "2008-01-26", "symbol": "CSCO", "fillingDate": "2008-02-19", "acceptedDate": "2008-02-19 06:12:50", "period": "Q2", "revenue": 9831000000, "costOfRevenue": 3491000000, "grossProfit": 6340000000, "grossProfitRatio": 0.6448987895432815, "researchAndDevelopmentExpenses": 1216000000, "generalAndAdministrativeExpenses": 520000000, "sellingAndMarketingExpenses": 4087000000, "otherExpenses": -1887000000, "operatingExpenses": 3936000000, "costAndExpenses": 7427000000, "interestExpense": 0.0, "depreciationAndAmortization": 457000000, "ebitda": 2861000000, "ebitdaratio": 0.2910182077103041, "operatingIncome": 2404000000, "operatingIncomeRatio": 0.24453260095615909, "totalOtherIncomeExpensesNet": 22000000, "incomeBeforeTax": 2638000000, "incomeBeforeTaxRatio": 0.26833485911911303, "incomeTaxExpense": 578000000, "netIncome": 2060000000, "netIncomeRatio": 0.20954124707557725, "eps": 0.71, "epsdiluted": 0.71, "weightedAverageShsOut": 6049000000, "weightedAverageShsOutDil": 6049000000, "link": "https://www.sec.gov/Archives/edgar/data/858877/000119312508033075/0001193125-08-033075-index.htm", "finalLink": "https://www.sec.gov/Archives/edgar/data/858877/000119312508033075/d10q.htm"}, {"date": "2007-10-27", "symbol": "CSCO", "fillingDate": "2007-11-20", "acceptedDate": "2007-11-20 06:44:16", "period": "Q1", "revenue": 9554000000, "costOfRevenue": 3381000000, "grossProfit": 6173000000, "grossProfitRatio": 0.6461168097132092, "researchAndDevelopmentExpenses": 1192000000, "generalAndAdministrativeExpenses": 490000000, "sellingAndMarketingExpenses": 0.0, "otherExpenses": 2123000000, "operatingExpenses": 3805000000, "costAndExpenses": 7186000000, "interestExpense": 0.0, "depreciationAndAmortization": 421000000, "ebitda": 2789000000, "ebitdaratio": 0.29191961482101736, "operatingIncome": 2368000000, "operatingIncomeRatio": 0.24785430186309398, "totalOtherIncomeExpensesNet": 31000000, "incomeBeforeTax": 2622000000, "incomeBeforeTaxRatio": 0.2744400251203684, "incomeTaxExpense": 417000000, "netIncome": 2205000000, "netIncomeRatio": 0.23079338496964621, "eps": 0.36, "epsdiluted": 0.36, "weightedAverageShsOut": 6087000000, "weightedAverageShsOutDil": 6087000000, "link": "https://www.sec.gov/Archives/edgar/data/858877/000119312507250673/0001193125-07-250673-index.htm", "finalLink": "https://www.sec.gov/Archives/edgar/data/858877/000119312507202552/d10k.htm"}, {"date": "2007-07-28", "symbol": "CSCO", "fillingDate": "2007-09-18", "acceptedDate": "2007-09-18 06:32:44", "period": "FY", "revenue": 9433000000, "costOfRevenue": 3365000000, "grossProfit": 6068000000, "grossProfitRatio": 0.6432736139086187, "researchAndDevelopmentExpenses": 1178000000, "generalAndAdministrativeExpenses": 431000000, "sellingAndMarketingExpenses": 1973000000, "otherExpenses": 183000000, "operatingExpenses": 3765000000, "costAndExpenses": 7130000000, "interestExpense": 0.0, "depreciationAndAmortization": 374000000, "ebitda": 2677000000, "ebitdaratio": 0.283790946676561, "operatingIncome": 2303000000, "operatingIncomeRatio": 0.24414290257606275, "totalOtherIncomeExpensesNet": 31000000, "incomeBeforeTax": 2531000000, "incomeBeforeTaxRatio": 0.2683133679635323, "incomeTaxExpense": 601000000, "netIncome": 1930000000, "netIncomeRatio": 0.20460086928866744, "eps": 1.21, "epsdiluted": 1.21, "weightedAverageShsOut": 6055000000, "weightedAverageShsOutDil": 6055000000, "link": "https://www.sec.gov/Archives/edgar/data/858877/000119312507202552/0001193125-07-202552-index.htm", "finalLink": "https://www.sec.gov/Archives/edgar/data/858877/000119312507202552/d10k.htm"}, {"date": "2007-04-28", "symbol": "CSCO", "fillingDate": "2007-05-24", "acceptedDate": "2007-05-24 06:20:50", "period": "Q3", "revenue": 8866000000, "costOfRevenue": 3219000000, "grossProfit": 5647000000, "grossProfitRatio": 0.6369275885404918, "researchAndDevelopmentExpenses": 1144000000, "generalAndAdministrativeExpenses": 378000000, "sellingAndMarketingExpenses": 1830000000, "otherExpenses": 98000000, "operatingExpenses": 3450000000, "costAndExpenses": 6669000000, "interestExpense": 0.0, "depreciationAndAmortization": 349000000, "ebitda": 2546000000, "ebitdaratio": 0.287164448454771, "operatingIncome": 2197000000, "operatingIncomeRatio": 0.24780058651026393, "totalOtherIncomeExpensesNet": 33000000, "incomeBeforeTax": 2419000000, "incomeBeforeTaxRatio": 0.2728400631626438, "incomeTaxExpense": 545000000, "netIncome": 1874000000, "netIncomeRatio": 0.2113692758854049, "eps": 0.89, "epsdiluted": 0.89, "weightedAverageShsOut": 6052000000, "weightedAverageShsOutDil": 6052000000, "link": "https://www.sec.gov/Archives/edgar/data/858877/000119312507122037/0001193125-07-122037-index.htm", "finalLink": "https://www.sec.gov/Archives/edgar/data/858877/000119312507122037/d10q.htm"}, {"date": "2007-01-27", "symbol": "CSCO", "fillingDate": "2007-02-20", "acceptedDate": "2007-02-20 06:10:58", "period": "Q2", "revenue": 8439000000, "costOfRevenue": 3051000000, "grossProfit": 5388000000, "grossProfitRatio": 0.6384642730181301, "researchAndDevelopmentExpenses": 1094000000, "generalAndAdministrativeExpenses": 340000000, "sellingAndMarketingExpenses": 1726000000, "otherExpenses": 98000000, "operatingExpenses": 3258000000, "costAndExpenses": 6309000000, "interestExpense": 0.0, "depreciationAndAmortization": 342000000, "ebitda": 2472000000, "ebitdaratio": 0.2929257020974049, "operatingIncome": 2130000000, "operatingIncomeRatio": 0.2523995734091717, "totalOtherIncomeExpensesNet": 33000000, "incomeBeforeTax": 2335000000, "incomeBeforeTaxRatio": 0.27669155113165067, "incomeTaxExpense": 414000000, "netIncome": 1921000000, "netIncomeRatio": 0.22763360587747364, "eps": 0.58, "epsdiluted": 0.58, "weightedAverageShsOut": 6060000000, "weightedAverageShsOutDil": 6060000000, "link": "https://www.sec.gov/Archives/edgar/data/858877/000119312507034601/0001193125-07-034601-index.htm", "finalLink": "https://www.sec.gov/Archives/edgar/data/858877/000119312507034601/d10q.htm"}, {"date": "2006-10-28", "symbol": "CSCO", "fillingDate": "2006-11-21", "acceptedDate": "2006-11-21 06:16:47", "period": "Q1", "revenue": 8184000000, "costOfRevenue": 2951000000, "grossProfit": 5233000000, "grossProfitRatio": 0.6394183773216031, "researchAndDevelopmentExpenses": 1083000000, "generalAndAdministrativeExpenses": 364000000, "sellingAndMarketingExpenses": 1686000000, "otherExpenses": 109000000, "operatingExpenses": 3242000000, "costAndExpenses": 6193000000, "interestExpense": 0.0, "depreciationAndAmortization": 348000000, "ebitda": 2339000000, "ebitdaratio": 0.2858015640273705, "operatingIncome": 1991000000, "operatingIncomeRatio": 0.24327956989247312, "totalOtherIncomeExpensesNet": 28000000, "incomeBeforeTax": 2176000000, "incomeBeforeTaxRatio": 0.26588465298142716, "incomeTaxExpense": 568000000, "netIncome": 1608000000, "netIncomeRatio": 0.19648093841642228, "eps": 0.27, "epsdiluted": 0.27, "weightedAverageShsOut": 6061000000, "weightedAverageShsOutDil": 6061000000, "link": "https://www.sec.gov/Archives/edgar/data/858877/000119312506239635/0001193125-06-239635-index.htm", "finalLink": "https://www.sec.gov/Archives/edgar/data/858877/000119312506192133/d10k.htm"}, {"date": "2006-07-29", "symbol": "CSCO", "fillingDate": "2006-09-18", "acceptedDate": "2006-09-18 08:32:55", "period": "FY", "revenue": 7984000000, "costOfRevenue": 2839000000, "grossProfit": 5145000000, "grossProfitRatio": 0.6444138276553106, "researchAndDevelopmentExpenses": 1064000000, "generalAndAdministrativeExpenses": 311000000, "sellingAndMarketingExpenses": 1600000000, "otherExpenses": 180000000, "operatingExpenses": 3155000000, "costAndExpenses": 5994000000, "interestExpense": 0.0, "depreciationAndAmortization": -463000000, "ebitda": 1527000000, "ebitdaratio": 0.1912575150300601, "operatingIncome": 1990000000, "operatingIncomeRatio": 0.249248496993988, "totalOtherIncomeExpensesNet": 13000000, "incomeBeforeTax": 2146000000, "incomeBeforeTaxRatio": 0.2687875751503006, "incomeTaxExpense": 602000000, "netIncome": 1544000000, "netIncomeRatio": 0.1933867735470942, "eps": 0.91, "epsdiluted": 0.91, "weightedAverageShsOut": 6158000000, "weightedAverageShsOutDil": 6158000000, "link": "https://www.sec.gov/Archives/edgar/data/858877/000119312506192133/0001193125-06-192133-index.htm", "finalLink": "https://www.sec.gov/Archives/edgar/data/858877/000119312506192133/d10k.htm"}, {"date": "2006-04-29", "symbol": "CSCO", "fillingDate": "2006-05-25", "acceptedDate": "2006-05-25 06:16:01", "period": "Q3", "revenue": 7322000000, "costOfRevenue": 2596000000, "grossProfit": 4726000000, "grossProfitRatio": 0.6454520622780661, "researchAndDevelopmentExpenses": 1041000000, "generalAndAdministrativeExpenses": 298000000, "sellingAndMarketingExpenses": 1547000000, "otherExpenses": 187000000, "operatingExpenses": 3073000000, "costAndExpenses": 5669000000, "interestExpense": 0.0, "depreciationAndAmortization": 344000000, "ebitda": 1997000000, "ebitdaratio": 0.27273968860966946, "operatingIncome": 1653000000, "operatingIncomeRatio": 0.2257579896203223, "totalOtherIncomeExpensesNet": -305000000, "incomeBeforeTax": 1812000000, "incomeBeforeTaxRatio": 0.24747336793225894, "incomeTaxExpense": 412000000, "netIncome": 1400000000, "netIncomeRatio": 0.19120458891013384, "eps": 0.65, "epsdiluted": 0.64, "weightedAverageShsOut": 6184000000, "weightedAverageShsOutDil": 6300000000, "link": "https://www.sec.gov/Archives/edgar/data/858877/000119312506119108/0001193125-06-119108-index.htm", "finalLink": "https://www.sec.gov/Archives/edgar/data/858877/000119312506119108/d10q.htm"}, {"date": "2006-01-28", "symbol": "CSCO", "fillingDate": "2006-02-21", "acceptedDate": "2006-02-21 07:05:17", "period": "Q2", "revenue": 6628000000, "costOfRevenue": 2162000000, "grossProfit": 4466000000, "grossProfitRatio": 0.6738080869040435, "researchAndDevelopmentExpenses": 966000000, "generalAndAdministrativeExpenses": 282000000, "sellingAndMarketingExpenses": 1431000000, "otherExpenses": 56000000, "operatingExpenses": 2735000000, "costAndExpenses": 4897000000, "interestExpense": 0.0, "depreciationAndAmortization": 254000000, "ebitda": 1985000000, "ebitdaratio": 0.29948702474351235, "operatingIncome": 1731000000, "operatingIncomeRatio": 0.2611647555823778, "totalOtherIncomeExpensesNet": 339000000, "incomeBeforeTax": 1916000000, "incomeBeforeTaxRatio": 0.28907664453832227, "incomeTaxExpense": 541000000, "netIncome": 1375000000, "netIncomeRatio": 0.20745322872661437, "eps": 0.43, "epsdiluted": 0.42, "weightedAverageShsOut": 6195000000, "weightedAverageShsOutDil": 6301000000, "link": "https://www.sec.gov/Archives/edgar/data/858877/000119312506035213/0001193125-06-035213-index.htm", "finalLink": "https://www.sec.gov/Archives/edgar/data/858877/000119312506035213/d10q.htm"}, {"date": "2005-10-29", "symbol": "CSCO", "fillingDate": "2005-11-23", "acceptedDate": "2005-11-23 06:33:13", "period": "Q1", "revenue": 6550000000, "costOfRevenue": 2140000000, "grossProfit": 4410000000, "grossProfitRatio": 0.6732824427480916, "researchAndDevelopmentExpenses": 996000000, "generalAndAdministrativeExpenses": 278000000, "sellingAndMarketingExpenses": 1453000000, "otherExpenses": 61000000, "operatingExpenses": 2788000000, "costAndExpenses": 4928000000, "interestExpense": 0.0, "depreciationAndAmortization": 258000000, "ebitda": 1880000000, "ebitdaratio": 0.2870229007633588, "operatingIncome": 1622000000, "operatingIncomeRatio": 0.24763358778625955, "totalOtherIncomeExpensesNet": -17000000, "incomeBeforeTax": 1759000000, "incomeBeforeTaxRatio": 0.2685496183206107, "incomeTaxExpense": 498000000, "netIncome": 1261000000, "netIncomeRatio": 0.19251908396946565, "eps": 0.2, "epsdiluted": 0.2, "weightedAverageShsOut": 6245000000, "weightedAverageShsOutDil": 6245000000, "link": "https://www.sec.gov/Archives/edgar/data/858877/000119312505231378/0001193125-05-231378-index.htm", "finalLink": "https://www.sec.gov/Archives/edgar/data/858877/000119312505187168/d10k.htm"}, {"date": "2005-07-30", "symbol": "CSCO", "fillingDate": "2005-09-19", "acceptedDate": "2005-09-19 06:27:54", "period": "FY", "revenue": 6581000000, "costOfRevenue": 2113000000, "grossProfit": 4468000000, "grossProfitRatio": 0.678924175657195, "researchAndDevelopmentExpenses": 883000000, "generalAndAdministrativeExpenses": 257000000, "sellingAndMarketingExpenses": 1269000000, "otherExpenses": 62000000, "operatingExpenses": 2471000000, "costAndExpenses": 4584000000, "interestExpense": 0.0, "depreciationAndAmortization": 258000000, "ebitda": 2255000000, "ebitdaratio": 0.3426530922352226, "operatingIncome": 1997000000, "operatingIncomeRatio": 0.30344932381097095, "totalOtherIncomeExpensesNet": 3000000.0, "incomeBeforeTax": 2153000000, "incomeBeforeTaxRatio": 0.32715392797447196, "incomeTaxExpense": 613000000, "netIncome": 1540000000, "netIncomeRatio": 0.23400698981917642, "eps": 0.88, "epsdiluted": 0.88, "weightedAverageShsOut": 6487000000, "weightedAverageShsOutDil": 6487000000, "link": "https://www.sec.gov/Archives/edgar/data/858877/000119312505187168/0001193125-05-187168-index.htm", "finalLink": "https://www.sec.gov/Archives/edgar/data/858877/000119312505187168/d10k.htm"}, {"date": "2005-04-30", "symbol": "CSCO", "fillingDate": "2005-05-27", "acceptedDate": "2005-05-26 21:22:39", "period": "Q3", "revenue": 6187000000, "costOfRevenue": 2052000000, "grossProfit": 4135000000, "grossProfitRatio": 0.6683368352998222, "researchAndDevelopmentExpenses": 823000000, "generalAndAdministrativeExpenses": 244000000, "sellingAndMarketingExpenses": 1190000000, "otherExpenses": 60000000, "operatingExpenses": 2317000000, "costAndExpenses": 4369000000, "interestExpense": 0.0, "depreciationAndAmortization": 164000000, "ebitda": 1982000000, "ebitdaratio": 0.32034911912073705, "operatingIncome": 1818000000, "operatingIncomeRatio": 0.293841926620333, "totalOtherIncomeExpensesNet": 8000000.0, "incomeBeforeTax": 1968000000, "incomeBeforeTaxRatio": 0.3180863100048489, "incomeTaxExpense": 563000000, "netIncome": 1405000000, "netIncomeRatio": 0.22708905770163246, "eps": 0.64, "epsdiluted": 0.63, "weightedAverageShsOut": 6529000000, "weightedAverageShsOutDil": 6656000000, "link": "https://www.sec.gov/Archives/edgar/data/858877/000119312505115907/0001193125-05-115907-index.htm", "finalLink": "https://www.sec.gov/Archives/edgar/data/858877/000119312505115907/d10q.htm"}, {"date": "2005-01-29", "symbol": "CSCO", "fillingDate": "2005-02-22", "acceptedDate": "2005-02-22 06:21:01", "period": "Q2", "revenue": 6062000000, "costOfRevenue": 2009000000, "grossProfit": 4053000000, "grossProfitRatio": 0.6685912240184757, "researchAndDevelopmentExpenses": 811000000, "generalAndAdministrativeExpenses": 228000000, "sellingAndMarketingExpenses": 1142000000, "otherExpenses": 59000000, "operatingExpenses": 2240000000, "costAndExpenses": 4249000000, "interestExpense": 0.0, "depreciationAndAmortization": 296000000, "ebitda": 2109000000, "ebitdaratio": 0.34790498185417357, "operatingIncome": 1813000000, "operatingIncomeRatio": 0.29907621247113164, "totalOtherIncomeExpensesNet": 17000000, "incomeBeforeTax": 1957000000, "incomeBeforeTaxRatio": 0.3228307489277466, "incomeTaxExpense": 557000000, "netIncome": 1400000000, "netIncomeRatio": 0.23094688221709006, "eps": 0.43, "epsdiluted": 0.42, "weightedAverageShsOut": 6577000000, "weightedAverageShsOutDil": 6713000000, "link": "https://www.sec.gov/Archives/edgar/data/858877/000119312505033596/0001193125-05-033596-index.htm", "finalLink": "https://www.sec.gov/Archives/edgar/data/858877/000119312505033596/d10q.htm"}, {"date": "2004-10-30", "symbol": "CSCO", "fillingDate": "2004-11-22", "acceptedDate": "2004-11-19 20:47:33", "period": "Q1", "revenue": 5971000000, "costOfRevenue": 1956000000, "grossProfit": 4015000000, "grossProfitRatio": 0.6724166806230112, "researchAndDevelopmentExpenses": 805000000, "generalAndAdministrativeExpenses": 230000000, "sellingAndMarketingExpenses": 1120000000, "otherExpenses": 72000000, "operatingExpenses": 2227000000, "costAndExpenses": 4183000000, "interestExpense": 0.0, "depreciationAndAmortization": 291000000, "ebitda": 2079000000, "ebitdaratio": 0.3481828839390387, "operatingIncome": 1788000000, "operatingIncomeRatio": 0.29944732875565233, "totalOtherIncomeExpensesNet": 40000000, "incomeBeforeTax": 1958000000, "incomeBeforeTaxRatio": 0.3279182716462904, "incomeTaxExpense": 562000000, "netIncome": 1396000000, "netIncomeRatio": 0.23379668397253392, "eps": 0.21, "epsdiluted": 0.21, "weightedAverageShsOut": 6635000000, "weightedAverageShsOutDil": 6635000000, "link": "https://www.sec.gov/Archives/edgar/data/858877/000119312504200991/0001193125-04-200991-index.htm", "finalLink": "https://www.sec.gov/Archives/edgar/data/858877/000119312504158427/d10k.htm"}, {"date": "2004-07-31", "symbol": "CSCO", "fillingDate": "2004-09-20", "acceptedDate": "2004-09-20 07:29:05", "period": "FY", "revenue": 5926000000, "costOfRevenue": 1871000000, "grossProfit": 4055000000, "grossProfitRatio": 0.6842726965912926, "researchAndDevelopmentExpenses": 800000000, "generalAndAdministrativeExpenses": 214000000, "sellingAndMarketingExpenses": 1180000000, "otherExpenses": 60000000, "operatingExpenses": 2254000000, "costAndExpenses": 4125000000, "interestExpense": 0.0, "depreciationAndAmortization": 310000000, "ebitda": 2111000000, "ebitdaratio": 0.3562267971650354, "operatingIncome": 1801000000, "operatingIncomeRatio": 0.3039149510631117, "totalOtherIncomeExpensesNet": 11000000, "incomeBeforeTax": 1936000000, "incomeBeforeTaxRatio": 0.3266959163010462, "incomeTaxExpense": 556000000, "netIncome": 1380000000, "netIncomeRatio": 0.23287208909888626, "eps": 0.73, "epsdiluted": 0.73, "weightedAverageShsOut": 6840000000, "weightedAverageShsOutDil": 6840000000, "link": "https://www.sec.gov/Archives/edgar/data/858877/000119312504158427/0001193125-04-158427-index.htm", "finalLink": "https://www.sec.gov/Archives/edgar/data/858877/000119312504158427/d10k.htm"}, {"date": "2004-05-01", "symbol": "CSCO", "fillingDate": "2004-05-27", "acceptedDate": "2004-05-26 21:04:46", "period": "Q3", "revenue": 5620000000, "costOfRevenue": 1753000000, "grossProfit": 3867000000, "grossProfitRatio": 0.6880782918149466, "researchAndDevelopmentExpenses": 867000000, "generalAndAdministrativeExpenses": 231000000, "sellingAndMarketingExpenses": 1153000000, "otherExpenses": 62000000, "operatingExpenses": 2313000000, "costAndExpenses": 4066000000, "interestExpense": 0.0, "depreciationAndAmortization": 347000000, "ebitda": 1901000000, "ebitdaratio": 0.3382562277580071, "operatingIncome": 1554000000, "operatingIncomeRatio": 0.2765124555160142, "totalOtherIncomeExpensesNet": 40000000, "incomeBeforeTax": 1721000000, "incomeBeforeTaxRatio": 0.30622775800711743, "incomeTaxExpense": 510000000, "netIncome": 1211000000, "netIncomeRatio": 0.21548042704626336, "eps": 0.52, "epsdiluted": 0.51, "weightedAverageShsOut": 6872000000, "weightedAverageShsOutDil": 7095000000, "link": "https://www.sec.gov/Archives/edgar/data/858877/000119312504094992/0001193125-04-094992-index.htm", "finalLink": "https://www.sec.gov/Archives/edgar/data/858877/000119312504094992/d10q.htm"}, {"date": "2004-01-24", "symbol": "CSCO", "fillingDate": "2004-02-17", "acceptedDate": "2004-02-13 21:21:09", "period": "Q2", "revenue": 5398000000, "costOfRevenue": 1700000000, "grossProfit": 3698000000, "grossProfitRatio": 0.68506854390515, "researchAndDevelopmentExpenses": 770000000, "generalAndAdministrativeExpenses": 210000000, "sellingAndMarketingExpenses": 1110000000, "otherExpenses": 61000000, "operatingExpenses": 2151000000, "costAndExpenses": 3851000000, "interestExpense": 0.0, "depreciationAndAmortization": 389000000, "ebitda": 1936000000, "ebitdaratio": 0.3586513523527232, "operatingIncome": 1547000000, "operatingIncomeRatio": 0.28658762504631347, "totalOtherIncomeExpensesNet": 136000000, "incomeBeforeTax": 1807000000, "incomeBeforeTaxRatio": 0.3347536124490552, "incomeTaxExpense": 516000000, "netIncome": 724000000, "netIncomeRatio": 0.1341237495368655, "eps": 0.34, "epsdiluted": 0.33, "weightedAverageShsOut": 6904000000, "weightedAverageShsOutDil": 7110000000, "link": "https://www.sec.gov/Archives/edgar/data/858877/000119312504023633/0001193125-04-023633-index.htm", "finalLink": "https://www.sec.gov/Archives/edgar/data/858877/000119312504023633/d10q.htm"}, {"date": "2003-10-25", "symbol": "CSCO", "fillingDate": "2003-11-17", "acceptedDate": "2003-11-14 21:39:47", "period": "Q1", "revenue": 5101000000, "costOfRevenue": 1595000000, "grossProfit": 3506000000, "grossProfitRatio": 0.6873162125073515, "researchAndDevelopmentExpenses": 755000000, "generalAndAdministrativeExpenses": 212000000, "sellingAndMarketingExpenses": 1087000000, "otherExpenses": 62000000, "operatingExpenses": 2116000000, "costAndExpenses": 3711000000, "interestExpense": 0.0, "depreciationAndAmortization": 397000000, "ebitda": 1787000000, "ebitdaratio": 0.3503234659870614, "operatingIncome": 1390000000, "operatingIncomeRatio": 0.27249558910017646, "totalOtherIncomeExpensesNet": 1000000.0, "incomeBeforeTax": 1528000000, "incomeBeforeTaxRatio": 0.2995491080180357, "incomeTaxExpense": 442000000, "netIncome": 1086000000, "netIncomeRatio": 0.21289943148402274, "eps": 0.16, "epsdiluted": 0.16, "weightedAverageShsOut": 6932000000, "weightedAverageShsOutDil": 6932000000, "link": "https://www.sec.gov/Archives/edgar/data/858877/000119312503082276/0001193125-03-082276-index.htm", "finalLink": "https://www.sec.gov/Archives/edgar/data/858877/000119312503047374/d10k.htm"}, {"date": "2003-07-26", "symbol": "CSCO", "fillingDate": "2003-09-10", "acceptedDate": "2003-09-09 21:44:56", "period": "FY", "revenue": 4702000000, "costOfRevenue": 1413000000, "grossProfit": 3289000000, "grossProfitRatio": 0.6994895789025947, "researchAndDevelopmentExpenses": 760000000, "generalAndAdministrativeExpenses": 190000000, "sellingAndMarketingExpenses": 1024000000, "otherExpenses": 111000000, "operatingExpenses": 2085000000, "costAndExpenses": 3498000000, "interestExpense": 0.0, "depreciationAndAmortization": 425000000, "ebitda": 1629000000, "ebitdaratio": 0.3464483198638877, "operatingIncome": 1204000000, "operatingIncomeRatio": 0.25606125053168866, "totalOtherIncomeExpensesNet": -529000000, "incomeBeforeTax": 1373000000, "incomeBeforeTaxRatio": 0.292003402807316, "incomeTaxExpense": 391000000, "netIncome": 982000000, "netIncomeRatio": 0.20884729902169288, "eps": 0.5, "epsdiluted": 0.5, "weightedAverageShsOut": 7124000000, "weightedAverageShsOutDil": 7124000000, "link": "https://www.sec.gov/Archives/edgar/data/858877/000119312503047374/0001193125-03-047374-index.htm", "finalLink": "https://www.sec.gov/Archives/edgar/data/858877/000119312503047374/d10k.htm"}, {"date": "2003-04-26", "symbol": "CSCO", "fillingDate": "2003-05-19", "acceptedDate": "2003-05-16 21:41:52", "period": "Q3", "revenue": 4618000000, "costOfRevenue": 1349000000, "grossProfit": 3269000000, "grossProfitRatio": 0.7078822000866176, "researchAndDevelopmentExpenses": 725000000, "generalAndAdministrativeExpenses": 184000000, "sellingAndMarketingExpenses": 1019000000, "otherExpenses": 95000000, "operatingExpenses": 2023000000, "costAndExpenses": 3372000000, "interestExpense": 0.0, "depreciationAndAmortization": 383000000, "ebitda": 1629000000, "ebitdaratio": 0.3527501082719792, "operatingIncome": 1246000000, "operatingIncomeRatio": 0.26981377219575575, "totalOtherIncomeExpensesNet": 0.0, "incomeBeforeTax": 1381000000, "incomeBeforeTaxRatio": 0.2990472065829363, "incomeTaxExpense": 394000000, "netIncome": 987000000, "netIncomeRatio": 0.2137288869640537, "eps": 0.36, "epsdiluted": 0.36, "weightedAverageShsOut": 7165000000, "weightedAverageShsOutDil": 7165000000, "link": "https://www.sec.gov/Archives/edgar/data/858877/000101287003002696/0001012870-03-002696-index.htm", "finalLink": "https://www.sec.gov/Archives/edgar/data/858877/000101287003002696/d10q.htm"}, {"date": "2003-01-25", "symbol": "CSCO", "fillingDate": "2003-02-24", "acceptedDate": "2003-02-21 21:36:50", "period": "Q2", "revenue": 4713000000, "costOfRevenue": 1396000000, "grossProfit": 3317000000, "grossProfitRatio": 0.7037980055166561, "researchAndDevelopmentExpenses": 826000000, "generalAndAdministrativeExpenses": 174000000, "sellingAndMarketingExpenses": 975000000, "otherExpenses": 78000000, "operatingExpenses": 2053000000, "costAndExpenses": 3449000000, "interestExpense": 0.0, "depreciationAndAmortization": 373000000, "ebitda": 1637000000, "ebitdaratio": 0.3473371525567579, "operatingIncome": 1264000000, "operatingIncomeRatio": 0.2681943560364948, "totalOtherIncomeExpensesNet": 475000000, "incomeBeforeTax": 1387000000, "incomeBeforeTaxRatio": 0.2942923827710588, "incomeTaxExpense": 396000000, "netIncome": 991000000, "netIncomeRatio": 0.21026946743051136, "eps": 0.22, "epsdiluted": 0.22, "weightedAverageShsOut": 7217000000, "weightedAverageShsOutDil": 7217000000, "link": "https://www.sec.gov/Archives/edgar/data/858877/000089161803001007/0000891618-03-001007-index.htm", "finalLink": "https://www.sec.gov/Archives/edgar/data/858877/000089161803001007/f87804e10vq.htm"}, {"date": "2002-10-26", "symbol": "CSCO", "fillingDate": "2002-11-21", "acceptedDate": "2002-11-20 21:12:44", "period": "Q1", "revenue": 4845000000, "costOfRevenue": 1487000000, "grossProfit": 3358000000, "grossProfitRatio": 0.6930856553147575, "researchAndDevelopmentExpenses": 824000000, "generalAndAdministrativeExpenses": 154000000, "sellingAndMarketingExpenses": 1098000000, "otherExpenses": 114000000, "operatingExpenses": 2190000000, "costAndExpenses": 3677000000, "interestExpense": 0.0, "depreciationAndAmortization": 410000000, "ebitda": 1578000000, "ebitdaratio": 0.3256965944272446, "operatingIncome": 1168000000, "operatingIncomeRatio": 0.2410732714138287, "totalOtherIncomeExpensesNet": -475000000, "incomeBeforeTax": 872000000, "incomeBeforeTaxRatio": 0.17997936016511867, "incomeTaxExpense": 254000000, "netIncome": 618000000, "netIncomeRatio": 0.12755417956656348, "eps": 0.09, "epsdiluted": 0.09, "weightedAverageShsOut": 7249000000, "weightedAverageShsOutDil": 7249000000, "link": "https://www.sec.gov/Archives/edgar/data/858877/000089161802005292/0000891618-02-005292-index.htm", "finalLink": "https://www.sec.gov/Archives/edgar/data/858877/000089161802004345/f84358e10vk.htm"}, {"date": "2002-07-27", "symbol": "CSCO", "fillingDate": "2002-09-18", "acceptedDate": "2002-09-17 20:59:37", "period": "FY", "revenue": 4829000000, "costOfRevenue": 1546000000, "grossProfit": 3283000000, "grossProfitRatio": 0.6798509008076207, "researchAndDevelopmentExpenses": 831000000, "generalAndAdministrativeExpenses": 155000000, "sellingAndMarketingExpenses": 1034000000, "otherExpenses": 316000000, "operatingExpenses": 2336000000, "costAndExpenses": 3882000000, "interestExpense": 0.0, "depreciationAndAmortization": 604000000, "ebitda": 1551000000, "ebitdaratio": 0.3211845102505695, "operatingIncome": 947000000, "operatingIncomeRatio": 0.1961068544212052, "totalOtherIncomeExpensesNet": 150000000, "incomeBeforeTax": 1097000000, "incomeBeforeTaxRatio": 0.22716918616690826, "incomeTaxExpense": 325000000, "netIncome": 772000000, "netIncomeRatio": 0.15986746738455165, "eps": 0.26, "epsdiluted": 0.26, "weightedAverageShsOut": 7301000000, "weightedAverageShsOutDil": 7301000000, "link": "https://www.sec.gov/Archives/edgar/data/858877/000089161802004345/0000891618-02-004345-index.htm", "finalLink": "https://www.sec.gov/Archives/edgar/data/858877/000089161802004345/f84358e10vk.htm"}]