[{"date": "2020-03-31", "symbol": "CTSH", "fillingDate": "2020-05-08", "acceptedDate": "2020-05-08 08:26:34", "period": "Q1", "revenue": 4225000000, "costOfRevenue": 2747000000, "grossProfit": 1478000000, "grossProfitRatio": 0.3498224852071006, "researchAndDevelopmentExpenses": 0.0, "generalAndAdministrativeExpenses": 711000000, "sellingAndMarketingExpenses": 0.0, "otherExpenses": -69000000, "operatingExpenses": 711000000, "costAndExpenses": 3458000000, "interestExpense": 0.0, "depreciationAndAmortization": 136000000, "ebitda": 715000000, "ebitdaratio": 0.169230769231, "operatingIncome": 579000000, "operatingIncomeRatio": 0.137041420118, "totalOtherIncomeExpensesNet": -69000000, "incomeBeforeTax": 510000000, "incomeBeforeTaxRatio": 0.120710059172, "incomeTaxExpense": 142000000, "netIncome": 367000000, "netIncomeRatio": 0.0868639053254, "eps": 0.67, "epsdiluted": 0.67, "weightedAverageShsOut": 546000000, "weightedAverageShsOutDil": 546000000, "link": "https://www.sec.gov/Archives/edgar/data/1058290/000105829020000033/0001058290-20-000033-index.htm", "finalLink": "https://www.sec.gov/Archives/edgar/data/1058290/000105829020000033/ctsh-20200331.htm"}, {"date": "2019-12-31", "symbol": "CTSH", "fillingDate": "2020-02-14", "acceptedDate": "2020-02-14 09:28:06", "period": "FY", "revenue": 4284000000, "costOfRevenue": 2749000000, "grossProfit": 1535000000, "grossProfitRatio": 0.35830999066293184, "researchAndDevelopmentExpenses": 0.0, "generalAndAdministrativeExpenses": 560000000, "sellingAndMarketingExpenses": 0.0, "otherExpenses": 0.0, "operatingExpenses": 560000000, "costAndExpenses": 3309000000, "interestExpense": 6000000.0, "depreciationAndAmortization": 133000000, "ebitda": 759000000, "ebitdaratio": 0.17717086834733894, "operatingIncome": 626000000, "operatingIncomeRatio": 0.14612511671335202, "totalOtherIncomeExpensesNet": 0.0, "incomeBeforeTax": 626000000, "incomeBeforeTaxRatio": 0.14612511671335202, "incomeTaxExpense": -174000000, "netIncome": 395000000, "netIncomeRatio": 0.09220354808590103, "eps": 3.3, "epsdiluted": 3.3, "weightedAverageShsOut": 559000000, "weightedAverageShsOutDil": 560000000, "link": "https://www.sec.gov/Archives/edgar/data/1058290/000105829020000008/0001058290-20-000008-index.htm", "finalLink": "https://www.sec.gov/Archives/edgar/data/1058290/000105829020000008/ctsh20191231-10k.htm"}, {"date": "2019-09-30", "symbol": "CTSH", "fillingDate": "2019-10-31", "acceptedDate": "2019-10-31 16:04:31", "period": "Q3", "revenue": 4248000000, "costOfRevenue": 2681000000, "grossProfit": 1567000000, "grossProfitRatio": 0.368879472693032, "researchAndDevelopmentExpenses": 0.0, "generalAndAdministrativeExpenses": 771000000, "sellingAndMarketingExpenses": 0.0, "otherExpenses": -11000000, "operatingExpenses": 771000000, "costAndExpenses": 3452000000, "interestExpense": 7000000.0, "depreciationAndAmortization": 127000000, "ebitda": 796000000, "ebitdaratio": 0.187382297552, "operatingIncome": 669000000, "operatingIncomeRatio": 0.157485875706, "totalOtherIncomeExpensesNet": -11000000, "incomeBeforeTax": 657000000, "incomeBeforeTaxRatio": 0.154661016949, "incomeTaxExpense": 160000000, "netIncome": 497000000, "netIncomeRatio": 0.116996233522, "eps": 0.9, "epsdiluted": 0.9, "weightedAverageShsOut": 563000000, "weightedAverageShsOutDil": 563000000, "link": "https://www.sec.gov/Archives/edgar/data/1058290/000105829019000036/0001058290-19-000036-index.htm", "finalLink": "https://www.sec.gov/Archives/edgar/data/1058290/000105829019000036/ctsh2019930-10q.htm"}, {"date": "2019-06-30", "symbol": "CTSH", "fillingDate": "2019-08-01", "acceptedDate": "2019-08-01 16:03:58", "period": "Q2", "revenue": 4141000000, "costOfRevenue": 2629000000, "grossProfit": 1512000000, "grossProfitRatio": 0.3651291958464139, "researchAndDevelopmentExpenses": 0.0, "generalAndAdministrativeExpenses": 768000000, "sellingAndMarketingExpenses": 0.0, "otherExpenses": 57000000, "operatingExpenses": 768000000, "costAndExpenses": 3397000000, "interestExpense": 6000000.0, "depreciationAndAmortization": 133000000, "ebitda": 752000000, "ebitdaratio": 0.18159864767, "operatingIncome": 619000000, "operatingIncomeRatio": 0.149480801739, "totalOtherIncomeExpensesNet": 57000000, "incomeBeforeTax": 676000000, "incomeBeforeTaxRatio": 0.163245592852, "incomeTaxExpense": 167000000, "netIncome": 509000000, "netIncomeRatio": 0.122917169766, "eps": 0.9, "epsdiluted": 0.9, "weightedAverageShsOut": 569000000, "weightedAverageShsOutDil": 570000000, "link": "https://www.sec.gov/Archives/edgar/data/1058290/000105829019000026/0001058290-19-000026-index.htm", "finalLink": "https://www.sec.gov/Archives/edgar/data/1058290/000105829019000026/ctsh2019630-10q.htm"}, {"date": "2019-03-31", "symbol": "CTSH", "fillingDate": "2019-05-03", "acceptedDate": "2019-05-03 16:17:07", "period": "Q1", "revenue": 4110000000, "costOfRevenue": 2575000000, "grossProfit": 1535000000, "grossProfitRatio": 0.3734793187347932, "researchAndDevelopmentExpenses": 0.0, "generalAndAdministrativeExpenses": 873000000, "sellingAndMarketingExpenses": 0.0, "otherExpenses": 44000000, "operatingExpenses": 873000000, "costAndExpenses": 3448000000, "interestExpense": 7000000.0, "depreciationAndAmortization": 133000000, "ebitda": 672000000, "ebitdaratio": 0.163503649635, "operatingIncome": 539000000, "operatingIncomeRatio": 0.131143552311, "totalOtherIncomeExpensesNet": 44000000, "incomeBeforeTax": 583000000, "incomeBeforeTaxRatio": 0.14184914841849147, "incomeTaxExpense": 142000000, "netIncome": 441000000, "netIncomeRatio": 0.107299270073, "eps": 0.77, "epsdiluted": 0.77, "weightedAverageShsOut": 573000000, "weightedAverageShsOutDil": 575000000, "link": "https://www.sec.gov/Archives/edgar/data/1058290/000105829019000017/0001058290-19-000017-index.htm", "finalLink": "https://www.sec.gov/Archives/edgar/data/1058290/000105829019000017/ctsh2019331-10q.htm"}, {"date": "2018-12-31", "symbol": "CTSH", "fillingDate": "2019-02-19", "acceptedDate": "2019-02-19 13:47:51", "period": "FY", "revenue": 4129000000, "costOfRevenue": 2540000000, "grossProfit": 1589000000, "grossProfitRatio": 0.3848389440542504, "researchAndDevelopmentExpenses": 0.0, "generalAndAdministrativeExpenses": 776000000, "sellingAndMarketingExpenses": 0.0, "otherExpenses": 122000000, "operatingExpenses": 776000000, "costAndExpenses": 3316000000, "interestExpense": 8000000.0, "depreciationAndAmortization": 131000000, "ebitda": 824000000, "ebitdaratio": 0.199564059094, "operatingIncome": 693000000, "operatingIncomeRatio": 0.167837248729, "totalOtherIncomeExpensesNet": 122000000, "incomeBeforeTax": 815000000, "incomeBeforeTaxRatio": 0.19738435456527004, "incomeTaxExpense": 168000000, "netIncome": 648000000, "netIncomeRatio": 0.156938726084, "eps": 1.12, "epsdiluted": 1.12, "weightedAverageShsOut": 582000000, "weightedAverageShsOutDil": 584000000, "link": "https://www.sec.gov/Archives/edgar/data/1058290/000105829019000009/0001058290-19-000009-index.htm", "finalLink": "https://www.sec.gov/Archives/edgar/data/1058290/000105829019000009/ctsh20181231-10k.htm"}, {"date": "2018-09-30", "symbol": "CTSH", "fillingDate": "2018-10-30", "acceptedDate": "2018-10-30 16:25:26", "period": "Q3", "revenue": 4078000000, "costOfRevenue": 2480000000, "grossProfit": 1598000000, "grossProfitRatio": 0.3918587542913193, "researchAndDevelopmentExpenses": 0.0, "generalAndAdministrativeExpenses": 734000000, "sellingAndMarketingExpenses": 0.0, "otherExpenses": -83000000, "operatingExpenses": 734000000, "costAndExpenses": 3214000000, "interestExpense": 6000000.0, "depreciationAndAmortization": 127000000, "ebitda": 872000000, "ebitdaratio": 0.213830308975, "operatingIncome": 745000000, "operatingIncomeRatio": 0.182687591957, "totalOtherIncomeExpensesNet": -83000000, "incomeBeforeTax": 662000000, "incomeBeforeTaxRatio": 0.162334477685, "incomeTaxExpense": 185000000, "netIncome": 477000000, "netIncomeRatio": 0.116969102501, "eps": 0.82, "epsdiluted": 0.82, "weightedAverageShsOut": 584000000, "weightedAverageShsOutDil": 585000000, "link": "https://www.sec.gov/Archives/edgar/data/1058290/000105829018000042/0001058290-18-000042-index.htm", "finalLink": "https://www.sec.gov/Archives/edgar/data/1058290/000105829018000042/ctsh2018930-10q.htm"}, {"date": "2018-06-30", "symbol": "CTSH", "fillingDate": "2018-08-02", "acceptedDate": "2018-08-02 16:59:53", "period": "Q2", "revenue": 4006000000, "costOfRevenue": 2417000000, "grossProfit": 1589000000, "grossProfitRatio": 0.39665501747378934, "researchAndDevelopmentExpenses": 0.0, "generalAndAdministrativeExpenses": 805000000, "sellingAndMarketingExpenses": 0.0, "otherExpenses": -47000000, "operatingExpenses": 805000000, "costAndExpenses": 3222000000, "interestExpense": 7000000.0, "depreciationAndAmortization": 123000000, "ebitda": 793000000, "ebitdaratio": 0.197953070394, "operatingIncome": 670000000, "operatingIncomeRatio": 0.167249126311, "totalOtherIncomeExpensesNet": -47000000, "incomeBeforeTax": 624000000, "incomeBeforeTaxRatio": 0.155766350474, "incomeTaxExpense": 168000000, "netIncome": 456000000, "netIncomeRatio": 0.113829256116, "eps": 0.78, "epsdiluted": 0.78, "weightedAverageShsOut": 586000000, "weightedAverageShsOutDil": 587000000, "link": "https://www.sec.gov/Archives/edgar/data/1058290/000105829018000028/0001058290-18-000028-index.htm", "finalLink": "https://www.sec.gov/Archives/edgar/data/1058290/000105829018000028/ctsh2018630-10q.htm"}, {"date": "2018-03-31", "symbol": "CTSH", "fillingDate": "2018-05-07", "acceptedDate": "2018-05-07 16:47:41", "period": "Q1", "revenue": 3912000000, "costOfRevenue": 2401000000, "grossProfit": 1511000000, "grossProfitRatio": 0.3862474437627812, "researchAndDevelopmentExpenses": 0.0, "generalAndAdministrativeExpenses": 711000000, "sellingAndMarketingExpenses": 0.0, "otherExpenses": 4000000.0, "operatingExpenses": 711000000, "costAndExpenses": 3112000000, "interestExpense": 6000000.0, "depreciationAndAmortization": 117000000, "ebitda": 810000000, "ebitdaratio": 0.207055214724, "operatingIncome": 693000000, "operatingIncomeRatio": 0.177147239264, "totalOtherIncomeExpensesNet": 4000000.0, "incomeBeforeTax": 697000000, "incomeBeforeTaxRatio": 0.17816973415132925, "incomeTaxExpense": 177000000, "netIncome": 520000000, "netIncomeRatio": 0.132924335378, "eps": 0.89, "epsdiluted": 0.88, "weightedAverageShsOut": 587000000, "weightedAverageShsOutDil": 589000000, "link": "https://www.sec.gov/Archives/edgar/data/1058290/000105829018000015/0001058290-18-000015-index.htm", "finalLink": "https://www.sec.gov/Archives/edgar/data/1058290/000105829018000015/ctsh2018331-10q.htm"}, {"date": "2017-12-31", "symbol": "CTSH", "fillingDate": "2018-02-27", "acceptedDate": "2018-02-27 16:38:47", "period": "FY", "revenue": 3828000000, "costOfRevenue": 2360000000, "grossProfit": 1468000000, "grossProfitRatio": 0.3834900731452456, "researchAndDevelopmentExpenses": 0.0, "generalAndAdministrativeExpenses": 700000000, "sellingAndMarketingExpenses": 0.0, "otherExpenses": 56000000, "operatingExpenses": 700000000, "costAndExpenses": 3060000000, "interestExpense": 5000000.0, "depreciationAndAmortization": 122000000, "ebitda": 779000000, "ebitdaratio": 0.203500522466, "operatingIncome": 657000000, "operatingIncomeRatio": 0.171630094044, "totalOtherIncomeExpensesNet": 56000000, "incomeBeforeTax": 713000000, "incomeBeforeTaxRatio": 0.186259143156, "incomeTaxExpense": 732000000, "netIncome": -18000000, "netIncomeRatio": -0.004702194357366771, "eps": -0.02, "epsdiluted": -0.02, "weightedAverageShsOut": 593000000, "weightedAverageShsOutDil": 595000000, "link": "https://www.sec.gov/Archives/edgar/data/1058290/000105829018000009/0001058290-18-000009-index.htm", "finalLink": "https://www.sec.gov/Archives/edgar/data/1058290/000105829018000009/ctsh20171231-10k.htm"}, {"date": "2017-09-30", "symbol": "CTSH", "fillingDate": "2017-11-01", "acceptedDate": "2017-11-01 16:51:15", "period": "Q3", "revenue": 3766000000, "costOfRevenue": 2337000000, "grossProfit": 1429000000, "grossProfitRatio": 0.3794476898566118, "researchAndDevelopmentExpenses": 0.0, "generalAndAdministrativeExpenses": 674000000, "sellingAndMarketingExpenses": 0.0, "otherExpenses": 10000000, "operatingExpenses": 674000000, "costAndExpenses": 3011000000, "interestExpense": 6000000.0, "depreciationAndAmortization": 114000000, "ebitda": 762000000, "ebitdaratio": 0.20233669676, "operatingIncome": 648000000, "operatingIncomeRatio": 0.172065852363, "totalOtherIncomeExpensesNet": 10000000, "incomeBeforeTax": 658000000, "incomeBeforeTaxRatio": 0.174721189591, "incomeTaxExpense": 164000000, "netIncome": 495000000, "netIncomeRatio": 0.131439192777, "eps": 0.84, "epsdiluted": 0.84, "weightedAverageShsOut": 594000000, "weightedAverageShsOutDil": 596000000, "link": "https://www.sec.gov/Archives/edgar/data/1058290/000105829017000044/0001058290-17-000044-index.htm", "finalLink": "https://www.sec.gov/Archives/edgar/data/1058290/000105829017000044/ctsh2017930-10q.htm"}, {"date": "2017-06-30", "symbol": "CTSH", "fillingDate": "2017-08-03", "acceptedDate": "2017-08-03 16:58:00", "period": "Q2", "revenue": 3670000000, "costOfRevenue": 2261000000, "grossProfit": 1409000000, "grossProfitRatio": 0.38392370572207085, "researchAndDevelopmentExpenses": 0.0, "generalAndAdministrativeExpenses": 709000000, "sellingAndMarketingExpenses": 0.0, "otherExpenses": 29000000, "operatingExpenses": 709000000, "costAndExpenses": 2970000000, "interestExpense": 6000000.0, "depreciationAndAmortization": 103000000, "ebitda": 709000000, "ebitdaratio": 0.193188010899, "operatingIncome": 606000000, "operatingIncomeRatio": 0.165122615804, "totalOtherIncomeExpensesNet": 29000000, "incomeBeforeTax": 635000000, "incomeBeforeTaxRatio": 0.173024523161, "incomeTaxExpense": 165000000, "netIncome": 470000000, "netIncomeRatio": 0.128065395095, "eps": 0.8, "epsdiluted": 0.79, "weightedAverageShsOut": 597000000, "weightedAverageShsOutDil": 599000000, "link": "https://www.sec.gov/Archives/edgar/data/1058290/000105829017000029/0001058290-17-000029-index.htm", "finalLink": "https://www.sec.gov/Archives/edgar/data/1058290/000105829017000029/ctsh2017630-10q.htm"}, {"date": "2017-03-31", "symbol": "CTSH", "fillingDate": "2017-05-05", "acceptedDate": "2017-05-05 16:35:37", "period": "Q1", "revenue": 3546000000, "costOfRevenue": 2194000000, "grossProfit": 1352000000, "grossProfitRatio": 0.38127467569091933, "researchAndDevelopmentExpenses": 0.0, "generalAndAdministrativeExpenses": 686000000, "sellingAndMarketingExpenses": 0.0, "otherExpenses": 79000000, "operatingExpenses": 686000000, "costAndExpenses": 2880000000, "interestExpense": 6000000.0, "depreciationAndAmortization": 104000000, "ebitda": 674000000, "ebitdaratio": 0.190073322053, "operatingIncome": 570000000, "operatingIncomeRatio": 0.160744500846, "totalOtherIncomeExpensesNet": 79000000, "incomeBeforeTax": 649000000, "incomeBeforeTaxRatio": 0.183023124647, "incomeTaxExpense": 92000000, "netIncome": 557000000, "netIncomeRatio": 0.157078398195, "eps": 0.92, "epsdiluted": 0.92, "weightedAverageShsOut": 605000000, "weightedAverageShsOutDil": 607000000, "link": "https://www.sec.gov/Archives/edgar/data/1058290/000105829017000020/0001058290-17-000020-index.htm", "finalLink": "https://www.sec.gov/Archives/edgar/data/1058290/000105829017000020/ctsh2017331-10q.htm"}, {"date": "2016-12-31", "symbol": "CTSH", "fillingDate": "2017-03-01", "acceptedDate": "2017-03-01 07:31:55", "period": "FY", "revenue": 3461900000, "costOfRevenue": 2077500000, "grossProfit": 1384400000, "grossProfitRatio": 0.39989601086108784, "researchAndDevelopmentExpenses": 0.0, "generalAndAdministrativeExpenses": 730400000, "sellingAndMarketingExpenses": 0.0, "otherExpenses": -5290000000, "operatingExpenses": 730400000, "costAndExpenses": 2807900000, "interestExpense": 4400000.0, "depreciationAndAmortization": 100600000, "ebitda": 661300000, "ebitdaratio": 0.191022271007, "operatingIncome": 560700000, "operatingIncomeRatio": 0.161963083856, "totalOtherIncomeExpensesNet": -300000.0, "incomeBeforeTax": 560400000, "incomeBeforeTaxRatio": 0.16187642624, "incomeTaxExpense": 145800000, "netIncome": 415000000, "netIncomeRatio": 0.119876368468, "eps": 0.68, "epsdiluted": 0.68, "weightedAverageShsOut": 607000000, "weightedAverageShsOutDil": 610000000, "link": "https://www.sec.gov/Archives/edgar/data/1058290/000105829017000008/0001058290-17-000008-index.htm", "finalLink": "https://www.sec.gov/Archives/edgar/data/1058290/000105829017000008/ctsh20161231-10k.htm"}, {"date": "2016-09-30", "symbol": "CTSH", "fillingDate": "2016-11-07", "acceptedDate": "2016-11-07 06:04:58", "period": "Q3", "revenue": 3453200000, "costOfRevenue": 2077400000, "grossProfit": 1375800000, "grossProfitRatio": 0.39841306614154987, "researchAndDevelopmentExpenses": 0.0, "generalAndAdministrativeExpenses": 700500000, "sellingAndMarketingExpenses": 0.0, "otherExpenses": 5320000000, "operatingExpenses": 700500000, "costAndExpenses": 2777900000, "interestExpense": 4900000.0, "depreciationAndAmortization": 97800000, "ebitda": 681200000, "ebitdaratio": 0.197266303718, "operatingIncome": 583400000, "operatingIncomeRatio": 0.168944746901, "totalOtherIncomeExpensesNet": 29500000, "incomeBeforeTax": 612900000, "incomeBeforeTaxRatio": 0.177487547782, "incomeTaxExpense": 168900000, "netIncome": 444400000, "netIncomeRatio": 0.128692227499, "eps": 0.74, "epsdiluted": 0.73, "weightedAverageShsOut": 606800000, "weightedAverageShsOutDil": 609700000, "link": "https://www.sec.gov/Archives/edgar/data/1058290/000105829016000076/0001058290-16-000076-index.htm", "finalLink": "https://www.sec.gov/Archives/edgar/data/1058290/000105829016000076/ctsh2016930-10q.htm"}, {"date": "2016-06-30", "symbol": "CTSH", "fillingDate": "2016-08-05", "acceptedDate": "2016-08-05 16:46:56", "period": "Q2", "revenue": 3369900000, "costOfRevenue": 2037700000, "grossProfit": 1332200000, "grossProfitRatio": 0.3953233033621176, "researchAndDevelopmentExpenses": 0.0, "generalAndAdministrativeExpenses": 653900000, "sellingAndMarketingExpenses": 0.0, "otherExpenses": 3000000.0, "operatingExpenses": 653900000, "costAndExpenses": 2691600000, "interestExpense": 4600000.0, "depreciationAndAmortization": 92900000, "ebitda": 683800000, "ebitdaratio": 0.202914033057, "operatingIncome": 590900000, "operatingIncomeRatio": 0.17534644945, "totalOtherIncomeExpensesNet": 3700000.0, "incomeBeforeTax": 594600000, "incomeBeforeTaxRatio": 0.176444404878, "incomeTaxExpense": 342400000, "netIncome": 252400000, "netIncomeRatio": 0.0748983649366, "eps": 0.41, "epsdiluted": 0.42, "weightedAverageShsOut": 607100000, "weightedAverageShsOutDil": 610300000, "link": "https://www.sec.gov/Archives/edgar/data/1058290/000105829016000074/0001058290-16-000074-index.htm", "finalLink": "https://www.sec.gov/Archives/edgar/data/1058290/000105829016000074/ctsh2016630-10q.htm"}, {"date": "2016-03-31", "symbol": "CTSH", "fillingDate": "2016-05-06", "acceptedDate": "2016-05-06 13:35:02", "period": "Q1", "revenue": 3202000000, "costOfRevenue": 1915400000, "grossProfit": 1286600000, "grossProfitRatio": 0.4018113678950656, "researchAndDevelopmentExpenses": 0.0, "generalAndAdministrativeExpenses": 646200000, "sellingAndMarketingExpenses": 0.0, "otherExpenses": 35000000, "operatingExpenses": 646200000, "costAndExpenses": 2561600000, "interestExpense": 5100000.0, "depreciationAndAmortization": 87700000, "ebitda": 641700000, "ebitdaratio": 0.200405996252, "operatingIncome": 554000000, "operatingIncomeRatio": 0.17301686446, "totalOtherIncomeExpensesNet": 35100000, "incomeBeforeTax": 589100000, "incomeBeforeTaxRatio": 0.183978763273, "incomeTaxExpense": 147900000, "netIncome": 441200000, "netIncomeRatio": 0.137788881949, "eps": 0.73, "epsdiluted": 0.72, "weightedAverageShsOut": 608000000, "weightedAverageShsOutDil": 611800000, "link": "https://www.sec.gov/Archives/edgar/data/1058290/000105829016000061/0001058290-16-000061-index.htm", "finalLink": "https://www.sec.gov/Archives/edgar/data/1058290/000105829016000061/ctsh2016331-10q.htm"}, {"date": "2015-12-31", "symbol": "CTSH", "fillingDate": "2016-02-25", "acceptedDate": "2016-02-25 17:03:59", "period": "FY", "revenue": 3232500000, "costOfRevenue": 1933600000, "grossProfit": 1298900000, "grossProfitRatio": 0.4018252126836814, "researchAndDevelopmentExpenses": 0.0, "generalAndAdministrativeExpenses": 658700000, "sellingAndMarketingExpenses": 0.0, "otherExpenses": 8000000.0, "operatingExpenses": 658700000, "costAndExpenses": 2592300000, "interestExpense": 4300000.0, "depreciationAndAmortization": 88000000, "ebitda": 641400000, "ebitdaratio": 0.198422273782, "operatingIncome": 553400000, "operatingIncomeRatio": 0.171198762568, "totalOtherIncomeExpensesNet": 7800000.0, "incomeBeforeTax": 561200000, "incomeBeforeTaxRatio": 0.173611755607, "incomeTaxExpense": 137800000, "netIncome": 423400000, "netIncomeRatio": 0.13098221191, "eps": 0.7, "epsdiluted": 0.69, "weightedAverageShsOut": 609100000, "weightedAverageShsOutDil": 613300000, "link": "https://www.sec.gov/Archives/edgar/data/1058290/000105829016000049/0001058290-16-000049-index.htm", "finalLink": "https://www.sec.gov/Archives/edgar/data/1058290/000105829016000049/ctsh20151231-10k.htm"}, {"date": "2015-09-30", "symbol": "CTSH", "fillingDate": "2015-11-05", "acceptedDate": "2015-11-04 18:12:15", "period": "Q3", "revenue": 3187000000, "costOfRevenue": 1934600000, "grossProfit": 1252400000, "grossProfitRatio": 0.39297144650141197, "researchAndDevelopmentExpenses": 0.0, "generalAndAdministrativeExpenses": 627100000, "sellingAndMarketingExpenses": 0.0, "otherExpenses": 0.0, "operatingExpenses": 627100000, "costAndExpenses": 2561700000, "interestExpense": 4300000.0, "depreciationAndAmortization": 82400000, "ebitda": 625200000, "ebitdaratio": 0.196171948541, "operatingIncome": 542800000, "operatingIncomeRatio": 0.170316912457, "totalOtherIncomeExpensesNet": 200000.0, "incomeBeforeTax": 543000000, "incomeBeforeTaxRatio": 0.170379667399, "incomeTaxExpense": 145800000, "netIncome": 397200000, "netIncomeRatio": 0.124631314716, "eps": 0.65, "epsdiluted": 0.65, "weightedAverageShsOut": 609400000, "weightedAverageShsOutDil": 613500000, "link": "https://www.sec.gov/Archives/edgar/data/1058290/000105829015000033/0001058290-15-000033-index.htm", "finalLink": "https://www.sec.gov/Archives/edgar/data/1058290/000105829015000033/ctsh2015930-10q.htm"}, {"date": "2015-06-30", "symbol": "CTSH", "fillingDate": "2015-08-06", "acceptedDate": "2015-08-06 16:31:44", "period": "Q2", "revenue": 3085100000, "costOfRevenue": 1844800000, "grossProfit": 1240300000, "grossProfitRatio": 0.40202910764642963, "researchAndDevelopmentExpenses": 0.0, "generalAndAdministrativeExpenses": 612000000, "sellingAndMarketingExpenses": 0.0, "otherExpenses": 3000000.0, "operatingExpenses": 612000000, "costAndExpenses": 2456800000, "interestExpense": 4100000.0, "depreciationAndAmortization": 84000000, "ebitda": 629500000, "ebitdaratio": 0.204045249749, "operatingIncome": 545500000, "operatingIncomeRatio": 0.176817607209, "totalOtherIncomeExpensesNet": 3300000.0, "incomeBeforeTax": 548800000, "incomeBeforeTaxRatio": 0.177887264594, "incomeTaxExpense": 128700000, "netIncome": 420100000, "netIncomeRatio": 0.13617062656, "eps": 0.69, "epsdiluted": 0.69, "weightedAverageShsOut": 609700000, "weightedAverageShsOutDil": 613900000, "link": "https://www.sec.gov/Archives/edgar/data/1058290/000105829015000021/0001058290-15-000021-index.htm", "finalLink": "https://www.sec.gov/Archives/edgar/data/1058290/000105829015000021/ctsh2015630-10q.htm"}, {"date": "2015-03-31", "symbol": "CTSH", "fillingDate": "2015-05-04", "acceptedDate": "2015-05-04 16:47:07", "period": "Q1", "revenue": 2911400000, "costOfRevenue": 1727200000, "grossProfit": 1184200000, "grossProfitRatio": 0.40674589544549017, "researchAndDevelopmentExpenses": 0.0, "generalAndAdministrativeExpenses": 610800000, "sellingAndMarketingExpenses": 0.0, "otherExpenses": 10000000, "operatingExpenses": 610800000, "costAndExpenses": 2338000000, "interestExpense": 5000000.0, "depreciationAndAmortization": 75600000, "ebitda": 575900000, "ebitdaratio": 0.197808614412, "operatingIncome": 500300000, "operatingIncomeRatio": 0.17184172563, "totalOtherIncomeExpensesNet": 10300000, "incomeBeforeTax": 510600000, "incomeBeforeTaxRatio": 0.175379542488, "incomeTaxExpense": 127700000, "netIncome": 382900000, "netIncomeRatio": 0.131517482998, "eps": 0.63, "epsdiluted": 0.62, "weightedAverageShsOut": 609600000, "weightedAverageShsOutDil": 613900000, "link": "https://www.sec.gov/Archives/edgar/data/1058290/000105829015000012/0001058290-15-000012-index.htm", "finalLink": "https://www.sec.gov/Archives/edgar/data/1058290/000105829015000012/ctsh2015331-10q.htm"}, {"date": "2014-12-31", "symbol": "CTSH", "fillingDate": "2015-02-27", "acceptedDate": "2015-02-27 16:33:53", "period": "FY", "revenue": 2742230000, "costOfRevenue": 1639384000, "grossProfit": 1102846000, "grossProfitRatio": 0.4021712256083552, "researchAndDevelopmentExpenses": 0.0, "generalAndAdministrativeExpenses": 562622000, "sellingAndMarketingExpenses": 0.0, "otherExpenses": 5858000.0, "operatingExpenses": 562622000, "costAndExpenses": 2202006000, "interestExpense": 2468000.0, "depreciationAndAmortization": 62876000, "ebitda": 542284000, "ebitdaratio": 0.197752923715, "operatingIncome": 479408000, "operatingIncomeRatio": 0.174824139478, "totalOtherIncomeExpensesNet": 5858000.0, "incomeBeforeTax": 485266000, "incomeBeforeTaxRatio": 0.176960357082, "incomeTaxExpense": 122409000, "netIncome": 362857000, "netIncomeRatio": 0.132321869427, "eps": 0.6, "epsdiluted": 0.59, "weightedAverageShsOut": 608126000, "weightedAverageShsOutDil": 612489000, "link": "https://www.sec.gov/Archives/edgar/data/1058290/000105829015000006/0001058290-15-000006-index.htm", "finalLink": "https://www.sec.gov/Archives/edgar/data/1058290/000105829015000006/ctsh20141231-10k.htm"}, {"date": "2014-09-30", "symbol": "CTSH", "fillingDate": "2014-11-06", "acceptedDate": "2014-11-06 16:07:01", "period": "Q3", "revenue": 2581009000, "costOfRevenue": 4501734000, "grossProfit": -1920725000, "grossProfitRatio": -0.7441760179836645, "researchAndDevelopmentExpenses": 0.0, "generalAndAdministrativeExpenses": 506019000, "sellingAndMarketingExpenses": 0.0, "otherExpenses": 6226000.0, "operatingExpenses": 506019000, "costAndExpenses": 5007753000, "interestExpense": 0.0, "depreciationAndAmortization": 49717000, "ebitda": 507230000, "ebitdaratio": 0.196523917584, "operatingIncome": 457513000, "operatingIncomeRatio": 0.177261295873, "totalOtherIncomeExpensesNet": 6226000.0, "incomeBeforeTax": 463739000, "incomeBeforeTaxRatio": 0.179673530778, "incomeTaxExpense": 108115000, "netIncome": 355624000, "netIncomeRatio": 0.137784874055, "eps": 0.58, "epsdiluted": 0.58, "weightedAverageShsOut": 607894000, "weightedAverageShsOutDil": 612394000, "link": "https://www.sec.gov/Archives/edgar/data/1058290/000105829014000010/0001058290-14-000010-index.htm", "finalLink": "https://www.sec.gov/Archives/edgar/data/1058290/000105829014000010/ctsh2014930-10q.htm"}, {"date": "2014-06-30", "symbol": "CTSH", "fillingDate": "2014-08-07", "acceptedDate": "2014-08-07 16:50:21", "period": "Q2", "revenue": 2517094000, "costOfRevenue": 1499462000, "grossProfit": 1017632000, "grossProfitRatio": 0.40428843738056663, "researchAndDevelopmentExpenses": 0.0, "generalAndAdministrativeExpenses": 482985000, "sellingAndMarketingExpenses": 0.0, "otherExpenses": 13917000, "operatingExpenses": 482985000, "costAndExpenses": 482985000, "interestExpense": 0.0, "depreciationAndAmortization": 48794000, "ebitda": 536715000, "ebitdaratio": 0.213228032008, "operatingIncome": 487921000, "operatingIncomeRatio": 0.193842979245, "totalOtherIncomeExpensesNet": 13917000, "incomeBeforeTax": 501838000, "incomeBeforeTaxRatio": 0.199371974189, "incomeTaxExpense": 129930000, "netIncome": 371908000, "netIncomeRatio": 0.147752924603, "eps": 0.62, "epsdiluted": 0.61, "weightedAverageShsOut": 607805000, "weightedAverageShsOutDil": 612530000, "link": "https://www.sec.gov/Archives/edgar/data/1058290/000105829014000006/0001058290-14-000006-index.htm", "finalLink": "https://www.sec.gov/Archives/edgar/data/1058290/000105829014000006/ctsh2014630-10q.htm"}, {"date": "2014-03-31", "symbol": "CTSH", "fillingDate": "2014-05-08", "acceptedDate": "2014-05-08 16:40:28", "period": "Q1", "revenue": 2422348000, "costOfRevenue": 1432444000, "grossProfit": 989904000, "grossProfitRatio": 0.408654743249112, "researchAndDevelopmentExpenses": 0.0, "generalAndAdministrativeExpenses": 485395000, "sellingAndMarketingExpenses": 0.0, "otherExpenses": 13152000, "operatingExpenses": 485395000, "costAndExpenses": 485395000, "interestExpense": 0.0, "depreciationAndAmortization": 46680000, "ebitda": 506716000, "ebitdaratio": 0.209183816694, "operatingIncome": 460036000, "operatingIncomeRatio": 0.189913257715, "totalOtherIncomeExpensesNet": 13152000, "incomeBeforeTax": 473188000, "incomeBeforeTaxRatio": 0.1953427005533474, "incomeTaxExpense": 124310000, "netIncome": 348878000, "netIncomeRatio": 0.14402472312, "eps": 0.57, "epsdiluted": 0.57, "weightedAverageShsOut": 607730000, "weightedAverageShsOutDil": 612897000, "link": "https://www.sec.gov/Archives/edgar/data/1058290/000119312514190136/0001193125-14-190136-index.htm", "finalLink": "https://www.sec.gov/Archives/edgar/data/1058290/000119312514190136/d716396d10q.htm"}, {"date": "2013-12-31", "symbol": "CTSH", "fillingDate": "2014-02-25", "acceptedDate": "2014-02-25 17:16:33", "period": "FY", "revenue": 2355488000, "costOfRevenue": 1411155000, "grossProfit": 944333000, "grossProfitRatio": 0.40090758263255855, "researchAndDevelopmentExpenses": 0.0, "generalAndAdministrativeExpenses": 450503000, "sellingAndMarketingExpenses": 0.0, "otherExpenses": 3298000.0, "operatingExpenses": 450503000, "costAndExpenses": 450503000, "interestExpense": 0.0, "depreciationAndAmortization": 47917000, "ebitda": 495758000, "ebitdaratio": 0.210469337989, "operatingIncome": 447841000, "operatingIncomeRatio": 0.190126631934, "totalOtherIncomeExpensesNet": 3298000.0, "incomeBeforeTax": 451139000, "incomeBeforeTaxRatio": 0.1915267664280183, "incomeTaxExpense": 126807000, "netIncome": 324332000, "netIncomeRatio": 0.137692062112, "eps": 1.07, "epsdiluted": 1.06, "weightedAverageShsOut": 302007000, "weightedAverageShsOutDil": 304831000, "link": "https://www.sec.gov/Archives/edgar/data/1058290/000119312514067531/0001193125-14-067531-index.htm", "finalLink": "https://www.sec.gov/Archives/edgar/data/1058290/000119312514067531/d675333d10k.htm"}, {"date": "2013-09-30", "symbol": "CTSH", "fillingDate": "2013-11-06", "acceptedDate": "2013-11-06 16:47:00", "period": "Q3", "revenue": 2305723000, "costOfRevenue": 1382336000, "grossProfit": 923387000, "grossProfitRatio": 0.4004761196379617, "researchAndDevelopmentExpenses": 0.0, "generalAndAdministrativeExpenses": 443376000, "sellingAndMarketingExpenses": 0.0, "otherExpenses": 1839000.0, "operatingExpenses": 443376000, "costAndExpenses": 443376000, "interestExpense": 0.0, "depreciationAndAmortization": 44578000, "ebitda": 481937000, "ebitdaratio": 0.209017735435, "operatingIncome": 437359000, "operatingIncomeRatio": 0.189684103424, "totalOtherIncomeExpensesNet": 1839000.0, "incomeBeforeTax": 439198000, "incomeBeforeTaxRatio": 0.190481684053, "incomeTaxExpense": 119571000, "netIncome": 319627000, "netIncomeRatio": 0.138623329862, "eps": 1.06, "epsdiluted": 1.05, "weightedAverageShsOut": 301719000, "weightedAverageShsOutDil": 304632000, "link": "https://www.sec.gov/Archives/edgar/data/1058290/000119312513430266/0001193125-13-430266-index.htm", "finalLink": "https://www.sec.gov/Archives/edgar/data/1058290/000119312513430266/d623203d10q.htm"}, {"date": "2013-06-30", "symbol": "CTSH", "fillingDate": "2013-08-07", "acceptedDate": "2013-08-07 17:11:56", "period": "Q2", "revenue": 2161240000, "costOfRevenue": 2471978000, "grossProfit": -310738000, "grossProfitRatio": -0.14377764616608985, "researchAndDevelopmentExpenses": 0.0, "generalAndAdministrativeExpenses": 420526000, "sellingAndMarketingExpenses": 0.0, "otherExpenses": -6406000.0, "operatingExpenses": 420526000, "costAndExpenses": 420526000, "interestExpense": 0.0, "depreciationAndAmortization": 43834000, "ebitda": 470637000, "ebitdaratio": 0.217762488201, "operatingIncome": 426803000, "operatingIncomeRatio": 0.197480612981, "totalOtherIncomeExpensesNet": -6406000.0, "incomeBeforeTax": 420397000, "incomeBeforeTaxRatio": 0.194516573819, "incomeTaxExpense": 119987000, "netIncome": 300410000, "netIncomeRatio": 0.138998908034, "eps": 1.0, "epsdiluted": 0.99, "weightedAverageShsOut": 301762000, "weightedAverageShsOutDil": 304811000, "link": "https://www.sec.gov/Archives/edgar/data/1058290/000119312513324493/0001193125-13-324493-index.htm", "finalLink": "https://www.sec.gov/Archives/edgar/data/1058290/000119312513324493/d579434d10q.htm"}, {"date": "2013-03-31", "symbol": "CTSH", "fillingDate": "2013-05-09", "acceptedDate": "2013-05-09 16:44:47", "period": "Q1", "revenue": 2020738000, "costOfRevenue": 0.0, "grossProfit": 2020738000, "grossProfitRatio": 1.0, "researchAndDevelopmentExpenses": 0.0, "generalAndAdministrativeExpenses": 413204000, "sellingAndMarketingExpenses": 0.0, "otherExpenses": 11276000, "operatingExpenses": 413204000, "costAndExpenses": 413204000, "interestExpense": 0.0, "depreciationAndAmortization": 43601000, "ebitda": 409508000, "ebitdaratio": 0.202652694214, "operatingIncome": 365907000, "operatingIncomeRatio": 0.181075923747, "totalOtherIncomeExpensesNet": 11276000, "incomeBeforeTax": 377183000, "incomeBeforeTaxRatio": 0.18665606328, "incomeTaxExpense": 92974000, "netIncome": 284209000, "netIncomeRatio": 0.140646140173, "eps": 0.94, "epsdiluted": 0.93, "weightedAverageShsOut": 301854000, "weightedAverageShsOutDil": 305176000, "link": "https://www.sec.gov/Archives/edgar/data/1058290/000119312513211250/0001193125-13-211250-index.htm", "finalLink": "https://www.sec.gov/Archives/edgar/data/1058290/000119312513211250/d534464d10q.htm"}, {"date": "2012-12-31", "symbol": "CTSH", "fillingDate": "2013-02-26", "acceptedDate": "2013-02-26 17:26:02", "period": "FY", "revenue": 1948215000, "costOfRevenue": 1150934000, "grossProfit": 797281000, "grossProfitRatio": 0.4092366602248725, "researchAndDevelopmentExpenses": 0.0, "generalAndAdministrativeExpenses": 401746000, "sellingAndMarketingExpenses": 0.0, "otherExpenses": 9591000.0, "operatingExpenses": 401746000, "costAndExpenses": 401746000, "interestExpense": 0.0, "depreciationAndAmortization": 41164000, "ebitda": 397417000, "ebitdaratio": 0.203990319344, "operatingIncome": 356253000, "operatingIncomeRatio": 0.182861234515, "totalOtherIncomeExpensesNet": 9591000.0, "incomeBeforeTax": 365844000, "incomeBeforeTaxRatio": 0.187784202462, "incomeTaxExpense": 87065000, "netIncome": 278779000, "netIncomeRatio": 0.143094576317, "eps": 0.93, "epsdiluted": 0.92, "weightedAverageShsOut": 301291000, "weightedAverageShsOutDil": 305861000, "link": "https://www.sec.gov/Archives/edgar/data/1058290/000119312513077271/0001193125-13-077271-index.htm", "finalLink": "https://www.sec.gov/Archives/edgar/data/1058290/000119312513077271/d450416d10k.htm"}, {"date": "2012-09-30", "symbol": "CTSH", "fillingDate": "2012-11-08", "acceptedDate": "2012-11-08 16:57:39", "period": "Q3", "revenue": 1891688000, "costOfRevenue": 3127307000, "grossProfit": -1235619000, "grossProfitRatio": -0.6531832944967669, "researchAndDevelopmentExpenses": 0.0, "generalAndAdministrativeExpenses": 384951000, "sellingAndMarketingExpenses": 0.0, "otherExpenses": 8997000.0, "operatingExpenses": 384951000, "costAndExpenses": 384951000, "interestExpense": 0.0, "depreciationAndAmortization": 41366000, "ebitda": 396752000, "ebitdaratio": 0.209734374802, "operatingIncome": 355386000, "operatingIncomeRatio": 0.187867132424, "totalOtherIncomeExpensesNet": 8997000.0, "incomeBeforeTax": 364383000, "incomeBeforeTaxRatio": 0.192623202135, "incomeTaxExpense": 87482000, "netIncome": 276901000, "netIncomeRatio": 0.14637773248, "eps": 0.92, "epsdiluted": 0.91, "weightedAverageShsOut": 301571000, "weightedAverageShsOutDil": 306555000, "link": "https://www.sec.gov/Archives/edgar/data/1058290/000119312512460681/0001193125-12-460681-index.htm", "finalLink": "https://www.sec.gov/Archives/edgar/data/1058290/000119312512460681/d434230d10q.htm"}, {"date": "2012-06-30", "symbol": "CTSH", "fillingDate": "2012-08-06", "acceptedDate": "2012-08-06 17:05:44", "period": "Q2", "revenue": 1795220000, "costOfRevenue": 984520000, "grossProfit": 810700000, "grossProfitRatio": 0.45158810619311285, "researchAndDevelopmentExpenses": 0.0, "generalAndAdministrativeExpenses": 396771000, "sellingAndMarketingExpenses": 0.0, "otherExpenses": 3134000.0, "operatingExpenses": 396771000, "costAndExpenses": 396771000, "interestExpense": 0.0, "depreciationAndAmortization": 37433000, "ebitda": 369391000, "ebitdaratio": 0.205763638997, "operatingIncome": 331958000, "operatingIncomeRatio": 0.184912155613, "totalOtherIncomeExpensesNet": 3134000.0, "incomeBeforeTax": 335092000, "incomeBeforeTaxRatio": 0.186657902653, "incomeTaxExpense": 83160000, "netIncome": 251932000, "netIncomeRatio": 0.140334889317, "eps": 0.84, "epsdiluted": 0.82, "weightedAverageShsOut": 302827000, "weightedAverageShsOutDil": 308267000, "link": "https://www.sec.gov/Archives/edgar/data/1058290/000119312512337988/0001193125-12-337988-index.htm", "finalLink": "https://www.sec.gov/Archives/edgar/data/1058290/000119312512337988/d391375d10q.htm"}, {"date": "2012-03-31", "symbol": "CTSH", "fillingDate": "2012-05-09", "acceptedDate": "2012-05-09 16:36:44", "period": "Q1", "revenue": 1711349000, "costOfRevenue": 984520000, "grossProfit": 726829000, "grossProfitRatio": 0.42471114892403594, "researchAndDevelopmentExpenses": 0.0, "generalAndAdministrativeExpenses": 374178000, "sellingAndMarketingExpenses": 0.0, "otherExpenses": 4378000.0, "operatingExpenses": 374178000, "costAndExpenses": 374178000, "interestExpense": 0.0, "depreciationAndAmortization": 36625000, "ebitda": 354524000, "ebitdaratio": 0.207160549952, "operatingIncome": 317899000, "operatingIncomeRatio": 0.185759304502, "totalOtherIncomeExpensesNet": 4378000.0, "incomeBeforeTax": 322277000, "incomeBeforeTaxRatio": 0.188317520272, "incomeTaxExpense": 78626000, "netIncome": 243651000, "netIncomeRatio": 0.142373647923, "eps": 0.8, "epsdiluted": 0.79, "weightedAverageShsOut": 303428000, "weightedAverageShsOutDil": 309208000, "link": "https://www.sec.gov/Archives/edgar/data/1058290/000119312512222218/0001193125-12-222218-index.htm", "finalLink": "https://www.sec.gov/Archives/edgar/data/1058290/000119312512222218/d327228d10q.htm"}, {"date": "2011-12-31", "symbol": "CTSH", "fillingDate": "2012-02-27", "acceptedDate": "2012-02-27 16:21:43", "period": "FY", "revenue": 1663707000, "costOfRevenue": 970689000, "grossProfit": 693018000, "grossProfitRatio": 0.4165505103963619, "researchAndDevelopmentExpenses": 0.0, "generalAndAdministrativeExpenses": 352456000, "sellingAndMarketingExpenses": 0.0, "otherExpenses": 14937000, "operatingExpenses": 352456000, "costAndExpenses": 352456000, "interestExpense": 0.0, "depreciationAndAmortization": 34299000, "ebitda": 342442000, "ebitdaratio": 0.205830714182, "operatingIncome": 308143000, "operatingIncomeRatio": 0.185214704272, "totalOtherIncomeExpensesNet": 14937000, "incomeBeforeTax": 323080000, "incomeBeforeTaxRatio": 0.194192847659, "incomeTaxExpense": 82953000, "netIncome": 240127000, "netIncomeRatio": 0.144332505664, "eps": 0.79, "epsdiluted": 0.78, "weightedAverageShsOut": 303277000, "weightedAverageShsOutDil": 310351000, "link": "https://www.sec.gov/Archives/edgar/data/1058290/000119312512081638/0001193125-12-081638-index.htm", "finalLink": "https://www.sec.gov/Archives/edgar/data/1058290/000119312512081638/d255156d10k.htm"}, {"date": "2011-09-30", "symbol": "CTSH", "fillingDate": "2011-11-04", "acceptedDate": "2011-11-04 17:12:47", "period": "Q3", "revenue": 1600954000, "costOfRevenue": 924886000, "grossProfit": 676068000, "grossProfitRatio": 0.42229070916466055, "researchAndDevelopmentExpenses": 0.0, "generalAndAdministrativeExpenses": 353161000, "sellingAndMarketingExpenses": 0.0, "otherExpenses": -5038000.0, "operatingExpenses": 353161000, "costAndExpenses": 353161000, "interestExpense": 0.0, "depreciationAndAmortization": 31639000, "ebitda": 324641000, "ebitdaratio": 0.202779717593, "operatingIncome": 293002000, "operatingIncomeRatio": 0.183017126039, "totalOtherIncomeExpensesNet": -5038000.0, "incomeBeforeTax": 287964000, "incomeBeforeTaxRatio": 0.179870252362, "incomeTaxExpense": 60845000, "netIncome": 227119000, "netIncomeRatio": 0.14186478812, "eps": 0.75, "epsdiluted": 0.73, "weightedAverageShsOut": 303584000, "weightedAverageShsOutDil": 310859000, "link": "https://www.sec.gov/Archives/edgar/data/1058290/000119312511297691/0001193125-11-297691-index.htm", "finalLink": "https://www.sec.gov/Archives/edgar/data/1058290/000119312511297691/d234454d10q.htm"}, {"date": "2011-06-30", "symbol": "CTSH", "fillingDate": "2011-08-04", "acceptedDate": "2011-08-04 16:09:04", "period": "Q2", "revenue": 1485242000, "costOfRevenue": 860871000, "grossProfit": 624371000, "grossProfitRatio": 0.42038334493638074, "researchAndDevelopmentExpenses": 0.0, "generalAndAdministrativeExpenses": 326718000, "sellingAndMarketingExpenses": 0.0, "otherExpenses": 7647000.0, "operatingExpenses": 326718000, "costAndExpenses": 326718000, "interestExpense": 0.0, "depreciationAndAmortization": 29273000, "ebitda": 299231000, "ebitdaratio": 0.201469524832, "operatingIncome": 269958000, "operatingIncomeRatio": 0.181760278796, "totalOtherIncomeExpensesNet": 7647000.0, "incomeBeforeTax": 277605000, "incomeBeforeTaxRatio": 0.186908934706, "incomeTaxExpense": 69560000, "netIncome": 208045000, "netIncomeRatio": 0.140074816091, "eps": 0.68, "epsdiluted": 0.67, "weightedAverageShsOut": 304015000, "weightedAverageShsOutDil": 311640000, "link": "https://www.sec.gov/Archives/edgar/data/1058290/000119312511210323/0001193125-11-210323-index.htm", "finalLink": "https://www.sec.gov/Archives/edgar/data/1058290/000119312511210323/d10q.htm"}, {"date": "2011-03-31", "symbol": "CTSH", "fillingDate": "2011-05-05", "acceptedDate": "2011-05-05 16:02:22", "period": "Q1", "revenue": 1371253000, "costOfRevenue": 782176000, "grossProfit": 589077000, "grossProfitRatio": 0.4295903090093513, "researchAndDevelopmentExpenses": 0.0, "generalAndAdministrativeExpenses": 296330000, "sellingAndMarketingExpenses": 0.0, "otherExpenses": 15135000, "operatingExpenses": 296330000, "costAndExpenses": 296330000, "interestExpense": 0.0, "depreciationAndAmortization": 28964000, "ebitda": 294329000, "ebitdaratio": 0.214642374529, "operatingIncome": 265365000, "operatingIncomeRatio": 0.193520087103, "totalOtherIncomeExpensesNet": 15135000, "incomeBeforeTax": 280500000, "incomeBeforeTaxRatio": 0.204557437614, "incomeTaxExpense": 72173000, "netIncome": 208327000, "netIncomeRatio": 0.151924553675, "eps": 0.69, "epsdiluted": 0.67, "weightedAverageShsOut": 304041000, "weightedAverageShsOutDil": 311803000, "link": "https://www.sec.gov/Archives/edgar/data/1058290/000119312511128426/0001193125-11-128426-index.htm", "finalLink": "https://www.sec.gov/Archives/edgar/data/1058290/000119312511128426/d10q.htm"}, {"date": "2010-12-31", "symbol": "CTSH", "fillingDate": "2011-02-23", "acceptedDate": "2011-02-23 17:01:58", "period": "FY", "revenue": 1310602000, "costOfRevenue": 758023000, "grossProfit": 552579000, "grossProfitRatio": 0.4216222773961889, "researchAndDevelopmentExpenses": 0.0, "generalAndAdministrativeExpenses": 279921000, "sellingAndMarketingExpenses": 0.0, "otherExpenses": 23577000, "operatingExpenses": 279921000, "costAndExpenses": 279921000, "interestExpense": 0.0, "depreciationAndAmortization": 29614000, "ebitda": 274235000, "ebitdaratio": 0.209243538466, "operatingIncome": 244621000, "operatingIncomeRatio": 0.186647815279, "totalOtherIncomeExpensesNet": 3923000.0, "incomeBeforeTax": 248544000, "incomeBeforeTaxRatio": 0.189641096229, "incomeTaxExpense": 42378000, "netIncome": 206166000, "netIncomeRatio": 0.157306337088, "eps": 0.68, "epsdiluted": 0.66, "weightedAverageShsOut": 300781000, "weightedAverageShsOutDil": 309137000, "link": "https://www.sec.gov/Archives/edgar/data/1058290/000119312511043696/0001193125-11-043696-index.htm", "finalLink": "https://www.sec.gov/Archives/edgar/data/1058290/000119312511043696/d10k.htm"}, {"date": "2010-09-30", "symbol": "CTSH", "fillingDate": "2010-11-03", "acceptedDate": "2010-11-03 17:02:55", "period": "Q3", "revenue": 1216913000, "costOfRevenue": 699623000, "grossProfit": 517290000, "grossProfitRatio": 0.4250837981022472, "researchAndDevelopmentExpenses": 0.0, "generalAndAdministrativeExpenses": 262632000, "sellingAndMarketingExpenses": 0.0, "otherExpenses": 7924000.0, "operatingExpenses": 262632000, "costAndExpenses": 262632000, "interestExpense": 0.0, "depreciationAndAmortization": 27929000, "ebitda": 256228000, "ebitdaratio": 0.210555725841, "operatingIncome": 228299000, "operatingIncomeRatio": 0.187605030105, "totalOtherIncomeExpensesNet": 14977000, "incomeBeforeTax": 243276000, "incomeBeforeTaxRatio": 0.199912401297, "incomeTaxExpense": 39577000, "netIncome": 203699000, "netIncomeRatio": 0.167389944885, "eps": 0.68, "epsdiluted": 0.66, "weightedAverageShsOut": 299830000, "weightedAverageShsOutDil": 308257000, "link": "https://www.sec.gov/Archives/edgar/data/1058290/000119312510246295/0001193125-10-246295-index.htm", "finalLink": "https://www.sec.gov/Archives/edgar/data/1058290/000119312510246295/d10q.htm"}, {"date": "2010-06-30", "symbol": "CTSH", "fillingDate": "2010-08-06", "acceptedDate": "2010-08-06 16:16:36", "period": "Q2", "revenue": 1105154000, "costOfRevenue": 641019000, "grossProfit": 464135000, "grossProfitRatio": 0.41997314401431834, "researchAndDevelopmentExpenses": 0.0, "generalAndAdministrativeExpenses": 234547000, "sellingAndMarketingExpenses": 0.0, "otherExpenses": -4454000.0, "operatingExpenses": 234547000, "costAndExpenses": 234547000, "interestExpense": 0.0, "depreciationAndAmortization": 25248000, "ebitda": 231163000, "ebitdaratio": 0.209168134034, "operatingIncome": 205915000, "operatingIncomeRatio": 0.186322449179, "totalOtherIncomeExpensesNet": 2093000.0, "incomeBeforeTax": 208008000, "incomeBeforeTaxRatio": 0.188216302886, "incomeTaxExpense": 35833000, "netIncome": 172175000, "netIncomeRatio": 0.155792767343, "eps": 0.57, "epsdiluted": 0.56, "weightedAverageShsOut": 298887000, "weightedAverageShsOutDil": 307576000, "link": "https://www.sec.gov/Archives/edgar/data/1058290/000119312510181401/0001193125-10-181401-index.htm", "finalLink": "https://www.sec.gov/Archives/edgar/data/1058290/000119312510181401/d10q.htm"}, {"date": "2010-03-31", "symbol": "CTSH", "fillingDate": "2010-05-07", "acceptedDate": "2010-05-07 16:02:36", "period": "Q1", "revenue": 959720000, "costOfRevenue": 555904000, "grossProfit": 403816000, "grossProfitRatio": 0.4207643896136373, "researchAndDevelopmentExpenses": 0.0, "generalAndAdministrativeExpenses": 194993000, "sellingAndMarketingExpenses": 0.0, "otherExpenses": -10319000, "operatingExpenses": 194993000, "costAndExpenses": 194993000, "interestExpense": 0.0, "depreciationAndAmortization": 27381000, "ebitda": 210398000, "ebitdaratio": 0.219228524986, "operatingIncome": 183017000, "operatingIncomeRatio": 0.190698328679, "totalOtherIncomeExpensesNet": -10319000, "incomeBeforeTax": 178752000, "incomeBeforeTaxRatio": 0.186254324178, "incomeTaxExpense": 27252000, "netIncome": 151500000, "netIncomeRatio": 0.157858542075, "eps": 0.51, "epsdiluted": 0.49, "weightedAverageShsOut": 297885000, "weightedAverageShsOutDil": 306664000, "link": "https://www.sec.gov/Archives/edgar/data/1058290/000119312510112855/0001193125-10-112855-index.htm", "finalLink": "https://www.sec.gov/Archives/edgar/data/1058290/000119312510112855/d10q.htm"}, {"date": "2009-12-31", "symbol": "CTSH", "fillingDate": "2010-02-25", "acceptedDate": "2010-02-25 15:07:06", "period": "FY", "revenue": 902721000, "costOfRevenue": 520796000, "grossProfit": 381925000, "grossProfitRatio": 0.42308199321828116, "researchAndDevelopmentExpenses": 0.0, "generalAndAdministrativeExpenses": 190678000, "sellingAndMarketingExpenses": 0.0, "otherExpenses": -4450000.0, "operatingExpenses": 190678000, "costAndExpenses": 711474000, "interestExpense": 0.0, "depreciationAndAmortization": 24339000, "ebitda": 191247000, "ebitdaratio": 0.21185615489171072, "operatingIncome": 166908000, "operatingIncomeRatio": 0.18489433612378575, "totalOtherIncomeExpensesNet": -4450000.0, "incomeBeforeTax": 168597000, "incomeBeforeTaxRatio": 0.18676534610361342, "incomeTaxExpense": 24593000, "netIncome": 144004000, "netIncomeRatio": 0.159522155793429, "eps": 1.82, "epsdiluted": 1.82, "weightedAverageShsOut": 293304000, "weightedAverageShsOutDil": 301115000, "link": "https://www.sec.gov/Archives/edgar/data/1058290/000119312510040500/0001193125-10-040500-index.htm", "finalLink": "https://www.sec.gov/Archives/edgar/data/1058290/000119312510040500/d10k.htm"}, {"date": "2009-09-30", "symbol": "CTSH", "fillingDate": "2009-11-06", "acceptedDate": "2009-11-06 15:43:43", "period": "Q3", "revenue": 853488000, "costOfRevenue": 475599000, "grossProfit": 377889000, "grossProfitRatio": 0.4427584219110286, "researchAndDevelopmentExpenses": 0.0, "generalAndAdministrativeExpenses": 193806000, "sellingAndMarketingExpenses": 0.0, "otherExpenses": -2747000.0, "operatingExpenses": 193806000, "costAndExpenses": 669405000, "interestExpense": 0.0, "depreciationAndAmortization": 22301000, "ebitda": 184083000, "ebitdaratio": 0.2156831730498847, "operatingIncome": 161782000, "operatingIncomeRatio": 0.18955392460116605, "totalOtherIncomeExpensesNet": -2747000.0, "incomeBeforeTax": 163699000, "incomeBeforeTaxRatio": 0.19180000187466023, "incomeTaxExpense": 27127000, "netIncome": 136572000, "netIncomeRatio": 0.16001630954389517, "eps": 1.34, "epsdiluted": 1.34, "weightedAverageShsOut": 293304000, "weightedAverageShsOutDil": 301115000, "link": "https://www.sec.gov/Archives/edgar/data/1058290/000119312509227443/0001193125-09-227443-index.htm", "finalLink": "https://www.sec.gov/Archives/edgar/data/1058290/000119312509227443/d10q.htm"}, {"date": "2009-06-30", "symbol": "CTSH", "fillingDate": "2009-08-07", "acceptedDate": "2009-08-07 15:11:17", "period": "Q2", "revenue": 776592000, "costOfRevenue": 433340000, "grossProfit": 343252000, "grossProfitRatio": 0.4419978573047366, "researchAndDevelopmentExpenses": 0.0, "generalAndAdministrativeExpenses": 170003000, "sellingAndMarketingExpenses": 0.0, "otherExpenses": 14874000, "operatingExpenses": 170003000, "costAndExpenses": 603343000, "interestExpense": 0.0, "depreciationAndAmortization": 21579000, "ebitda": 173249000, "ebitdaratio": 0.2230888291406556, "operatingIncome": 151670000, "operatingIncomeRatio": 0.19530203762078413, "totalOtherIncomeExpensesNet": 14874000, "incomeBeforeTax": 169166000, "incomeBeforeTaxRatio": 0.2178312421451676, "incomeTaxExpense": 27911000, "netIncome": 141255000, "netIncomeRatio": 0.18189087706285925, "eps": 0.87, "epsdiluted": 0.87, "weightedAverageShsOut": 293304000, "weightedAverageShsOutDil": 301115000, "link": "https://www.sec.gov/Archives/edgar/data/1058290/000119312509168966/0001193125-09-168966-index.htm", "finalLink": "https://www.sec.gov/Archives/edgar/data/1058290/000119312509168966/d10q.htm"}, {"date": "2009-03-31", "symbol": "CTSH", "fillingDate": "2009-05-08", "acceptedDate": "2009-05-08 16:08:40", "period": "Q1", "revenue": 745862000, "costOfRevenue": 419708000, "grossProfit": 326154000, "grossProfitRatio": 0.4372846451488345, "researchAndDevelopmentExpenses": 0.0, "generalAndAdministrativeExpenses": 166872000, "sellingAndMarketingExpenses": 0.0, "otherExpenses": -5111000.0, "operatingExpenses": 166872000, "costAndExpenses": 586580000, "interestExpense": 0.0, "depreciationAndAmortization": 21152000, "ebitda": 159282000, "ebitdaratio": 0.21355424998190015, "operatingIncome": 138130000, "operatingIncomeRatio": 0.18519511652289566, "totalOtherIncomeExpensesNet": -5111000.0, "incomeBeforeTax": 135489000, "incomeBeforeTaxRatio": 0.18165424703229283, "incomeTaxExpense": 22357000, "netIncome": 113132000, "netIncomeRatio": 0.15167953321123748, "eps": 0.39, "epsdiluted": 0.39, "weightedAverageShsOut": 291613000, "weightedAverageShsOutDil": 291613000, "link": "https://www.sec.gov/Archives/edgar/data/1058290/000119312509105357/0001193125-09-105357-index.htm", "finalLink": "https://www.sec.gov/Archives/edgar/data/1058290/000119312509105357/d10q.htm"}, {"date": "2008-12-31", "symbol": "CTSH", "fillingDate": "2009-03-02", "acceptedDate": "2009-03-02 12:28:41", "period": "FY", "revenue": 753045000, "costOfRevenue": 419748000, "grossProfit": 333297000, "grossProfitRatio": 0.4425990478656654, "researchAndDevelopmentExpenses": 0.0, "generalAndAdministrativeExpenses": 169378000, "sellingAndMarketingExpenses": 0.0, "otherExpenses": -12340000, "operatingExpenses": 169378000, "costAndExpenses": 589126000, "interestExpense": 0.0, "depreciationAndAmortization": 21253000, "ebitda": 163919000, "ebitdaratio": 0.21767490654608954, "operatingIncome": 142666000, "operatingIncomeRatio": 0.18945215757358458, "totalOtherIncomeExpensesNet": -12340000, "incomeBeforeTax": 136086000, "incomeBeforeTaxRatio": 0.18071429994223454, "incomeTaxExpense": 23798000, "netIncome": 112288000, "netIncomeRatio": 0.1491119388615554, "eps": 1.49, "epsdiluted": 1.49, "weightedAverageShsOut": 290121000, "weightedAverageShsOutDil": 290121000, "link": "https://www.sec.gov/Archives/edgar/data/1058290/000119312509042103/0001193125-09-042103-index.htm", "finalLink": "https://www.sec.gov/Archives/edgar/data/1058290/000119312509042103/d10k.htm"}, {"date": "2008-09-30", "symbol": "CTSH", "fillingDate": "2008-11-07", "acceptedDate": "2008-11-07 15:55:36", "period": "Q3", "revenue": 734726000, "costOfRevenue": 405936000, "grossProfit": 328790000, "grossProfitRatio": 0.44750015652093433, "researchAndDevelopmentExpenses": 0.0, "generalAndAdministrativeExpenses": 166685000, "sellingAndMarketingExpenses": 0.0, "otherExpenses": -14777000, "operatingExpenses": 166685000, "costAndExpenses": 572621000, "interestExpense": 0.0, "depreciationAndAmortization": 19474000, "ebitda": 162105000, "ebitdaratio": 0.22063327008980219, "operatingIncome": 142631000, "operatingIncomeRatio": 0.19412815117472365, "totalOtherIncomeExpensesNet": -14777000, "incomeBeforeTax": 133198000, "incomeBeforeTaxRatio": 0.18128935140446914, "incomeTaxExpense": 20370000, "netIncome": 112828000, "netIncomeRatio": 0.15356473025318282, "eps": 1.1, "epsdiluted": 1.1, "weightedAverageShsOut": 289740000, "weightedAverageShsOutDil": 289740000, "link": "https://www.sec.gov/Archives/edgar/data/1058290/000119312508229956/0001193125-08-229956-index.htm", "finalLink": "https://www.sec.gov/Archives/edgar/data/1058290/000119312508229956/d10q.htm"}, {"date": "2008-06-30", "symbol": "CTSH", "fillingDate": "2008-08-08", "acceptedDate": "2008-08-08 15:54:45", "period": "Q2", "revenue": 685427000, "costOfRevenue": 380867000, "grossProfit": 304560000, "grossProfitRatio": 0.44433615833633633, "researchAndDevelopmentExpenses": 0.0, "generalAndAdministrativeExpenses": 167105000, "sellingAndMarketingExpenses": 0.0, "otherExpenses": -485000.0, "operatingExpenses": 167105000, "costAndExpenses": 547972000, "interestExpense": 0.0, "depreciationAndAmortization": 17777000, "ebitda": 137455000, "ebitdaratio": 0.20053922591318987, "operatingIncome": 119678000, "operatingIncomeRatio": 0.1746035682866301, "totalOtherIncomeExpensesNet": -485000.0, "incomeBeforeTax": 124057000, "incomeBeforeTaxRatio": 0.18099228656005673, "incomeTaxExpense": 40197000, "netIncome": 103856000, "netIncomeRatio": 0.15152014729504382, "eps": 0.71, "epsdiluted": 0.71, "weightedAverageShsOut": 288940000, "weightedAverageShsOutDil": 288940000, "link": "https://www.sec.gov/Archives/edgar/data/1058290/000119312508171888/0001193125-08-171888-index.htm", "finalLink": "https://www.sec.gov/Archives/edgar/data/1058290/000119312508171888/d10q.htm"}, {"date": "2008-03-31", "symbol": "CTSH", "fillingDate": "2008-05-12", "acceptedDate": "2008-05-12 12:50:09", "period": "Q1", "revenue": 643106000, "costOfRevenue": 366265000, "grossProfit": 276841000, "grossProfitRatio": 0.4304749139333174, "researchAndDevelopmentExpenses": 0.0, "generalAndAdministrativeExpenses": 148853000, "sellingAndMarketingExpenses": 0.0, "otherExpenses": 3954000.0, "operatingExpenses": 148853000, "costAndExpenses": 515118000, "interestExpense": 0.0, "depreciationAndAmortization": 16293000, "ebitda": 127988000, "ebitdaratio": 0.19901540337051746, "operatingIncome": 111695000, "operatingIncomeRatio": 0.17368054410936923, "totalOtherIncomeExpensesNet": 3954000.0, "incomeBeforeTax": 121869000, "incomeBeforeTaxRatio": 0.1895006421958433, "incomeTaxExpense": 0.0, "netIncome": 101873000, "netIncomeRatio": 0.15840778969563338, "eps": 0.35, "epsdiluted": 0.35, "weightedAverageShsOut": 288171000, "weightedAverageShsOutDil": 288171000, "link": "https://www.sec.gov/Archives/edgar/data/1058290/000119312508111149/0001193125-08-111149-index.htm", "finalLink": "https://www.sec.gov/Archives/edgar/data/1058290/000119312508111149/d10q.htm"}, {"date": "2007-12-31", "symbol": "CTSH", "fillingDate": "2008-02-28", "acceptedDate": "2008-02-28 17:19:03", "period": "FY", "revenue": 599956000, "costOfRevenue": 341514000, "grossProfit": 258442000, "grossProfitRatio": 0.43076825633879817, "researchAndDevelopmentExpenses": 0.0, "generalAndAdministrativeExpenses": 137588000, "sellingAndMarketingExpenses": 0.0, "otherExpenses": 118000.0, "operatingExpenses": 137588000, "costAndExpenses": 479102000, "interestExpense": 0.0, "depreciationAndAmortization": 14735000, "ebitda": 120854000, "ebitdaratio": 0.20143810546106714, "operatingIncome": 106119000, "operatingIncomeRatio": 0.17687797105121042, "totalOtherIncomeExpensesNet": 118000.0, "incomeBeforeTax": 114759000, "incomeBeforeTaxRatio": 0.1912790271286561, "incomeTaxExpense": 18503000, "netIncome": 96256000, "netIncomeRatio": 0.16043843215169112, "eps": 1.22, "epsdiluted": 1.22, "weightedAverageShsOut": 288155000, "weightedAverageShsOutDil": 288155000, "link": "https://www.sec.gov/Archives/edgar/data/1058290/000119312508042031/0001193125-08-042031-index.htm", "finalLink": "https://www.sec.gov/Archives/edgar/data/1058290/000119312508042031/d10k.htm"}, {"date": "2007-09-30", "symbol": "CTSH", "fillingDate": "2007-11-09", "acceptedDate": "2007-11-09 14:05:55", "period": "Q3", "revenue": 558837000, "costOfRevenue": 317286000, "grossProfit": 241551000, "grossProfitRatio": 0.4322387386661943, "researchAndDevelopmentExpenses": 0.0, "generalAndAdministrativeExpenses": 126551000, "sellingAndMarketingExpenses": 0.0, "otherExpenses": 3156000.0, "operatingExpenses": 126551000, "costAndExpenses": 443837000, "interestExpense": 0.0, "depreciationAndAmortization": 13870000, "ebitda": 115000000, "ebitdaratio": 0.20578451319436616, "operatingIncome": 101130000, "operatingIncomeRatio": 0.18096511147257607, "totalOtherIncomeExpensesNet": 2644000.0, "incomeBeforeTax": 111691000, "incomeBeforeTaxRatio": 0.19986328750601695, "incomeTaxExpense": 15537000, "netIncome": 96154000, "netIncomeRatio": 0.17206090505818333, "eps": 0.88, "epsdiluted": 0.88, "weightedAverageShsOut": 287823000, "weightedAverageShsOutDil": 287823000, "link": "https://www.sec.gov/Archives/edgar/data/1058290/000119312507242060/0001193125-07-242060-index.htm", "finalLink": "https://www.sec.gov/Archives/edgar/data/1058290/000119312507242060/d10q.htm"}, {"date": "2007-06-30", "symbol": "CTSH", "fillingDate": "2007-08-08", "acceptedDate": "2007-08-08 17:08:29", "period": "Q2", "revenue": 516514000, "costOfRevenue": 292326000, "grossProfit": 224188000, "grossProfitRatio": 0.43404051003457794, "researchAndDevelopmentExpenses": 0.0, "generalAndAdministrativeExpenses": 120464000, "sellingAndMarketingExpenses": 0.0, "otherExpenses": 17000.0, "operatingExpenses": 120464000, "costAndExpenses": 412790000, "interestExpense": 0.0, "depreciationAndAmortization": 13053000, "ebitda": 103724000, "ebitdaratio": 0.2008154667637276, "operatingIncome": 90671000, "operatingIncomeRatio": 0.1755441285231378, "totalOtherIncomeExpensesNet": 529000.0, "incomeBeforeTax": 97650000, "incomeBeforeTaxRatio": 0.18905586295821605, "incomeTaxExpense": 15373000, "netIncome": 82277000, "netIncomeRatio": 0.15929287492691388, "eps": 1.1, "epsdiluted": 1.1, "weightedAverageShsOut": 143477000, "weightedAverageShsOutDil": 143477000, "link": "https://www.sec.gov/Archives/edgar/data/1058290/000119312507175752/0001193125-07-175752-index.htm", "finalLink": "https://www.sec.gov/Archives/edgar/data/1058290/000119312507175752/d10q.htm"}, {"date": "2007-03-31", "symbol": "CTSH", "fillingDate": "2007-05-10", "acceptedDate": "2007-05-10 13:29:29", "period": "Q1", "revenue": 460270000, "costOfRevenue": 254909000, "grossProfit": 205361000, "grossProfitRatio": 0.44617507115388794, "researchAndDevelopmentExpenses": 0.0, "generalAndAdministrativeExpenses": 109499000, "sellingAndMarketingExpenses": 0.0, "otherExpenses": -17000.0, "operatingExpenses": 109499000, "costAndExpenses": 364408000, "interestExpense": 0.0, "depreciationAndAmortization": 12260000, "ebitda": 95862000, "ebitdaratio": 0.20827340474069567, "operatingIncome": 83602000, "operatingIncomeRatio": 0.1816368653181828, "totalOtherIncomeExpensesNet": -17000.0, "incomeBeforeTax": 90256000, "incomeBeforeTaxRatio": 0.1960935972364047, "incomeTaxExpense": 14810000, "netIncome": 75446000, "netIncomeRatio": 0.16391683142503313, "eps": 0.53, "epsdiluted": 0.53, "weightedAverageShsOut": 142902000, "weightedAverageShsOutDil": 142902000, "link": "https://www.sec.gov/Archives/edgar/data/1058290/000119312507109850/0001193125-07-109850-index.htm", "finalLink": "https://www.sec.gov/Archives/edgar/data/1058290/000119312507109850/d10q.htm"}, {"date": "2006-12-31", "symbol": "CTSH", "fillingDate": "2007-02-16", "acceptedDate": "2007-02-16 16:20:14", "period": "FY", "revenue": 424430000, "costOfRevenue": 232588000, "grossProfit": 191842000, "grossProfitRatio": 0.4519991518035954, "researchAndDevelopmentExpenses": 0.0, "generalAndAdministrativeExpenses": 105019000, "sellingAndMarketingExpenses": 0.0, "otherExpenses": 397000.0, "operatingExpenses": 105019000, "costAndExpenses": 337607000, "interestExpense": 0.0, "depreciationAndAmortization": 10471000, "ebitda": 86823000, "ebitdaratio": 0.20456376787691727, "operatingIncome": 76352000, "operatingIncomeRatio": 0.17989303300897674, "totalOtherIncomeExpensesNet": 397000.0, "incomeBeforeTax": 82287000, "incomeBeforeTaxRatio": 0.19387649317908726, "incomeTaxExpense": 12754000, "netIncome": 69533000, "netIncomeRatio": 0.1638267794453738, "eps": 1.65, "epsdiluted": 1.65, "weightedAverageShsOut": 140858000, "weightedAverageShsOutDil": 140858000, "link": "https://www.sec.gov/Archives/edgar/data/1058290/000119312507034095/0001193125-07-034095-index.htm", "finalLink": "https://www.sec.gov/Archives/edgar/data/1058290/000119312507034095/d10k.htm"}, {"date": "2006-09-30", "symbol": "CTSH", "fillingDate": "2006-11-08", "acceptedDate": "2006-11-08 17:26:24", "period": "Q3", "revenue": 377522000, "costOfRevenue": 208427000, "grossProfit": 169095000, "grossProfitRatio": 0.4479076716058932, "researchAndDevelopmentExpenses": 0.0, "generalAndAdministrativeExpenses": 91470000, "sellingAndMarketingExpenses": 0.0, "otherExpenses": -611000.0, "operatingExpenses": 91470000, "costAndExpenses": 299897000, "interestExpense": 0.0, "depreciationAndAmortization": 8861000.0, "ebitda": 77625000, "ebitdaratio": 0.20561715608626782, "operatingIncome": 68764000, "operatingIncomeRatio": 0.18214567627846853, "totalOtherIncomeExpensesNet": -611000.0, "incomeBeforeTax": 72940000, "incomeBeforeTaxRatio": 0.193207283284153, "incomeTaxExpense": 11913000, "netIncome": 61027000, "netIncomeRatio": 0.1616515064022759, "eps": 1.16, "epsdiluted": 1.16, "weightedAverageShsOut": 140470000, "weightedAverageShsOutDil": 140470000, "link": "https://www.sec.gov/Archives/edgar/data/1058290/000119312506228588/0001193125-06-228588-index.htm", "finalLink": "https://www.sec.gov/Archives/edgar/data/1058290/000119312506228588/d10q.htm"}, {"date": "2006-06-30", "symbol": "CTSH", "fillingDate": "2006-08-09", "acceptedDate": "2006-08-09 16:10:25", "period": "Q2", "revenue": 336836000, "costOfRevenue": 188320000, "grossProfit": 148516000, "grossProfitRatio": 0.4409148665819568, "researchAndDevelopmentExpenses": 0.0, "generalAndAdministrativeExpenses": 80044000, "sellingAndMarketingExpenses": 0.0, "otherExpenses": 1508000.0, "operatingExpenses": 80044000, "costAndExpenses": 268364000, "interestExpense": 0.0, "depreciationAndAmortization": 7801000.0, "ebitda": 68472000, "ebitdaratio": 0.20327993444881187, "operatingIncome": 60671000, "operatingIncomeRatio": 0.18012029593036374, "totalOtherIncomeExpensesNet": 1508000.0, "incomeBeforeTax": 66032000, "incomeBeforeTaxRatio": 0.1960360531534634, "incomeTaxExpense": 10961000, "netIncome": 55071000, "netIncomeRatio": 0.16349499459677708, "eps": 0.73, "epsdiluted": 0.73, "weightedAverageShsOut": 140103000, "weightedAverageShsOutDil": 140103000, "link": "https://www.sec.gov/Archives/edgar/data/1058290/000119312506167721/0001193125-06-167721-index.htm", "finalLink": "https://www.sec.gov/Archives/edgar/data/1058290/000119312506167721/d10q.htm"}, {"date": "2006-03-31", "symbol": "CTSH", "fillingDate": "2006-05-09", "acceptedDate": "2006-05-09 17:14:51", "period": "Q1", "revenue": 285479000, "costOfRevenue": 158588000, "grossProfit": 126891000, "grossProfitRatio": 0.44448453301293617, "researchAndDevelopmentExpenses": 0.0, "generalAndAdministrativeExpenses": 66705000, "sellingAndMarketingExpenses": 0.0, "otherExpenses": -41000.0, "operatingExpenses": 66705000, "costAndExpenses": 225293000, "interestExpense": 0.0, "depreciationAndAmortization": 7030000.0, "ebitda": 60186000, "ebitdaratio": 0.2108246140696864, "operatingIncome": 53156000, "operatingIncomeRatio": 0.1861993351524981, "totalOtherIncomeExpensesNet": -41000.0, "incomeBeforeTax": 56552000, "incomeBeforeTaxRatio": 0.19809513134065904, "incomeTaxExpense": 9388000.0, "netIncome": 47164000, "netIncomeRatio": 0.16521005047656745, "eps": 0.34, "epsdiluted": 0.34, "weightedAverageShsOut": 139665000, "weightedAverageShsOutDil": 139665000, "link": "https://www.sec.gov/Archives/edgar/data/1058290/000119312506105651/0001193125-06-105651-index.htm", "finalLink": "https://www.sec.gov/Archives/edgar/data/1058290/000119312506105651/d10q.htm"}, {"date": "2005-12-31", "symbol": "CTSH", "fillingDate": "2006-03-15", "acceptedDate": "2006-03-15 15:37:09", "period": "FY", "revenue": 256902000, "costOfRevenue": 135978000, "grossProfit": 120924000, "grossProfitRatio": 0.47070088983347735, "researchAndDevelopmentExpenses": 0.0, "generalAndAdministrativeExpenses": 64604000, "sellingAndMarketingExpenses": 0.0, "otherExpenses": -737000.0, "operatingExpenses": 64604000, "costAndExpenses": 200582000, "interestExpense": 0.0, "depreciationAndAmortization": 5280000.0, "ebitda": 56320000, "ebitdaratio": 0.21922756537512358, "operatingIncome": 51040000, "operatingIncomeRatio": 0.19867498112120574, "totalOtherIncomeExpensesNet": -737000.0, "incomeBeforeTax": 53163000, "incomeBeforeTaxRatio": 0.2069388327066352, "incomeTaxExpense": -4510000.0, "netIncome": 57673000, "netIncomeRatio": 0.22449416509019005, "eps": 1.22, "epsdiluted": 1.22, "weightedAverageShsOut": 136494000, "weightedAverageShsOutDil": 136494000, "link": "https://www.sec.gov/Archives/edgar/data/1058290/000119312506054940/0001193125-06-054940-index.htm", "finalLink": "https://www.sec.gov/Archives/edgar/data/1058290/000119312506054940/d10k.htm"}, {"date": "2005-09-30", "symbol": "CTSH", "fillingDate": "2005-11-08", "acceptedDate": "2005-11-08 16:39:03", "period": "Q3", "revenue": 235536000, "costOfRevenue": 128175000, "grossProfit": 107361000, "grossProfitRatio": 0.4558156714897086, "researchAndDevelopmentExpenses": 0.0, "generalAndAdministrativeExpenses": 54759000, "sellingAndMarketingExpenses": 0.0, "otherExpenses": 130000.0, "operatingExpenses": 54759000, "costAndExpenses": 182934000, "interestExpense": 0.0, "depreciationAndAmortization": 5581000.0, "ebitda": 52602000, "ebitdaratio": 0.22332891787242715, "operatingIncome": 47021000, "operatingIncomeRatio": 0.19963402622104476, "totalOtherIncomeExpensesNet": 130000.0, "incomeBeforeTax": 49372000, "incomeBeforeTaxRatio": 0.20961551525032268, "incomeTaxExpense": 8789000.0, "netIncome": 40583000, "netIncomeRatio": 0.17230062495754364, "eps": 0.8, "epsdiluted": 0.8, "weightedAverageShsOut": 135786000, "weightedAverageShsOutDil": 135786000, "link": "https://www.sec.gov/Archives/edgar/data/1058290/000119312505219848/0001193125-05-219848-index.htm", "finalLink": "https://www.sec.gov/Archives/edgar/data/1058290/000119312505219848/d10q.htm"}, {"date": "2005-06-30", "symbol": "CTSH", "fillingDate": "2005-08-08", "acceptedDate": "2005-08-08 16:33:55", "period": "Q2", "revenue": 211711000, "costOfRevenue": 117768000, "grossProfit": 93943000, "grossProfitRatio": 0.44373225765312146, "researchAndDevelopmentExpenses": 0.0, "generalAndAdministrativeExpenses": 46126000, "sellingAndMarketingExpenses": 0.0, "otherExpenses": -595000.0, "operatingExpenses": 46126000, "costAndExpenses": 163894000, "interestExpense": 0.0, "depreciationAndAmortization": 5449000.0, "ebitda": 47817000, "ebitdaratio": 0.22585978054990058, "operatingIncome": 42368000, "operatingIncomeRatio": 0.20012186423945852, "totalOtherIncomeExpensesNet": -595000.0, "incomeBeforeTax": 43834000, "incomeBeforeTaxRatio": 0.20704639815597678, "incomeTaxExpense": 7802000.0, "netIncome": 36032000, "netIncomeRatio": 0.1701942742701135, "eps": 0.5, "epsdiluted": 0.5, "weightedAverageShsOut": 135086000, "weightedAverageShsOutDil": 135086000, "link": "https://www.sec.gov/Archives/edgar/data/1058290/000119312505160812/0001193125-05-160812-index.htm", "finalLink": "https://www.sec.gov/Archives/edgar/data/1058290/000119312505160812/d10q.htm"}, {"date": "2005-03-31", "symbol": "CTSH", "fillingDate": "2005-05-10", "acceptedDate": "2005-05-10 12:31:19", "period": "Q1", "revenue": 181681000, "costOfRevenue": 97994000, "grossProfit": 83687000, "grossProfitRatio": 0.46062604234895227, "researchAndDevelopmentExpenses": 0.0, "generalAndAdministrativeExpenses": 41410000, "sellingAndMarketingExpenses": 0.0, "otherExpenses": -124000.0, "operatingExpenses": 41410000, "costAndExpenses": 139404000, "interestExpense": 0.0, "depreciationAndAmortization": 5090000.0, "ebitda": 42277000, "ebitdaratio": 0.23269907144940857, "operatingIncome": 37187000, "operatingIncomeRatio": 0.2046829332731546, "totalOtherIncomeExpensesNet": -124000.0, "incomeBeforeTax": 38903000, "incomeBeforeTaxRatio": 0.21412805962098402, "incomeTaxExpense": 6925000.0, "netIncome": 31978000, "netIncomeRatio": 0.1760118009037819, "eps": 0.24, "epsdiluted": 0.24, "weightedAverageShsOut": 134485000, "weightedAverageShsOutDil": 134485000, "link": "https://www.sec.gov/Archives/edgar/data/1058290/000095012305005998/0000950123-05-005998-index.htm", "finalLink": "https://www.sec.gov/Archives/edgar/data/1058290/000095012305005998/y08834e10vq.htm"}, {"date": "2004-12-31", "symbol": "CTSH", "fillingDate": "2005-03-16", "acceptedDate": "2005-03-16 15:07:48", "period": "FY", "revenue": 172781000, "costOfRevenue": 94657000, "grossProfit": 78124000, "grossProfitRatio": 0.4521561977300745, "researchAndDevelopmentExpenses": 0.0, "generalAndAdministrativeExpenses": 38182000, "sellingAndMarketingExpenses": 0.0, "otherExpenses": 117000.0, "operatingExpenses": 38182000, "costAndExpenses": 132839000, "interestExpense": 0.0, "depreciationAndAmortization": 4671000.0, "ebitda": 39942000, "ebitdaratio": 0.23117125146862214, "operatingIncome": 35271000, "operatingIncomeRatio": 0.20413702895573008, "totalOtherIncomeExpensesNet": 117000.0, "incomeBeforeTax": 36855000, "incomeBeforeTaxRatio": 0.21330470364218287, "incomeTaxExpense": -6253000.0, "netIncome": 30602000, "netIncomeRatio": 0.17711438178966438, "eps": 0.77, "epsdiluted": 0.77, "weightedAverageShsOut": 130990000, "weightedAverageShsOutDil": 130990000, "link": "https://www.sec.gov/Archives/edgar/data/1058290/000095012305003226/0000950123-05-003226-index.htm", "finalLink": "https://www.sec.gov/Archives/edgar/data/1058290/000095012305003226/y06838e10vk.htm"}, {"date": "2004-09-30", "symbol": "CTSH", "fillingDate": "2004-11-08", "acceptedDate": "2004-11-08 17:12:40", "period": "Q3", "revenue": 155429000, "costOfRevenue": 84585000, "grossProfit": 70844000, "grossProfitRatio": 0.4557965373257243, "researchAndDevelopmentExpenses": 0.0, "generalAndAdministrativeExpenses": 35889000, "sellingAndMarketingExpenses": 0.0, "otherExpenses": -252000.0, "operatingExpenses": 35889000, "costAndExpenses": 120474000, "interestExpense": 0.0, "depreciationAndAmortization": 4083000.0, "ebitda": 34955000, "ebitdaratio": 0.2248936813593345, "operatingIncome": 30872000, "operatingIncomeRatio": 0.1986244523222822, "totalOtherIncomeExpensesNet": -252000.0, "incomeBeforeTax": 31887000, "incomeBeforeTaxRatio": 0.20515476519825773, "incomeTaxExpense": -5835000.0, "netIncome": 26052000, "netIncomeRatio": 0.16761350841863487, "eps": 0.53, "epsdiluted": 0.53, "weightedAverageShsOut": 130248000, "weightedAverageShsOutDil": 130248000, "link": "https://www.sec.gov/Archives/edgar/data/1058290/000095012304013194/0000950123-04-013194-index.htm", "finalLink": "https://www.sec.gov/Archives/edgar/data/1058290/000095012304013194/y68510e10vq.htm"}]