[{"date": "2020-03-31", "symbol": "PYPL", "fillingDate": "2020-05-07", "acceptedDate": "2020-05-06 19:34:38", "period": "Q1", "revenue": 4618000000, "costOfRevenue": 0.0, "grossProfit": 4618000000, "grossProfitRatio": 1.0, "researchAndDevelopmentExpenses": 0.0, "generalAndAdministrativeExpenses": 486000000, "sellingAndMarketingExpenses": 371000000, "otherExpenses": 3363000000, "operatingExpenses": 4220000000, "costAndExpenses": 4220000000, "interestExpense": 37000000, "depreciationAndAmortization": 293000000, "ebitda": 691000000, "ebitdaratio": 0.149631875271, "operatingIncome": 398000000, "operatingIncomeRatio": 0.0861844954526, "totalOtherIncomeExpensesNet": -135000000, "incomeBeforeTax": 263000000, "incomeBeforeTaxRatio": 0.0569510610654, "incomeTaxExpense": 179000000, "netIncome": 84000000, "netIncomeRatio": 0.0181896925076, "eps": 0.07, "epsdiluted": 0.07, "weightedAverageShsOut": 1173000000, "weightedAverageShsOutDil": 1185000000, "link": "https://www.sec.gov/Archives/edgar/data/1633917/000163391720000093/0001633917-20-000093-index.htm", "finalLink": "https://www.sec.gov/Archives/edgar/data/1633917/000163391720000093/pyplq1202010-q.htm"}, {"date": "2019-12-31", "symbol": "PYPL", "fillingDate": "2020-02-06", "acceptedDate": "2020-02-06 16:28:40", "period": "FY", "revenue": 4961000000, "costOfRevenue": 0.0, "grossProfit": 4961000000, "grossProfitRatio": 1.0, "researchAndDevelopmentExpenses": 0.0, "generalAndAdministrativeExpenses": 472000000, "sellingAndMarketingExpenses": 400000000, "otherExpenses": 3290000000, "operatingExpenses": 4162000000, "costAndExpenses": 4162000000, "interestExpense": 37000000, "depreciationAndAmortization": 227000000, "ebitda": 1026000000, "ebitdaratio": 0.206813142512, "operatingIncome": 799000000, "operatingIncomeRatio": 0.161056238662, "totalOtherIncomeExpensesNet": 55000000, "incomeBeforeTax": 854000000, "incomeBeforeTaxRatio": 0.172142713163, "incomeTaxExpense": 347000000, "netIncome": 507000000, "netIncomeRatio": 0.102197137674, "eps": 0.43, "epsdiluted": 0.43, "weightedAverageShsOut": 1174000000, "weightedAverageShsOutDil": 1188000000, "link": "https://www.sec.gov/Archives/edgar/data/1633917/000163391720000028/0001633917-20-000028-index.htm", "finalLink": "https://www.sec.gov/Archives/edgar/data/1633917/000163391720000028/pypl201910-k.htm"}, {"date": "2019-09-30", "symbol": "PYPL", "fillingDate": "2019-10-24", "acceptedDate": "2019-10-24 18:55:45", "period": "Q3", "revenue": 4378000000, "costOfRevenue": 0.0, "grossProfit": 4378000000, "grossProfitRatio": 1.0, "researchAndDevelopmentExpenses": 0.0, "generalAndAdministrativeExpenses": 401000000, "sellingAndMarketingExpenses": 316000000, "otherExpenses": 2964000000, "operatingExpenses": 3681000000, "costAndExpenses": 3681000000, "interestExpense": 29000000, "depreciationAndAmortization": 227000000, "ebitda": 924000000, "ebitdaratio": 0.211055276382, "operatingIncome": 697000000, "operatingIncomeRatio": 0.159205116492, "totalOtherIncomeExpensesNet": -213000000, "incomeBeforeTax": 484000000, "incomeBeforeTaxRatio": 0.110552763819, "incomeTaxExpense": 22000000, "netIncome": 462000000, "netIncomeRatio": 0.105527638191, "eps": 0.39, "epsdiluted": 0.39, "weightedAverageShsOut": 1174000000, "weightedAverageShsOutDil": 1188000000, "link": "https://www.sec.gov/Archives/edgar/data/1633917/000163391719000210/0001633917-19-000210-index.htm", "finalLink": "https://www.sec.gov/Archives/edgar/data/1633917/000163391719000210/pypl10-qq32019.htm"}, {"date": "2019-06-30", "symbol": "PYPL", "fillingDate": "2019-07-25", "acceptedDate": "2019-07-25 16:36:25", "period": "Q2", "revenue": 4305000000, "costOfRevenue": 0.0, "grossProfit": 4305000000, "grossProfitRatio": 1.0, "researchAndDevelopmentExpenses": 0.0, "generalAndAdministrativeExpenses": 419000000, "sellingAndMarketingExpenses": 356000000, "otherExpenses": 2825000000, "operatingExpenses": 3600000000, "costAndExpenses": 3600000000, "interestExpense": 27000000, "depreciationAndAmortization": 228000000, "ebitda": 933000000, "ebitdaratio": 0.216724738676, "operatingIncome": 705000000, "operatingIncomeRatio": 0.163763066202, "totalOtherIncomeExpensesNet": 238000000, "incomeBeforeTax": 943000000, "incomeBeforeTaxRatio": 0.219047619048, "incomeTaxExpense": 120000000, "netIncome": 823000000, "netIncomeRatio": 0.191173054588, "eps": 0.7, "epsdiluted": 0.69, "weightedAverageShsOut": 1173000000, "weightedAverageShsOutDil": 1188000000, "link": "https://www.sec.gov/Archives/edgar/data/1633917/000163391719000180/0001633917-19-000180-index.htm", "finalLink": "https://www.sec.gov/Archives/edgar/data/1633917/000163391719000180/pypl10-qq22019.htm"}, {"date": "2019-03-31", "symbol": "PYPL", "fillingDate": "2019-04-25", "acceptedDate": "2019-04-25 17:01:17", "period": "Q1", "revenue": 4128000000, "costOfRevenue": 0.0, "grossProfit": 4128000000, "grossProfitRatio": 1.0, "researchAndDevelopmentExpenses": 0.0, "generalAndAdministrativeExpenses": 419000000, "sellingAndMarketingExpenses": 329000000, "otherExpenses": 2862000000, "operatingExpenses": 3610000000, "costAndExpenses": 3610000000, "interestExpense": 22000000, "depreciationAndAmortization": 230000000, "ebitda": 748000000, "ebitdaratio": 0.181201550388, "operatingIncome": 518000000, "operatingIncomeRatio": 0.125484496124, "totalOtherIncomeExpensesNet": 199000000, "incomeBeforeTax": 717000000, "incomeBeforeTaxRatio": 0.173691860465, "incomeTaxExpense": 50000000, "netIncome": 667000000, "netIncomeRatio": 0.161579457364, "eps": 0.57, "epsdiluted": 0.56, "weightedAverageShsOut": 1171000000, "weightedAverageShsOutDil": 1188000000, "link": "https://www.sec.gov/Archives/edgar/data/1633917/000163391719000118/0001633917-19-000118-index.htm", "finalLink": "https://www.sec.gov/Archives/edgar/data/1633917/000163391719000118/pypl10-qq12019.htm"}, {"date": "2018-12-31", "symbol": "PYPL", "fillingDate": "2019-02-07", "acceptedDate": "2019-02-07 16:47:58", "period": "FY", "revenue": 4226000000, "costOfRevenue": 0.0, "grossProfit": 4226000000, "grossProfitRatio": 1.0, "researchAndDevelopmentExpenses": 289000000, "generalAndAdministrativeExpenses": 390000000, "sellingAndMarketingExpenses": 389000000, "otherExpenses": 2560000000, "operatingExpenses": 3628000000, "costAndExpenses": 3628000000, "interestExpense": 20000000, "depreciationAndAmortization": 223000000, "ebitda": 821000000, "ebitdaratio": 0.194273544723, "operatingIncome": 598000000, "operatingIncomeRatio": 0.141504969238, "totalOtherIncomeExpensesNet": 88000000, "incomeBeforeTax": 686000000, "incomeBeforeTaxRatio": 0.162328442972, "incomeTaxExpense": 102000000, "netIncome": 584000000, "netIncomeRatio": 0.138192143871, "eps": 0.5, "epsdiluted": 0.49, "weightedAverageShsOut": 1184000000, "weightedAverageShsOutDil": 1203000000, "link": "https://www.sec.gov/Archives/edgar/data/1633917/000163391719000043/0001633917-19-000043-index.htm", "finalLink": "https://www.sec.gov/Archives/edgar/data/1633917/000163391719000043/pypl201810-k.htm"}, {"date": "2018-09-30", "symbol": "PYPL", "fillingDate": "2018-10-23", "acceptedDate": "2018-10-23 16:22:49", "period": "Q3", "revenue": 3683000000, "costOfRevenue": 0.0, "grossProfit": 3683000000, "grossProfitRatio": 1.0, "researchAndDevelopmentExpenses": 269000000, "generalAndAdministrativeExpenses": 354000000, "sellingAndMarketingExpenses": 326000000, "otherExpenses": 2244000000, "operatingExpenses": 3193000000, "costAndExpenses": 3193000000, "interestExpense": 24000000, "depreciationAndAmortization": 188000000, "ebitda": 678000000, "ebitdaratio": 0.184089057833, "operatingIncome": 490000000, "operatingIncomeRatio": 0.133043714363, "totalOtherIncomeExpensesNet": 43000000, "incomeBeforeTax": 533000000, "incomeBeforeTaxRatio": 0.144718979093, "incomeTaxExpense": 97000000, "netIncome": 436000000, "netIncomeRatio": 0.118381754005, "eps": 0.37, "epsdiluted": 0.36, "weightedAverageShsOut": 1187000000, "weightedAverageShsOutDil": 1206000000, "link": "https://www.sec.gov/Archives/edgar/data/1633917/000163391718000203/0001633917-18-000203-index.htm", "finalLink": "https://www.sec.gov/Archives/edgar/data/1633917/000163391718000203/pypl10-qq32018.htm"}, {"date": "2018-06-30", "symbol": "PYPL", "fillingDate": "2018-07-26", "acceptedDate": "2018-07-26 16:29:43", "period": "Q2", "revenue": 3857000000, "costOfRevenue": 0.0, "grossProfit": 3857000000, "grossProfitRatio": 1.0, "researchAndDevelopmentExpenses": 255000000, "generalAndAdministrativeExpenses": 368000000, "sellingAndMarketingExpenses": 313000000, "otherExpenses": 2349000000, "operatingExpenses": 3285000000, "costAndExpenses": 3285000000, "interestExpense": 18000000, "depreciationAndAmortization": 180000000, "ebitda": 752000000, "ebitdaratio": 0.194970184081, "operatingIncome": 572000000, "operatingIncomeRatio": 0.148301788955, "totalOtherIncomeExpensesNet": 37000000, "incomeBeforeTax": 609000000, "incomeBeforeTaxRatio": 0.157894736842, "incomeTaxExpense": 83000000, "netIncome": 526000000, "netIncomeRatio": 0.136375421312, "eps": 0.44, "epsdiluted": 0.44, "weightedAverageShsOut": 1190000000, "weightedAverageShsOutDil": 1209000000, "link": "https://www.sec.gov/Archives/edgar/data/1633917/000163391718000171/0001633917-18-000171-index.htm", "finalLink": "https://www.sec.gov/Archives/edgar/data/1633917/000163391718000171/pypl10-qq22018.htm"}, {"date": "2018-03-31", "symbol": "PYPL", "fillingDate": "2018-04-26", "acceptedDate": "2018-04-26 16:23:34", "period": "Q1", "revenue": 3685000000, "costOfRevenue": 0.0, "grossProfit": 3685000000, "grossProfitRatio": 1.0, "researchAndDevelopmentExpenses": 258000000, "generalAndAdministrativeExpenses": 339000000, "sellingAndMarketingExpenses": 285000000, "otherExpenses": 2269000000, "operatingExpenses": 3151000000, "costAndExpenses": 3151000000, "interestExpense": 15000000, "depreciationAndAmortization": 185000000, "ebitda": 719000000, "ebitdaratio": 0.195115332429, "operatingIncome": 534000000, "operatingIncomeRatio": 0.144911804613, "totalOtherIncomeExpensesNet": 14000000, "incomeBeforeTax": 548000000, "incomeBeforeTaxRatio": 0.148710990502, "incomeTaxExpense": 37000000, "netIncome": 511000000, "netIncomeRatio": 0.138670284939, "eps": 0.43, "epsdiluted": 0.42, "weightedAverageShsOut": 1192000000, "weightedAverageShsOutDil": 1217000000, "link": "https://www.sec.gov/Archives/edgar/data/1633917/000163391718000096/0001633917-18-000096-index.htm", "finalLink": "https://www.sec.gov/Archives/edgar/data/1633917/000163391718000096/pypl10-qq12018.htm"}, {"date": "2017-12-31", "symbol": "PYPL", "fillingDate": "2018-02-07", "acceptedDate": "2018-02-07 16:32:44", "period": "FY", "revenue": 3744000000, "costOfRevenue": 0.0, "grossProfit": 3744000000, "grossProfitRatio": 1.0, "researchAndDevelopmentExpenses": 267000000, "generalAndAdministrativeExpenses": 315000000, "sellingAndMarketingExpenses": 328000000, "otherExpenses": 1991000000, "operatingExpenses": 2901000000, "costAndExpenses": 2901000000, "interestExpense": 0.0, "depreciationAndAmortization": 227000000, "ebitda": 1070000000, "ebitdaratio": 0.285790598291, "operatingIncome": 843000000, "operatingIncomeRatio": 0.22516025641, "totalOtherIncomeExpensesNet": 21000000, "incomeBeforeTax": 864000000, "incomeBeforeTaxRatio": 0.230769230769, "incomeTaxExpense": 244000000, "netIncome": 620000000, "netIncomeRatio": 0.165598290598, "eps": 0.51, "epsdiluted": 0.51, "weightedAverageShsOut": 1203000000, "weightedAverageShsOutDil": 1221000000, "link": "https://www.sec.gov/Archives/edgar/data/1633917/000163391718000029/0001633917-18-000029-index.htm", "finalLink": "https://www.sec.gov/Archives/edgar/data/1633917/000163391718000029/pypl201710-k.htm"}, {"date": "2017-09-30", "symbol": "PYPL", "fillingDate": "2017-10-24", "acceptedDate": "2017-10-24 16:46:18", "period": "Q3", "revenue": 3239000000, "costOfRevenue": 0.0, "grossProfit": 3239000000, "grossProfitRatio": 1.0, "researchAndDevelopmentExpenses": 240000000, "generalAndAdministrativeExpenses": 293000000, "sellingAndMarketingExpenses": 278000000, "otherExpenses": 2005000000, "operatingExpenses": 2816000000, "costAndExpenses": 2816000000, "interestExpense": 0.0, "depreciationAndAmortization": 194000000, "ebitda": 617000000, "ebitdaratio": 0.190490892251, "operatingIncome": 423000000, "operatingIncomeRatio": 0.130595862921, "totalOtherIncomeExpensesNet": 28000000, "incomeBeforeTax": 451000000, "incomeBeforeTaxRatio": 0.139240506329, "incomeTaxExpense": 71000000, "netIncome": 380000000, "netIncomeRatio": 0.117320160543, "eps": 0.32, "epsdiluted": 0.31, "weightedAverageShsOut": 1203000000, "weightedAverageShsOutDil": 1218000000, "link": "https://www.sec.gov/Archives/edgar/data/1633917/000163391717000171/0001633917-17-000171-index.htm", "finalLink": "https://www.sec.gov/Archives/edgar/data/1633917/000163391717000171/pypl10-qq32017.htm"}, {"date": "2017-06-30", "symbol": "PYPL", "fillingDate": "2017-07-27", "acceptedDate": "2017-07-27 16:47:23", "period": "Q2", "revenue": 3136000000, "costOfRevenue": 0.0, "grossProfit": 3136000000, "grossProfitRatio": 1.0, "researchAndDevelopmentExpenses": 232000000, "generalAndAdministrativeExpenses": 282000000, "sellingAndMarketingExpenses": 284000000, "otherExpenses": 1908000000, "operatingExpenses": 2706000000, "costAndExpenses": 2706000000, "interestExpense": 0.0, "depreciationAndAmortization": 201000000, "ebitda": 631000000, "ebitdaratio": 0.201211734694, "operatingIncome": 430000000, "operatingIncomeRatio": 0.137117346939, "totalOtherIncomeExpensesNet": 17000000, "incomeBeforeTax": 447000000, "incomeBeforeTaxRatio": 0.142538265306, "incomeTaxExpense": 36000000, "netIncome": 411000000, "netIncomeRatio": 0.131058673469, "eps": 0.34, "epsdiluted": 0.33, "weightedAverageShsOut": 1203000000, "weightedAverageShsOutDil": 1216000000, "link": "https://www.sec.gov/Archives/edgar/data/1633917/000163391717000136/0001633917-17-000136-index.htm", "finalLink": "https://www.sec.gov/Archives/edgar/data/1633917/000163391717000136/pypl10-qq22017.htm"}, {"date": "2017-03-31", "symbol": "PYPL", "fillingDate": "2017-04-27", "acceptedDate": "2017-04-27 16:41:14", "period": "Q1", "revenue": 2975000000, "costOfRevenue": 0.0, "grossProfit": 2975000000, "grossProfitRatio": 1.0, "researchAndDevelopmentExpenses": 214000000, "generalAndAdministrativeExpenses": 265000000, "sellingAndMarketingExpenses": 238000000, "otherExpenses": 1827000000, "operatingExpenses": 2544000000, "costAndExpenses": 2544000000, "interestExpense": 0.0, "depreciationAndAmortization": 183000000, "ebitda": 614000000, "ebitdaratio": 0.206386554622, "operatingIncome": 431000000, "operatingIncomeRatio": 0.14487394958, "totalOtherIncomeExpensesNet": 7000000.0, "incomeBeforeTax": 438000000, "incomeBeforeTaxRatio": 0.147226890756, "incomeTaxExpense": 54000000, "netIncome": 384000000, "netIncomeRatio": 0.129075630252, "eps": 0.32, "epsdiluted": 0.32, "weightedAverageShsOut": 1203000000, "weightedAverageShsOutDil": 1216000000, "link": "https://www.sec.gov/Archives/edgar/data/1633917/000163391717000075/0001633917-17-000075-index.htm", "finalLink": "https://www.sec.gov/Archives/edgar/data/1633917/000163391717000075/pypl10-qq12017.htm"}, {"date": "2016-12-31", "symbol": "PYPL", "fillingDate": "2017-02-08", "acceptedDate": "2017-02-08 16:35:30", "period": "FY", "revenue": 2981000000, "costOfRevenue": 0.0, "grossProfit": 2981000000, "grossProfitRatio": 1.0, "researchAndDevelopmentExpenses": 215000000, "generalAndAdministrativeExpenses": 275000000, "sellingAndMarketingExpenses": 253000000, "otherExpenses": 1778000000, "operatingExpenses": 2521000000, "costAndExpenses": 2521000000, "interestExpense": 0.0, "depreciationAndAmortization": 189000000, "ebitda": 649000000, "ebitdaratio": 0.217712177122, "operatingIncome": 460000000, "operatingIncomeRatio": 0.154310634015, "totalOtherIncomeExpensesNet": 9000000.0, "incomeBeforeTax": 469000000, "incomeBeforeTaxRatio": 0.157329755116, "incomeTaxExpense": 79000000, "netIncome": 390000000, "netIncomeRatio": 0.130828581013, "eps": 0.33, "epsdiluted": 0.32, "weightedAverageShsOut": 1210000000, "weightedAverageShsOutDil": 1218000000, "link": "https://www.sec.gov/Archives/edgar/data/1633917/000163391717000027/0001633917-17-000027-index.htm", "finalLink": "https://www.sec.gov/Archives/edgar/data/1633917/000163391717000027/pypl201610-k.htm"}, {"date": "2016-09-30", "symbol": "PYPL", "fillingDate": "2016-10-25", "acceptedDate": "2016-10-25 16:22:20", "period": "Q3", "revenue": 2667000000, "costOfRevenue": 0.0, "grossProfit": 2667000000, "grossProfitRatio": 1.0, "researchAndDevelopmentExpenses": 215000000, "generalAndAdministrativeExpenses": 261000000, "sellingAndMarketingExpenses": 233000000, "otherExpenses": 1610000000, "operatingExpenses": 2319000000, "costAndExpenses": 2319000000, "interestExpense": 0.0, "depreciationAndAmortization": 185000000, "ebitda": 533000000, "ebitdaratio": 0.199850018748, "operatingIncome": 348000000, "operatingIncomeRatio": 0.130483689539, "totalOtherIncomeExpensesNet": 12000000, "incomeBeforeTax": 360000000, "incomeBeforeTaxRatio": 0.134983127109, "incomeTaxExpense": 37000000, "netIncome": 323000000, "netIncomeRatio": 0.121109861267, "eps": 0.26, "epsdiluted": 0.27, "weightedAverageShsOut": 1211000000, "weightedAverageShsOutDil": 1218000000, "link": "https://www.sec.gov/Archives/edgar/data/1633917/000163391716000243/0001633917-16-000243-index.htm", "finalLink": "https://www.sec.gov/Archives/edgar/data/1633917/000163391716000243/pypl10-qq32016.htm"}, {"date": "2016-06-30", "symbol": "PYPL", "fillingDate": "2016-07-26", "acceptedDate": "2016-07-26 16:40:26", "period": "Q2", "revenue": 2650000000, "costOfRevenue": 0.0, "grossProfit": 2650000000, "grossProfitRatio": 1.0, "researchAndDevelopmentExpenses": 209000000, "generalAndAdministrativeExpenses": 261000000, "sellingAndMarketingExpenses": 250000000, "otherExpenses": 1559000000, "operatingExpenses": 2279000000, "costAndExpenses": 2279000000, "interestExpense": 0.0, "depreciationAndAmortization": 176000000, "ebitda": 547000000, "ebitdaratio": 0.20641509434, "operatingIncome": 371000000, "operatingIncomeRatio": 0.14, "totalOtherIncomeExpensesNet": 9000000.0, "incomeBeforeTax": 380000000, "incomeBeforeTaxRatio": 0.143396226415, "incomeTaxExpense": 57000000, "netIncome": 323000000, "netIncomeRatio": 0.121886792453, "eps": 0.27, "epsdiluted": 0.26, "weightedAverageShsOut": 1213000000, "weightedAverageShsOutDil": 1220000000, "link": "https://www.sec.gov/Archives/edgar/data/1633917/000163391716000203/0001633917-16-000203-index.htm", "finalLink": "https://www.sec.gov/Archives/edgar/data/1633917/000163391716000203/pypl10-qq22016.htm"}, {"date": "2016-03-31", "symbol": "PYPL", "fillingDate": "2016-04-28", "acceptedDate": "2016-04-28 16:45:32", "period": "Q1", "revenue": 2544000000, "costOfRevenue": 0.0, "grossProfit": 2544000000, "grossProfitRatio": 1.0, "researchAndDevelopmentExpenses": 195000000, "generalAndAdministrativeExpenses": 231000000, "sellingAndMarketingExpenses": 233000000, "otherExpenses": 1478000000, "operatingExpenses": 2137000000, "costAndExpenses": 2137000000, "interestExpense": 0.0, "depreciationAndAmortization": 174000000, "ebitda": 581000000, "ebitdaratio": 0.228380503145, "operatingIncome": 407000000, "operatingIncomeRatio": 0.15998427673, "totalOtherIncomeExpensesNet": 15000000, "incomeBeforeTax": 422000000, "incomeBeforeTaxRatio": 0.165880503145, "incomeTaxExpense": 57000000, "netIncome": 365000000, "netIncomeRatio": 0.143474842767, "eps": 0.3, "epsdiluted": 0.3, "weightedAverageShsOut": 1216000000, "weightedAverageShsOutDil": 1225000000, "link": "https://www.sec.gov/Archives/edgar/data/1633917/000163391716000161/0001633917-16-000161-index.htm", "finalLink": "https://www.sec.gov/Archives/edgar/data/1633917/000163391716000161/pypl10-qq12016.htm"}, {"date": "2015-12-31", "symbol": "PYPL", "fillingDate": "2016-02-11", "acceptedDate": "2016-02-11 16:44:06", "period": "FY", "revenue": 2556000000, "costOfRevenue": 0.0, "grossProfit": 2556000000, "grossProfitRatio": 1.0, "researchAndDevelopmentExpenses": 252000000, "generalAndAdministrativeExpenses": 146000000, "sellingAndMarketingExpenses": 269000000, "otherExpenses": 1478000000, "operatingExpenses": 2145000000, "costAndExpenses": 2145000000, "interestExpense": 0.0, "depreciationAndAmortization": 164000000, "ebitda": 575000000, "ebitdaratio": 0.224960876369, "operatingIncome": 411000000, "operatingIncomeRatio": 0.160798122066, "totalOtherIncomeExpensesNet": 7000000.0, "incomeBeforeTax": 418000000, "incomeBeforeTaxRatio": 0.163536776213, "incomeTaxExpense": 51000000, "netIncome": 367000000, "netIncomeRatio": 0.14358372457, "eps": 0.29, "epsdiluted": 0.3, "weightedAverageShsOut": 1222000000, "weightedAverageShsOutDil": 1229000000, "link": "https://www.sec.gov/Archives/edgar/data/1633917/000163391716000113/0001633917-16-000113-index.htm", "finalLink": "https://www.sec.gov/Archives/edgar/data/1633917/000163391716000113/pypl201510-k.htm"}, {"date": "2015-09-30", "symbol": "PYPL", "fillingDate": "2015-10-29", "acceptedDate": "2015-10-29 16:18:35", "period": "Q3", "revenue": 2258000000, "costOfRevenue": 0.0, "grossProfit": 2258000000, "grossProfitRatio": 1.0, "researchAndDevelopmentExpenses": 230000000, "generalAndAdministrativeExpenses": 141000000, "sellingAndMarketingExpenses": 235000000, "otherExpenses": 1322000000, "operatingExpenses": 1928000000, "costAndExpenses": 1928000000, "interestExpense": 0.0, "depreciationAndAmortization": 153000000, "ebitda": 483000000, "ebitdaratio": 0.213906111603, "operatingIncome": 330000000, "operatingIncomeRatio": 0.146147032772, "totalOtherIncomeExpensesNet": 20000000, "incomeBeforeTax": 350000000, "incomeBeforeTaxRatio": 0.155004428698, "incomeTaxExpense": 49000000, "netIncome": 301000000, "netIncomeRatio": 0.13330380868, "eps": 0.25, "epsdiluted": 0.24, "weightedAverageShsOut": 1221000000, "weightedAverageShsOutDil": 1227000000, "link": "https://www.sec.gov/Archives/edgar/data/1633917/000163391715000052/0001633917-15-000052-index.htm", "finalLink": "https://www.sec.gov/Archives/edgar/data/1633917/000163391715000052/pypl10-qq32015.htm"}, {"date": "2015-06-30", "symbol": "PYPL", "fillingDate": null, "acceptedDate": null, "period": "Q2", "revenue": 4434000000, "costOfRevenue": 0.0, "grossProfit": 4434000000, "grossProfitRatio": 1.0, "researchAndDevelopmentExpenses": 465000000, "generalAndAdministrativeExpenses": 273000000, "sellingAndMarketingExpenses": 481000000, "otherExpenses": 2495000000, "operatingExpenses": 3714000000, "costAndExpenses": 3714000000, "interestExpense": 0.0, "depreciationAndAmortization": 291000000, "ebitda": 1011000000, "ebitdaratio": 0.22801082544, "operatingIncome": 720000000, "operatingIncomeRatio": 0.162381596752, "totalOtherIncomeExpensesNet": 0.0, "incomeBeforeTax": 720000000, "incomeBeforeTaxRatio": 0.162381596752, "incomeTaxExpense": 160000000, "netIncome": 560000000, "netIncomeRatio": 0.126296797474, "eps": 0.46, "epsdiluted": 0.46, "weightedAverageShsOut": 1218000000, "weightedAverageShsOutDil": 1224000000, "link": null, "finalLink": null}]