[{"date": "2020-03-31", "symbol": "VRSN", "fillingDate": "2020-04-23", "acceptedDate": "2020-04-23 16:34:09", "period": "Q1", "revenue": 312524000, "costOfRevenue": 45573000, "grossProfit": 266951000, "grossProfitRatio": 0.8541775991603845, "researchAndDevelopmentExpenses": 17358000, "generalAndAdministrativeExpenses": 36725000, "sellingAndMarketingExpenses": 6604000.0, "otherExpenses": 0.0, "operatingExpenses": 60687000, "costAndExpenses": 106260000, "interestExpense": 22535000, "depreciationAndAmortization": 14235000, "ebitda": 220499000, "ebitdaratio": 0.705542614327, "operatingIncome": 206264000, "operatingIncomeRatio": 0.659994112452, "totalOtherIncomeExpensesNet": 7084000.0, "incomeBeforeTax": 190813000, "incomeBeforeTaxRatio": 0.610554709398, "incomeTaxExpense": 143303000, "netIncome": 334116000, "netIncomeRatio": 1.06908909396, "eps": 2.86, "epsdiluted": 2.86, "weightedAverageShsOut": 116375000, "weightedAverageShsOutDil": 116730000, "link": "https://www.sec.gov/Archives/edgar/data/1014473/000101447320000019/0001014473-20-000019-index.htm", "finalLink": "https://www.sec.gov/Archives/edgar/data/1014473/000101447320000019/vrsn-2020331x10q.htm"}, {"date": "2019-12-31", "symbol": "VRSN", "fillingDate": "2020-02-14", "acceptedDate": "2020-02-14 16:08:36", "period": "FY", "revenue": 310543000, "costOfRevenue": 46454000, "grossProfit": 264089000, "grossProfitRatio": 0.8504104101525393, "researchAndDevelopmentExpenses": 15101000, "generalAndAdministrativeExpenses": 36560000, "sellingAndMarketingExpenses": 13862000, "otherExpenses": 0.0, "operatingExpenses": 65523000, "costAndExpenses": 111977000, "interestExpense": 22712000, "depreciationAndAmortization": 16509000, "ebitda": 215075000, "ebitdaratio": 0.692577195429, "operatingIncome": 198566000, "operatingIncomeRatio": 0.639415475474, "totalOtherIncomeExpensesNet": 9123000.0, "incomeBeforeTax": 184977000, "incomeBeforeTaxRatio": 0.595656640143, "incomeTaxExpense": 36652000, "netIncome": 148325000, "netIncomeRatio": 0.477631117108, "eps": 1.28, "epsdiluted": 1.26, "weightedAverageShsOut": 118513000, "weightedAverageShsOutDil": 118968000, "link": "https://www.sec.gov/Archives/edgar/data/1014473/000101447320000006/0001014473-20-000006-index.htm", "finalLink": "https://www.sec.gov/Archives/edgar/data/1014473/000101447320000006/vrsn-20191231x10k.htm"}, {"date": "2019-09-30", "symbol": "VRSN", "fillingDate": "2019-10-24", "acceptedDate": "2019-10-25 10:55:48", "period": "Q3", "revenue": 308421000, "costOfRevenue": 44443000, "grossProfit": 263978000, "grossProfitRatio": 0.8559015112459917, "researchAndDevelopmentExpenses": 14619000, "generalAndAdministrativeExpenses": 33886000, "sellingAndMarketingExpenses": 9857000.0, "otherExpenses": 0.0, "operatingExpenses": 58362000, "costAndExpenses": 102805000, "interestExpense": 22633000, "depreciationAndAmortization": 16035000, "ebitda": 221651000, "ebitdaratio": 0.718663774516, "operatingIncome": 205616000, "operatingIncomeRatio": 0.666673151309, "totalOtherIncomeExpensesNet": 10498000, "incomeBeforeTax": 193481000, "incomeBeforeTaxRatio": 0.627327581455, "incomeTaxExpense": 39568000, "netIncome": 153913000, "netIncomeRatio": 0.499035409392, "eps": 1.3, "epsdiluted": 1.3, "weightedAverageShsOut": 118966000, "weightedAverageShsOutDil": 119410000, "link": "https://www.sec.gov/Archives/edgar/data/1014473/000101447319000037/0001014473-19-000037-index.htm", "finalLink": "https://www.sec.gov/Archives/edgar/data/1014473/000101447319000037/vrsn-2019930x10q.htm"}, {"date": "2019-06-30", "symbol": "VRSN", "fillingDate": "2019-07-25", "acceptedDate": "2019-07-25 16:37:17", "period": "Q2", "revenue": 306289000, "costOfRevenue": 44066000, "grossProfit": 262223000, "grossProfitRatio": 0.8561293418960524, "researchAndDevelopmentExpenses": 14953000, "generalAndAdministrativeExpenses": 33178000, "sellingAndMarketingExpenses": 12399000, "otherExpenses": 0.0, "operatingExpenses": 60530000, "costAndExpenses": 104596000, "interestExpense": 22635000, "depreciationAndAmortization": 13116000, "ebitda": 214809000, "ebitdaratio": 0.701327830905, "operatingIncome": 201693000, "operatingIncomeRatio": 0.658505529092, "totalOtherIncomeExpensesNet": 11436000, "incomeBeforeTax": 190494000, "incomeBeforeTaxRatio": 0.621942022077, "incomeTaxExpense": 42960000, "netIncome": 147534000, "netIncomeRatio": 0.481682332699, "eps": 1.24, "epsdiluted": 1.24, "weightedAverageShsOut": 119359000, "weightedAverageShsOutDil": 119837000, "link": "https://www.sec.gov/Archives/edgar/data/1014473/000101447319000030/0001014473-19-000030-index.htm", "finalLink": "https://www.sec.gov/Archives/edgar/data/1014473/000101447319000030/vrsn-2019630x10q.htm"}, {"date": "2019-03-31", "symbol": "VRSN", "fillingDate": "2019-04-25", "acceptedDate": "2019-04-25 16:37:09", "period": "Q1", "revenue": 306408000, "costOfRevenue": 45504000, "grossProfit": 260904000, "grossProfitRatio": 0.8514921281428683, "researchAndDevelopmentExpenses": 16132000, "generalAndAdministrativeExpenses": 34001000, "sellingAndMarketingExpenses": 10519000, "otherExpenses": 0.0, "operatingExpenses": 60652000, "costAndExpenses": 106156000, "interestExpense": 22631000, "depreciationAndAmortization": 15447000, "ebitda": 215699000, "ebitdaratio": 0.703960079371, "operatingIncome": 200252000, "operatingIncomeRatio": 0.653546904781, "totalOtherIncomeExpensesNet": 12203000, "incomeBeforeTax": 189824000, "incomeBeforeTaxRatio": 0.619513850813, "incomeTaxExpense": 27297000, "netIncome": 162527000, "netIncomeRatio": 0.53042675126, "eps": 1.35, "epsdiluted": 1.35, "weightedAverageShsOut": 119757000, "weightedAverageShsOutDil": 120317000, "link": "https://www.sec.gov/Archives/edgar/data/1014473/000101447319000015/0001014473-19-000015-index.htm", "finalLink": "https://www.sec.gov/Archives/edgar/data/1014473/000101447319000015/vrsn-2019331x10q.htm"}, {"date": "2018-12-31", "symbol": "VRSN", "fillingDate": "2019-02-15", "acceptedDate": "2019-02-15 16:05:59", "period": "FY", "revenue": 307452000, "costOfRevenue": 48368000, "grossProfit": 259084000, "grossProfitRatio": 0.8426811339656272, "researchAndDevelopmentExpenses": 15042000, "generalAndAdministrativeExpenses": 32897000, "sellingAndMarketingExpenses": 17179000, "otherExpenses": 0.0, "operatingExpenses": 65118000, "costAndExpenses": 113486000, "interestExpense": 22634000, "depreciationAndAmortization": 18139000, "ebitda": 212105000, "ebitdaratio": 0.689880046316, "operatingIncome": 193966000, "operatingIncomeRatio": 0.630882219013, "totalOtherIncomeExpensesNet": 62570000, "incomeBeforeTax": 233902000, "incomeBeforeTaxRatio": 0.760775665795, "incomeTaxExpense": 51707000, "netIncome": 182195000, "netIncomeRatio": 0.59259656792, "eps": 1.88, "epsdiluted": 1.5, "weightedAverageShsOut": 113452000, "weightedAverageShsOutDil": 122661000, "link": "https://www.sec.gov/Archives/edgar/data/1014473/000101447319000005/0001014473-19-000005-index.htm", "finalLink": "https://www.sec.gov/Archives/edgar/data/1014473/000101447319000005/vrsn-20181231x10k.htm"}, {"date": "2018-09-30", "symbol": "VRSN", "fillingDate": "2018-10-25", "acceptedDate": "2018-10-25 16:38:24", "period": "Q3", "revenue": 305777000, "costOfRevenue": 48249000, "grossProfit": 257528000, "grossProfitRatio": 0.8422085375943907, "researchAndDevelopmentExpenses": 13712000, "generalAndAdministrativeExpenses": 34951000, "sellingAndMarketingExpenses": 13868000, "otherExpenses": 0.0, "operatingExpenses": 62531000, "costAndExpenses": 110780000, "interestExpense": 22631000, "depreciationAndAmortization": 18024000, "ebitda": 213021000, "ebitdaratio": 0.696654751665, "operatingIncome": 194997000, "operatingIncomeRatio": 0.637709834291, "totalOtherIncomeExpensesNet": 5935000.0, "incomeBeforeTax": 178301000, "incomeBeforeTaxRatio": 0.583107951219, "incomeTaxExpense": 40621000, "netIncome": 137680000, "netIncomeRatio": 0.450262773197, "eps": 1.12, "epsdiluted": 1.12, "weightedAverageShsOut": 111046000, "weightedAverageShsOutDil": 123079000, "link": "https://www.sec.gov/Archives/edgar/data/1014473/000101447318000040/0001014473-18-000040-index.htm", "finalLink": "https://www.sec.gov/Archives/edgar/data/1014473/000101447318000040/vrsn-2018930x10q.htm"}, {"date": "2018-06-30", "symbol": "VRSN", "fillingDate": "2018-07-26", "acceptedDate": "2018-07-26 16:43:36", "period": "Q2", "revenue": 302452000, "costOfRevenue": 47365000, "grossProfit": 255087000, "grossProfitRatio": 0.8433966381442345, "researchAndDevelopmentExpenses": 13755000, "generalAndAdministrativeExpenses": 31753000, "sellingAndMarketingExpenses": 16569000, "otherExpenses": 0.0, "operatingExpenses": 62077000, "costAndExpenses": 109442000, "interestExpense": 28792000, "depreciationAndAmortization": 17437000, "ebitda": 210447000, "ebitdaratio": 0.695802970389, "operatingIncome": 193010000, "operatingIncomeRatio": 0.638150847077, "totalOtherIncomeExpensesNet": 660000.0, "incomeBeforeTax": 164878000, "incomeBeforeTaxRatio": 0.545137740865, "incomeTaxExpense": 36527000, "netIncome": 128351000, "netIncomeRatio": 0.424368164205, "eps": 1.04, "epsdiluted": 1.04, "weightedAverageShsOut": 105639000, "weightedAverageShsOutDil": 123399000, "link": "https://www.sec.gov/Archives/edgar/data/1014473/000101447318000036/0001014473-18-000036-index.htm", "finalLink": "https://www.sec.gov/Archives/edgar/data/1014473/000101447318000036/vrsn-2018630x10q.htm"}, {"date": "2018-03-31", "symbol": "VRSN", "fillingDate": "2018-04-26", "acceptedDate": "2018-04-26 16:40:51", "period": "Q1", "revenue": 299288000, "costOfRevenue": 48152000, "grossProfit": 251136000, "grossProfitRatio": 0.8391114912726203, "researchAndDevelopmentExpenses": 15375000, "generalAndAdministrativeExpenses": 33067000, "sellingAndMarketingExpenses": 17275000, "otherExpenses": 0.0, "operatingExpenses": 65717000, "costAndExpenses": 113869000, "interestExpense": 40788000, "depreciationAndAmortization": 20163000, "ebitda": 205582000, "ebitdaratio": 0.686903584507, "operatingIncome": 185419000, "operatingIncomeRatio": 0.619533693299, "totalOtherIncomeExpensesNet": 7804000.0, "incomeBeforeTax": 152435000, "incomeBeforeTaxRatio": 0.509325465772, "incomeTaxExpense": 18172000, "netIncome": 134263000, "netIncomeRatio": 0.448608029724, "eps": 1.09, "epsdiluted": 1.09, "weightedAverageShsOut": 97250000, "weightedAverageShsOutDil": 123506000, "link": "https://www.sec.gov/Archives/edgar/data/1014473/000101447318000028/0001014473-18-000028-index.htm", "finalLink": "https://www.sec.gov/Archives/edgar/data/1014473/000101447318000028/vrsn-2018331x10q.htm"}, {"date": "2017-12-31", "symbol": "VRSN", "fillingDate": "2018-02-16", "acceptedDate": "2018-02-16 16:38:56", "period": "FY", "revenue": 295501000, "costOfRevenue": 47680000, "grossProfit": 247821000, "grossProfitRatio": 0.8386469081322906, "researchAndDevelopmentExpenses": 12773000, "generalAndAdministrativeExpenses": 33128000, "sellingAndMarketingExpenses": 25488000, "otherExpenses": 0.0, "operatingExpenses": 71389000, "costAndExpenses": 119069000, "interestExpense": 40467000, "depreciationAndAmortization": 30924000, "ebitda": 207356000, "ebitdaratio": 0.701709977293, "operatingIncome": 176432000, "operatingIncomeRatio": 0.597060585243, "totalOtherIncomeExpensesNet": 6082000.0, "incomeBeforeTax": 142047000, "incomeBeforeTaxRatio": 0.480698880884, "incomeTaxExpense": 39210000, "netIncome": 102837000, "netIncomeRatio": 0.348008974589, "eps": 1.71, "epsdiluted": 0.83, "weightedAverageShsOut": 100325000, "weightedAverageShsOutDil": 124180000, "link": "https://www.sec.gov/Archives/edgar/data/1014473/000101447318000018/0001014473-18-000018-index.htm", "finalLink": "https://www.sec.gov/Archives/edgar/data/1014473/000101447318000018/vrsn-20171231x10k.htm"}, {"date": "2017-09-30", "symbol": "VRSN", "fillingDate": "2017-10-26", "acceptedDate": "2017-10-26 16:36:45", "period": "Q3", "revenue": 292428000, "costOfRevenue": 47333000, "grossProfit": 245095000, "grossProfitRatio": 0.8381379348078843, "researchAndDevelopmentExpenses": 12715000, "generalAndAdministrativeExpenses": 32654000, "sellingAndMarketingExpenses": 18667000, "otherExpenses": 0.0, "operatingExpenses": 64036000, "costAndExpenses": 111369000, "interestExpense": 37756000, "depreciationAndAmortization": 16272000, "ebitda": 197331000, "ebitdaratio": 0.674802002544, "operatingIncome": 181059000, "operatingIncomeRatio": 0.619157536214, "totalOtherIncomeExpensesNet": 6241000.0, "incomeBeforeTax": 149544000, "incomeBeforeTaxRatio": 0.511387418441, "incomeTaxExpense": 34645000, "netIncome": 114899000, "netIncomeRatio": 0.392913811263, "eps": 0.92, "epsdiluted": 0.92, "weightedAverageShsOut": 101036000, "weightedAverageShsOutDil": 124162000, "link": "https://www.sec.gov/Archives/edgar/data/1014473/000101447317000048/0001014473-17-000048-index.htm", "finalLink": "https://www.sec.gov/Archives/edgar/data/1014473/000101447317000048/vrsn-2017930x10q.htm"}, {"date": "2017-06-30", "symbol": "VRSN", "fillingDate": "2017-07-27", "acceptedDate": "2017-07-27 16:37:18", "period": "Q2", "revenue": 288552000, "costOfRevenue": 47644000, "grossProfit": 240908000, "grossProfitRatio": 0.8348859131109817, "researchAndDevelopmentExpenses": 13510000, "generalAndAdministrativeExpenses": 32964000, "sellingAndMarketingExpenses": 19474000, "otherExpenses": 0.0, "operatingExpenses": 65948000, "costAndExpenses": 113592000, "interestExpense": 29090000, "depreciationAndAmortization": 15625000, "ebitda": 190585000, "ebitdaratio": 0.660487537775, "operatingIncome": 174960000, "operatingIncomeRatio": 0.606337852449, "totalOtherIncomeExpensesNet": 14002000, "incomeBeforeTax": 159872000, "incomeBeforeTaxRatio": 0.554049183509, "incomeTaxExpense": 36772000, "netIncome": 123100000, "netIncomeRatio": 0.426612880867, "eps": 0.99, "epsdiluted": 0.99, "weightedAverageShsOut": 101759000, "weightedAverageShsOutDil": 124218000, "link": "https://www.sec.gov/Archives/edgar/data/1014473/000101447317000029/0001014473-17-000029-index.htm", "finalLink": "https://www.sec.gov/Archives/edgar/data/1014473/000101447317000029/vrsn-2017630x10q.htm"}, {"date": "2017-03-31", "symbol": "VRSN", "fillingDate": "2017-04-27", "acceptedDate": "2017-04-27 16:38:25", "period": "Q1", "revenue": 288614000, "costOfRevenue": 50669000, "grossProfit": 237945000, "grossProfitRatio": 0.8244402558434448, "researchAndDevelopmentExpenses": 13344000, "generalAndAdministrativeExpenses": 31008000, "sellingAndMarketingExpenses": 18322000, "otherExpenses": 0.0, "operatingExpenses": 62674000, "costAndExpenses": 113343000, "interestExpense": 29023000, "depreciationAndAmortization": 16595000, "ebitda": 191866000, "ebitdaratio": 0.664784106107, "operatingIncome": 175271000, "operatingIncomeRatio": 0.607285162882, "totalOtherIncomeExpensesNet": 1301000.0, "incomeBeforeTax": 147549000, "incomeBeforeTaxRatio": 0.51123299632, "incomeTaxExpense": 31137000, "netIncome": 116412000, "netIncomeRatio": 0.403348416917, "eps": 0.94, "epsdiluted": 0.94, "weightedAverageShsOut": 102467000, "weightedAverageShsOutDil": 124464000, "link": "https://www.sec.gov/Archives/edgar/data/1014473/000101447317000012/0001014473-17-000012-index.htm", "finalLink": "https://www.sec.gov/Archives/edgar/data/1014473/000101447317000012/vrsn-2017331x10q.htm"}, {"date": "2016-12-31", "symbol": "VRSN", "fillingDate": "2017-02-17", "acceptedDate": "2017-02-17 16:07:20", "period": "FY", "revenue": 286271000, "costOfRevenue": 49100000, "grossProfit": 237171000, "grossProfitRatio": 0.8284841985391465, "researchAndDevelopmentExpenses": 13745000, "generalAndAdministrativeExpenses": 32845000, "sellingAndMarketingExpenses": 21819000, "otherExpenses": 0.0, "operatingExpenses": 68409000, "costAndExpenses": 117509000, "interestExpense": 28982000, "depreciationAndAmortization": 17493000, "ebitda": 186255000, "ebitdaratio": 0.65062475766, "operatingIncome": 168762000, "operatingIncomeRatio": 0.589518323547, "totalOtherIncomeExpensesNet": 2073000.0, "incomeBeforeTax": 141853000, "incomeBeforeTaxRatio": 0.49551997932, "incomeTaxExpense": 36301000, "netIncome": 105552000, "netIncomeRatio": 0.368713561625, "eps": 1.54, "epsdiluted": 0.84, "weightedAverageShsOut": 107001000, "weightedAverageShsOutDil": 128833000, "link": "https://www.sec.gov/Archives/edgar/data/1014473/000101447317000004/0001014473-17-000004-index.htm", "finalLink": "https://www.sec.gov/Archives/edgar/data/1014473/000101447317000004/vrsn-20161231x10k.htm"}, {"date": "2016-09-30", "symbol": "VRSN", "fillingDate": "2016-10-27", "acceptedDate": "2016-10-27 16:42:42", "period": "Q3", "revenue": 287554000, "costOfRevenue": 49807000, "grossProfit": 237747000, "grossProfitRatio": 0.8267907940769386, "researchAndDevelopmentExpenses": 14324000, "generalAndAdministrativeExpenses": 30000000, "sellingAndMarketingExpenses": 18647000, "otherExpenses": 0.0, "operatingExpenses": 62971000, "costAndExpenses": 112778000, "interestExpense": 28919000, "depreciationAndAmortization": 18078000, "ebitda": 192854000, "ebitdaratio": 0.670670552314, "operatingIncome": 174776000, "operatingIncomeRatio": 0.6078023606, "totalOtherIncomeExpensesNet": 3262000.0, "incomeBeforeTax": 149119000, "incomeBeforeTaxRatio": 0.518577380249, "incomeTaxExpense": 34692000, "netIncome": 114427000, "netIncomeRatio": 0.397932214471, "eps": 0.9, "epsdiluted": 0.9, "weightedAverageShsOut": 107982000, "weightedAverageShsOutDil": 129967000, "link": "https://www.sec.gov/Archives/edgar/data/1014473/000101447316000117/0001014473-16-000117-index.htm", "finalLink": "https://www.sec.gov/Archives/edgar/data/1014473/000101447316000117/vrsn-2016930x10q.htm"}, {"date": "2016-06-30", "symbol": "VRSN", "fillingDate": "2016-07-28", "acceptedDate": "2016-07-28 17:01:17", "period": "Q2", "revenue": 286466000, "costOfRevenue": 48753000, "grossProfit": 237713000, "grossProfitRatio": 0.8298122639335908, "researchAndDevelopmentExpenses": 14288000, "generalAndAdministrativeExpenses": 27401000, "sellingAndMarketingExpenses": 19757000, "otherExpenses": 0.0, "operatingExpenses": 61446000, "costAndExpenses": 110199000, "interestExpense": 28859000, "depreciationAndAmortization": 17873000, "ebitda": 194140000, "ebitdaratio": 0.677706953007, "operatingIncome": 176267000, "operatingIncomeRatio": 0.615315604644, "totalOtherIncomeExpensesNet": 1709000.0, "incomeBeforeTax": 149117000, "incomeBeforeTaxRatio": 0.520539959367, "incomeTaxExpense": 35907000, "netIncome": 113210000, "netIncomeRatio": 0.39519524132, "eps": 0.86, "epsdiluted": 0.86, "weightedAverageShsOut": 108829000, "weightedAverageShsOutDil": 131084000, "link": "https://www.sec.gov/Archives/edgar/data/1014473/000101447316000111/0001014473-16-000111-index.htm", "finalLink": "https://www.sec.gov/Archives/edgar/data/1014473/000101447316000111/vrsn-2016630x10q.htm"}, {"date": "2016-03-31", "symbol": "VRSN", "fillingDate": "2016-04-28", "acceptedDate": "2016-04-28 16:36:49", "period": "Q1", "revenue": 281876000, "costOfRevenue": 50582000, "grossProfit": 231294000, "grossProfitRatio": 0.8205522995927287, "researchAndDevelopmentExpenses": 16743000, "generalAndAdministrativeExpenses": 27757000, "sellingAndMarketingExpenses": 20027000, "otherExpenses": 0.0, "operatingExpenses": 64527000, "costAndExpenses": 115109000, "interestExpense": 28804000, "depreciationAndAmortization": 18134000, "ebitda": 184901000, "ebitdaratio": 0.655965743802, "operatingIncome": 166767000, "operatingIncomeRatio": 0.591632490883, "totalOtherIncomeExpensesNet": 3121000.0, "incomeBeforeTax": 141084000, "incomeBeforeTaxRatio": 0.500517958251, "incomeTaxExpense": 33628000, "netIncome": 107456000, "netIncomeRatio": 0.381217272843, "eps": 0.82, "epsdiluted": 0.82, "weightedAverageShsOut": 109592000, "weightedAverageShsOutDil": 131581000, "link": "https://www.sec.gov/Archives/edgar/data/1014473/000101447316000101/0001014473-16-000101-index.htm", "finalLink": "https://www.sec.gov/Archives/edgar/data/1014473/000101447316000101/vrsn-2016331x10q.htm"}, {"date": "2015-12-31", "symbol": "VRSN", "fillingDate": "2016-02-19", "acceptedDate": "2016-02-19 16:11:16", "period": "FY", "revenue": 272625000, "costOfRevenue": 48996000, "grossProfit": 223629000, "grossProfitRatio": 0.8202806052269601, "researchAndDevelopmentExpenses": 15200000, "generalAndAdministrativeExpenses": 27640000, "sellingAndMarketingExpenses": 22507000, "otherExpenses": 0.0, "operatingExpenses": 65347000, "costAndExpenses": 114343000, "interestExpense": 28567000, "depreciationAndAmortization": 27229000, "ebitda": 185511000, "ebitdaratio": 0.680462173315, "operatingIncome": 158282000, "operatingIncomeRatio": 0.580585052728, "totalOtherIncomeExpensesNet": -1404000.0, "incomeBeforeTax": 125379000, "incomeBeforeTaxRatio": 0.459895460798, "incomeTaxExpense": 23849000, "netIncome": 101530000, "netIncomeRatio": 0.372416322788, "eps": 1.23, "epsdiluted": 0.76, "weightedAverageShsOut": 114155000, "weightedAverageShsOutDil": 133031000, "link": "https://www.sec.gov/Archives/edgar/data/1014473/000101447316000086/0001014473-16-000086-index.htm", "finalLink": "https://www.sec.gov/Archives/edgar/data/1014473/000101447316000086/vrsn-20151231x10k.htm"}, {"date": "2015-09-30", "symbol": "VRSN", "fillingDate": "2015-10-22", "acceptedDate": "2015-10-22 16:47:05", "period": "Q3", "revenue": 265780000, "costOfRevenue": 47218000, "grossProfit": 218562000, "grossProfitRatio": 0.8223417864399127, "researchAndDevelopmentExpenses": 15019000, "generalAndAdministrativeExpenses": 28115000, "sellingAndMarketingExpenses": 20966000, "otherExpenses": 0.0, "operatingExpenses": 64100000, "costAndExpenses": 111318000, "interestExpense": 28544000, "depreciationAndAmortization": 14934000, "ebitda": 169396000, "ebitdaratio": 0.637354202724, "operatingIncome": 154462000, "operatingIncomeRatio": 0.581164873203, "totalOtherIncomeExpensesNet": 409000.0, "incomeBeforeTax": 121943000, "incomeBeforeTaxRatio": 0.458811799232, "incomeTaxExpense": 29486000, "netIncome": 92457000, "netIncomeRatio": 0.347870419144, "eps": 0.7, "epsdiluted": 0.7, "weightedAverageShsOut": 115235000, "weightedAverageShsOutDil": 132925000, "link": "https://www.sec.gov/Archives/edgar/data/1014473/000101447315000073/0001014473-15-000073-index.htm", "finalLink": "https://www.sec.gov/Archives/edgar/data/1014473/000101447315000073/vrsn-2015930x10q.htm"}, {"date": "2015-06-30", "symbol": "VRSN", "fillingDate": "2015-07-23", "acceptedDate": "2015-07-23 16:41:51", "period": "Q2", "revenue": 262539000, "costOfRevenue": 48221000, "grossProfit": 214318000, "grossProfitRatio": 0.8163282407566114, "researchAndDevelopmentExpenses": 16347000, "generalAndAdministrativeExpenses": 24677000, "sellingAndMarketingExpenses": 24329000, "otherExpenses": 0.0, "operatingExpenses": 65353000, "costAndExpenses": 113574000, "interestExpense": 28503000, "depreciationAndAmortization": 15873000, "ebitda": 164838000, "ebitdaratio": 0.627861003508, "operatingIncome": 148965000, "operatingIncomeRatio": 0.567401414647, "totalOtherIncomeExpensesNet": 3201000.0, "incomeBeforeTax": 123663000, "incomeBeforeTaxRatio": 0.471027161679, "incomeTaxExpense": 30652000, "netIncome": 93011000, "netIncomeRatio": 0.354274983907, "eps": 0.7, "epsdiluted": 0.7, "weightedAverageShsOut": 116394000, "weightedAverageShsOutDil": 133546000, "link": "https://www.sec.gov/Archives/edgar/data/1014473/000101447315000068/0001014473-15-000068-index.htm", "finalLink": "https://www.sec.gov/Archives/edgar/data/1014473/000101447315000068/vrsn-2015630x10q.htm"}, {"date": "2015-03-31", "symbol": "VRSN", "fillingDate": "2015-04-23", "acceptedDate": "2015-04-23 16:35:52", "period": "Q1", "revenue": 258422000, "costOfRevenue": 48353000, "grossProfit": 210069000, "grossProfitRatio": 0.8128913173027065, "researchAndDevelopmentExpenses": 17152000, "generalAndAdministrativeExpenses": 26298000, "sellingAndMarketingExpenses": 22382000, "otherExpenses": 0.0, "operatingExpenses": 65832000, "costAndExpenses": 114185000, "interestExpense": 22017000, "depreciationAndAmortization": 15747000, "ebitda": 159984000, "ebitdaratio": 0.61908041885, "operatingIncome": 144237000, "operatingIncomeRatio": 0.558145204356, "totalOtherIncomeExpensesNet": 83000.0, "incomeBeforeTax": 116665000, "incomeBeforeTaxRatio": 0.451451501807, "incomeTaxExpense": 28427000, "netIncome": 88238000, "netIncomeRatio": 0.341449257416, "eps": 0.66, "epsdiluted": 0.66, "weightedAverageShsOut": 117139000, "weightedAverageShsOutDil": 133850000, "link": "https://www.sec.gov/Archives/edgar/data/1014473/000101447315000047/0001014473-15-000047-index.htm", "finalLink": "https://www.sec.gov/Archives/edgar/data/1014473/000101447315000047/vrsn-2015331x10q.htm"}, {"date": "2014-12-31", "symbol": "VRSN", "fillingDate": "2015-02-13", "acceptedDate": "2015-02-13 16:31:57", "period": "FY", "revenue": 255917000, "costOfRevenue": 47477000, "grossProfit": 208440000, "grossProfitRatio": 0.8144828206019921, "researchAndDevelopmentExpenses": 17324000, "generalAndAdministrativeExpenses": 25138000, "sellingAndMarketingExpenses": 23757000, "otherExpenses": 0.0, "operatingExpenses": 66219000, "costAndExpenses": 113696000, "interestExpense": 21586000, "depreciationAndAmortization": 15766000, "ebitda": 157987000, "ebitdaratio": 0.617336870939, "operatingIncome": 142221000, "operatingIncomeRatio": 0.555730959647, "totalOtherIncomeExpensesNet": 51000.0, "incomeBeforeTax": 120476000, "incomeBeforeTaxRatio": 0.470762004869, "incomeTaxExpense": 55004000, "netIncome": 65472000, "netIncomeRatio": 0.255832945838, "eps": 0.77, "epsdiluted": 0.49, "weightedAverageShsOut": 126710000, "weightedAverageShsOutDil": 140895000, "link": "https://www.sec.gov/Archives/edgar/data/1014473/000101447315000011/0001014473-15-000011-index.htm", "finalLink": "https://www.sec.gov/Archives/edgar/data/1014473/000101447315000011/vrsn-20141231x10k.htm"}, {"date": "2014-09-30", "symbol": "VRSN", "fillingDate": "2014-10-23", "acceptedDate": "2014-10-23 16:34:30", "period": "Q3", "revenue": 255022000, "costOfRevenue": 46933000, "grossProfit": 208089000, "grossProfitRatio": 0.8159648971461285, "researchAndDevelopmentExpenses": 16320000, "generalAndAdministrativeExpenses": 27965000, "sellingAndMarketingExpenses": 24304000, "otherExpenses": 0.0, "operatingExpenses": 68589000, "costAndExpenses": 115522000, "interestExpense": 21533000, "depreciationAndAmortization": 15809000, "ebitda": 155309000, "ebitdaratio": 0.609002360581, "operatingIncome": 139500000, "operatingIncomeRatio": 0.547011630369, "totalOtherIncomeExpensesNet": 36000.0, "incomeBeforeTax": 111494000, "incomeBeforeTaxRatio": 0.437193653881, "incomeTaxExpense": 16305000, "netIncome": 95189000, "netIncomeRatio": 0.373257993428, "eps": 0.69, "epsdiluted": 0.69, "weightedAverageShsOut": 128924000, "weightedAverageShsOutDil": 142584000, "link": "https://www.sec.gov/Archives/edgar/data/1014473/000101447314000052/0001014473-14-000052-index.htm", "finalLink": "https://www.sec.gov/Archives/edgar/data/1014473/000101447314000052/vrsn-2014930x10q.htm"}, {"date": "2014-06-30", "symbol": "VRSN", "fillingDate": "2014-07-24", "acceptedDate": "2014-07-24 16:36:46", "period": "Q2", "revenue": 250382000, "costOfRevenue": 45989000, "grossProfit": 204393000, "grossProfitRatio": 0.8163246559257454, "researchAndDevelopmentExpenses": 15694000, "generalAndAdministrativeExpenses": 21927000, "sellingAndMarketingExpenses": 23651000, "otherExpenses": 0.0, "operatingExpenses": 61272000, "costAndExpenses": 107261000, "interestExpense": 21490000, "depreciationAndAmortization": 16107000, "ebitda": 159228000, "ebitdaratio": 0.635940283247, "operatingIncome": 143121000, "operatingIncomeRatio": 0.571610579035, "totalOtherIncomeExpensesNet": 4994000.0, "incomeBeforeTax": 126625000, "incomeBeforeTaxRatio": 0.505727248764, "incomeTaxExpense": 26449000, "netIncome": 100176000, "netIncomeRatio": 0.400092658418, "eps": 0.7, "epsdiluted": 0.7, "weightedAverageShsOut": 131372000, "weightedAverageShsOutDil": 144861000, "link": "https://www.sec.gov/Archives/edgar/data/1014473/000101447314000040/0001014473-14-000040-index.htm", "finalLink": "https://www.sec.gov/Archives/edgar/data/1014473/000101447314000040/vrsn-2014630x10q.htm"}, {"date": "2014-03-31", "symbol": "VRSN", "fillingDate": "2014-04-24", "acceptedDate": "2014-04-24 16:41:27", "period": "Q1", "revenue": 248796000, "costOfRevenue": 48026000, "grossProfit": 200770000, "grossProfitRatio": 0.8069663499413173, "researchAndDevelopmentExpenses": 18439000, "generalAndAdministrativeExpenses": 22457000, "sellingAndMarketingExpenses": 20289000, "otherExpenses": 0.0, "operatingExpenses": 61185000, "costAndExpenses": 109211000, "interestExpense": 21385000, "depreciationAndAmortization": 16008000, "ebitda": 155593000, "ebitdaratio": 0.625383848615, "operatingIncome": 139585000, "operatingIncomeRatio": 0.561041978167, "totalOtherIncomeExpensesNet": 6516000.0, "incomeBeforeTax": 124716000, "incomeBeforeTaxRatio": 0.501278155597, "incomeTaxExpense": 30293000, "netIncome": 94423000, "netIncomeRatio": 0.379519767199, "eps": 0.64, "epsdiluted": 0.64, "weightedAverageShsOut": 133417000, "weightedAverageShsOutDil": 148600000, "link": "https://www.sec.gov/Archives/edgar/data/1014473/000101447314000030/0001014473-14-000030-index.htm", "finalLink": "https://www.sec.gov/Archives/edgar/data/1014473/000101447314000030/vrsn-2014331x10q.htm"}, {"date": "2013-12-31", "symbol": "VRSN", "fillingDate": "2014-02-21", "acceptedDate": "2014-02-21 16:13:17", "period": "FY", "revenue": 245630000, "costOfRevenue": 46575000, "grossProfit": 199055000, "grossProfitRatio": 0.8103855392256646, "researchAndDevelopmentExpenses": 17766000, "generalAndAdministrativeExpenses": 26051000, "sellingAndMarketingExpenses": 25064000, "otherExpenses": 0.0, "operatingExpenses": 68881000, "costAndExpenses": 115456000, "interestExpense": 21237000, "depreciationAndAmortization": 15240000, "ebitda": 145414000, "ebitdaratio": 0.592004234011, "operatingIncome": 130174000, "operatingIncomeRatio": 0.529959695477, "totalOtherIncomeExpensesNet": 7508000.0, "incomeBeforeTax": 204124000, "incomeBeforeTaxRatio": 0.831022269267, "incomeTaxExpense": 175704000, "netIncome": 292149000, "netIncomeRatio": 1.18938647559, "eps": 2.06, "epsdiluted": 1.89, "weightedAverageShsOut": 144591000, "weightedAverageShsOutDil": 155786000, "link": "https://www.sec.gov/Archives/edgar/data/1014473/000101447314000006/0001014473-14-000006-index.htm", "finalLink": "https://www.sec.gov/Archives/edgar/data/1014473/000101447314000006/vrsn-20131231x10k.htm"}, {"date": "2013-09-30", "symbol": "VRSN", "fillingDate": "2013-10-24", "acceptedDate": "2013-10-24 16:38:59", "period": "Q3", "revenue": 243678000, "costOfRevenue": 46554000, "grossProfit": 197124000, "grossProfitRatio": 0.8089527983650555, "researchAndDevelopmentExpenses": 17456000, "generalAndAdministrativeExpenses": 24055000, "sellingAndMarketingExpenses": 22900000, "otherExpenses": 0.0, "operatingExpenses": 64411000, "costAndExpenses": 110965000, "interestExpense": 21119000, "depreciationAndAmortization": 14889000, "ebitda": 147602000, "ebitdaratio": 0.605725588687, "operatingIncome": 132713000, "operatingIncomeRatio": 0.544624463431, "totalOtherIncomeExpensesNet": 86000.0, "incomeBeforeTax": 107002000, "incomeBeforeTaxRatio": 0.439112271112, "incomeTaxExpense": 26104000, "netIncome": 80898000, "netIncomeRatio": 0.331987294709, "eps": 0.57, "epsdiluted": 0.53, "weightedAverageShsOut": 147567000, "weightedAverageShsOutDil": 157606000, "link": "https://www.sec.gov/Archives/edgar/data/1014473/000101447313000060/0001014473-13-000060-index.htm", "finalLink": "https://www.sec.gov/Archives/edgar/data/1014473/000101447313000060/vrsn-2013930x10q.htm"}, {"date": "2013-06-30", "symbol": "VRSN", "fillingDate": "2013-07-25", "acceptedDate": "2013-07-25 16:41:38", "period": "Q2", "revenue": 239332000, "costOfRevenue": 46630000, "grossProfit": 192702000, "grossProfitRatio": 0.8051660454932896, "researchAndDevelopmentExpenses": 16899000, "generalAndAdministrativeExpenses": 20453000, "sellingAndMarketingExpenses": 23269000, "otherExpenses": 0.0, "operatingExpenses": 60621000, "costAndExpenses": 107251000, "interestExpense": 19809000, "depreciationAndAmortization": 15408000, "ebitda": 147489000, "ebitdaratio": 0.616252736784, "operatingIncome": 132081000, "operatingIncomeRatio": 0.551873548042, "totalOtherIncomeExpensesNet": 6161000.0, "incomeBeforeTax": 118433000, "incomeBeforeTaxRatio": 0.494848160714, "incomeTaxExpense": 31543000, "netIncome": 86890000, "netIncomeRatio": 0.36305216185, "eps": 0.59, "epsdiluted": 0.55, "weightedAverageShsOut": 150549000, "weightedAverageShsOutDil": 159982000, "link": "https://www.sec.gov/Archives/edgar/data/1014473/000101447313000041/0001014473-13-000041-index.htm", "finalLink": "https://www.sec.gov/Archives/edgar/data/1014473/000101447313000041/vrsn-2013630x10q.htm"}, {"date": "2013-03-31", "symbol": "VRSN", "fillingDate": "2013-04-25", "acceptedDate": "2013-04-25 16:41:20", "period": "Q1", "revenue": 236447000, "costOfRevenue": 47254000, "grossProfit": 189193000, "grossProfitRatio": 0.8001497164269371, "researchAndDevelopmentExpenses": 18176000, "generalAndAdministrativeExpenses": 19649000, "sellingAndMarketingExpenses": 18104000, "otherExpenses": 0.0, "operatingExpenses": 55929000, "costAndExpenses": 103183000, "interestExpense": 12596000, "depreciationAndAmortization": 15118000, "ebitda": 148382000, "ebitdaratio": 0.627548668412, "operatingIncome": 133264000, "operatingIncomeRatio": 0.563610449699, "totalOtherIncomeExpensesNet": -5777000.0, "incomeBeforeTax": 114891000, "incomeBeforeTaxRatio": 0.485905932408, "incomeTaxExpense": 30378000, "netIncome": 84513000, "netIncomeRatio": 0.357428937563, "eps": 0.55, "epsdiluted": 0.52, "weightedAverageShsOut": 152543000, "weightedAverageShsOutDil": 161346000, "link": "https://www.sec.gov/Archives/edgar/data/1014473/000101447313000029/0001014473-13-000029-index.htm", "finalLink": "https://www.sec.gov/Archives/edgar/data/1014473/000101447313000029/vrsn-2013331x10q.htm"}, {"date": "2012-12-31", "symbol": "VRSN", "fillingDate": "2013-02-28", "acceptedDate": "2013-02-28 17:01:41", "period": "FY", "revenue": 230196000, "costOfRevenue": 42040000, "grossProfit": 188156000, "grossProfitRatio": 0.8173730212514553, "researchAndDevelopmentExpenses": 16059000, "generalAndAdministrativeExpenses": 16024000, "sellingAndMarketingExpenses": 20753000, "otherExpenses": 0.0, "operatingExpenses": 52836000, "costAndExpenses": 94841000, "interestExpense": 12657000, "depreciationAndAmortization": 15167000, "ebitda": 150522000, "ebitdaratio": 0.653886253454, "operatingIncome": 135355000, "operatingIncomeRatio": 0.587998922657, "totalOtherIncomeExpensesNet": 5564000.0, "incomeBeforeTax": 131294000, "incomeBeforeTaxRatio": 0.570357434534, "incomeTaxExpense": 30205000, "netIncome": 105641000, "netIncomeRatio": 0.45891761803, "eps": 0.68, "epsdiluted": 0.65, "weightedAverageShsOut": 156953000, "weightedAverageShsOutDil": 163909000, "link": "https://www.sec.gov/Archives/edgar/data/1014473/000101447313000006/0001014473-13-000006-index.htm", "finalLink": "https://www.sec.gov/Archives/edgar/data/1014473/000101447313000006/vrsn-20121231x10k.htm"}, {"date": "2012-09-30", "symbol": "VRSN", "fillingDate": "2012-10-25", "acceptedDate": "2012-10-25 16:44:30", "period": "Q3", "revenue": 223528000, "costOfRevenue": 41460000, "grossProfit": 182068000, "grossProfitRatio": 0.814519881178197, "researchAndDevelopmentExpenses": 15409000, "generalAndAdministrativeExpenses": 27669000, "sellingAndMarketingExpenses": 22928000, "otherExpenses": 0.0, "operatingExpenses": 66006000, "costAndExpenses": 107466000, "interestExpense": 12619000, "depreciationAndAmortization": 13379000, "ebitda": 129441000, "ebitdaratio": 0.579081815254, "operatingIncome": 116062000, "operatingIncomeRatio": 0.519228016177, "totalOtherIncomeExpensesNet": 1290000.0, "incomeBeforeTax": 101701000, "incomeBeforeTaxRatio": 0.454981031459, "incomeTaxExpense": 24882000, "netIncome": 77910000, "netIncomeRatio": 0.348546938191, "eps": 0.5, "epsdiluted": 0.47, "weightedAverageShsOut": 157729000, "weightedAverageShsOutDil": 164540000, "link": "https://www.sec.gov/Archives/edgar/data/1014473/000101447312000022/0001014473-12-000022-index.htm", "finalLink": "https://www.sec.gov/Archives/edgar/data/1014473/000101447312000022/vrsn-2012930x10q.htm"}, {"date": "2012-06-30", "symbol": "VRSN", "fillingDate": "2012-07-27", "acceptedDate": "2012-07-27 13:54:42", "period": "Q2", "revenue": 214142000, "costOfRevenue": 42844000, "grossProfit": 171298000, "grossProfitRatio": 0.7999271511426997, "researchAndDevelopmentExpenses": 15461000, "generalAndAdministrativeExpenses": 22726000, "sellingAndMarketingExpenses": 26313000, "otherExpenses": 0.0, "operatingExpenses": 64500000, "costAndExpenses": 107162000, "interestExpense": 12580000, "depreciationAndAmortization": 13532000, "ebitda": 120512000, "ebitdaratio": 0.562766762242, "operatingIncome": 106980000, "operatingIncomeRatio": 0.499575048332, "totalOtherIncomeExpensesNet": 2000.0, "incomeBeforeTax": 92303000, "incomeBeforeTaxRatio": 0.431036415089, "incomeTaxExpense": 23831000, "netIncome": 68472000, "netIncomeRatio": 0.319750445966, "eps": 0.43, "epsdiluted": 0.41, "weightedAverageShsOut": 158471000, "weightedAverageShsOutDil": 163530000, "link": "https://www.sec.gov/Archives/edgar/data/1014473/000101447312000011/0001014473-12-000011-index.htm", "finalLink": "https://www.sec.gov/Archives/edgar/data/1014473/000101447312000011/vrsn-2012630x10q.htm"}, {"date": "2012-03-31", "symbol": "VRSN", "fillingDate": "2012-04-27", "acceptedDate": "2012-04-27 12:51:41", "period": "Q1", "revenue": 205726000, "costOfRevenue": 41256000, "grossProfit": 164470000, "grossProfitRatio": 0.7994614195580529, "researchAndDevelopmentExpenses": 14765000, "generalAndAdministrativeExpenses": 23508000, "sellingAndMarketingExpenses": 27815000, "otherExpenses": 0.0, "operatingExpenses": 66088000, "costAndExpenses": 106796000, "interestExpense": 12340000, "depreciationAndAmortization": 12741000, "ebitda": 111671000, "ebitdaratio": 0.542814228634, "operatingIncome": 98930000, "operatingIncomeRatio": 0.480882338645, "totalOtherIncomeExpensesNet": 0.0, "incomeBeforeTax": 87397000, "incomeBeforeTaxRatio": 0.424822336506, "incomeTaxExpense": 21292000, "netIncome": 68009000, "netIncomeRatio": 0.330580480834, "eps": 0.43, "epsdiluted": 0.42, "weightedAverageShsOut": 159344000, "weightedAverageShsOutDil": 162881000, "link": "https://www.sec.gov/Archives/edgar/data/1014473/000101447312000003/0001014473-12-000003-index.htm", "finalLink": "https://www.sec.gov/Archives/edgar/data/1014473/000101447312000003/vrsn-2012331x10q.htm"}, {"date": "2011-12-31", "symbol": "VRSN", "fillingDate": "2012-02-24", "acceptedDate": "2012-02-24 13:45:04", "period": "FY", "revenue": 203646000, "costOfRevenue": 42016000, "grossProfit": 161630000, "grossProfitRatio": 0.7936811918721703, "researchAndDevelopmentExpenses": 13121000, "generalAndAdministrativeExpenses": 24512000, "sellingAndMarketingExpenses": 27772000, "otherExpenses": 0.0, "operatingExpenses": 65405000, "costAndExpenses": 110773000, "interestExpense": 11859000, "depreciationAndAmortization": 14251000, "ebitda": 107124000, "ebitdaratio": 0.52603046463, "operatingIncome": 92873000, "operatingIncomeRatio": 0.456051186863, "totalOtherIncomeExpensesNet": 0.0, "incomeBeforeTax": 77326000, "incomeBeforeTaxRatio": 0.379707924536, "incomeTaxExpense": 31997000, "netIncome": 53814000, "netIncomeRatio": 0.264252673757, "eps": 0.34, "epsdiluted": 0.33, "weightedAverageShsOut": 165408000, "weightedAverageShsOutDil": 166887000, "link": "https://www.sec.gov/Archives/edgar/data/1014473/000119312512077600/0001193125-12-077600-index.htm", "finalLink": "https://www.sec.gov/Archives/edgar/data/1014473/000119312512077600/d296041d10k.htm"}, {"date": "2011-09-30", "symbol": "VRSN", "fillingDate": "2011-10-28", "acceptedDate": "2011-10-28 14:03:52", "period": "Q3", "revenue": 196965000, "costOfRevenue": 41694000, "grossProfit": 155271000, "grossProfitRatio": 0.7883177214225878, "researchAndDevelopmentExpenses": 13488000, "generalAndAdministrativeExpenses": 24775000, "sellingAndMarketingExpenses": 25090000, "otherExpenses": 0.0, "operatingExpenses": 63353000, "costAndExpenses": 108018000, "interestExpense": 11797000, "depreciationAndAmortization": 13813000, "ebitda": 102760000, "ebitdaratio": 0.52171705633, "operatingIncome": 88947000, "operatingIncomeRatio": 0.451587845556, "totalOtherIncomeExpensesNet": 0.0, "incomeBeforeTax": 80741000, "incomeBeforeTaxRatio": 0.409925621303, "incomeTaxExpense": 22126000, "netIncome": 58916000, "netIncomeRatio": 0.299119132841, "eps": 0.35, "epsdiluted": 0.35, "weightedAverageShsOut": 167492000, "weightedAverageShsOutDil": 169176000, "link": "https://www.sec.gov/Archives/edgar/data/1014473/000119312511285850/0001193125-11-285850-index.htm", "finalLink": "https://www.sec.gov/Archives/edgar/data/1014473/000119312511285850/d219781d10q.htm"}, {"date": "2011-06-30", "symbol": "VRSN", "fillingDate": "2011-07-29", "acceptedDate": "2011-07-29 15:54:18", "period": "Q2", "revenue": 189844000, "costOfRevenue": 40667000, "grossProfit": 149177000, "grossProfitRatio": 0.785787277975601, "researchAndDevelopmentExpenses": 13074000, "generalAndAdministrativeExpenses": 28206000, "sellingAndMarketingExpenses": 22179000, "otherExpenses": 0.0, "operatingExpenses": 63459000, "costAndExpenses": 107785000, "interestExpense": 111856000, "depreciationAndAmortization": 13674000, "ebitda": 95733000, "ebitdaratio": 0.504271928531, "operatingIncome": 82059000, "operatingIncomeRatio": 0.432244369061, "totalOtherIncomeExpensesNet": 0.0, "incomeBeforeTax": -23648000, "incomeBeforeTaxRatio": -0.12456543267103516, "incomeTaxExpense": 15967000, "netIncome": -4343000.0, "netIncomeRatio": -0.022876677693263944, "eps": -0.06, "epsdiluted": -0.06, "weightedAverageShsOut": 169751000, "weightedAverageShsOutDil": 171850000, "link": "https://www.sec.gov/Archives/edgar/data/1014473/000119312511202763/0001193125-11-202763-index.htm", "finalLink": "https://www.sec.gov/Archives/edgar/data/1014473/000119312511202763/d10q.htm"}, {"date": "2011-03-31", "symbol": "VRSN", "fillingDate": "2011-04-29", "acceptedDate": "2011-04-29 10:39:02", "period": "Q1", "revenue": 181523000, "costOfRevenue": 40869000, "grossProfit": 140654000, "grossProfitRatio": 0.7748549770552492, "researchAndDevelopmentExpenses": 13594000, "generalAndAdministrativeExpenses": 33629000, "sellingAndMarketingExpenses": 22391000, "otherExpenses": 0.0, "operatingExpenses": 69614000, "costAndExpenses": 116013000, "interestExpense": 11820000, "depreciationAndAmortization": 13968000, "ebitda": 79478000, "ebitdaratio": 0.437839832969, "operatingIncome": 65510000, "operatingIncomeRatio": 0.360890906387, "totalOtherIncomeExpensesNet": 0.0, "incomeBeforeTax": 59168000, "incomeBeforeTaxRatio": 0.325953184996, "incomeTaxExpense": 16875000, "netIncome": 40771000, "netIncomeRatio": 0.224605146455, "eps": 0.24, "epsdiluted": 0.24, "weightedAverageShsOut": 170193000, "weightedAverageShsOutDil": 171979000, "link": "https://www.sec.gov/Archives/edgar/data/1014473/000119312511117347/0001193125-11-117347-index.htm", "finalLink": "https://www.sec.gov/Archives/edgar/data/1014473/000119312511117347/d10q.htm"}, {"date": "2010-12-31", "symbol": "VRSN", "fillingDate": "2011-02-24", "acceptedDate": "2011-02-24 15:23:27", "period": "FY", "revenue": 176751000, "costOfRevenue": 36088000, "grossProfit": 140663000, "grossProfitRatio": 0.7958257661908561, "researchAndDevelopmentExpenses": 12933000, "generalAndAdministrativeExpenses": 36080000, "sellingAndMarketingExpenses": 20310000, "otherExpenses": 0.0, "operatingExpenses": 69323000, "costAndExpenses": 108131000, "interestExpense": 157667000, "depreciationAndAmortization": 14276000, "ebitda": 82896000, "ebitdaratio": 0.468998760969, "operatingIncome": 68620000, "operatingIncomeRatio": 0.388229769563, "totalOtherIncomeExpensesNet": 0.0, "incomeBeforeTax": 14000.0, "incomeBeforeTaxRatio": 0.14, "incomeTaxExpense": -4000.0, "netIncome": 122000.0, "netIncomeRatio": 1.22, "eps": -0.18, "epsdiluted": -0.18, "weightedAverageShsOut": 177534000, "weightedAverageShsOutDil": 178965000, "link": "https://www.sec.gov/Archives/edgar/data/1014473/000119312511045196/0001193125-11-045196-index.htm", "finalLink": "https://www.sec.gov/Archives/edgar/data/1014473/000119312511045196/d10k.htm"}, {"date": "2010-09-30", "symbol": "VRSN", "fillingDate": "2010-10-29", "acceptedDate": "2010-10-29 10:43:19", "period": "Q3", "revenue": 172649000, "costOfRevenue": 40266000, "grossProfit": 132383000, "grossProfitRatio": 0.7667753650470028, "researchAndDevelopmentExpenses": 14537000, "generalAndAdministrativeExpenses": 33644000, "sellingAndMarketingExpenses": 18450000, "otherExpenses": 0.0, "operatingExpenses": 66631000, "costAndExpenses": 113200000, "interestExpense": 0.0, "depreciationAndAmortization": 13573000, "ebitda": 73022000, "ebitdaratio": 0.422950610777, "operatingIncome": 59449000, "operatingIncomeRatio": 0.344334458931, "totalOtherIncomeExpensesNet": 0.0, "incomeBeforeTax": 51949000, "incomeBeforeTaxRatio": 0.300893720786, "incomeTaxExpense": 7193000.0, "netIncome": 784903000, "netIncomeRatio": 4.54623542563, "eps": 4.38, "epsdiluted": 4.35, "weightedAverageShsOut": 179240000, "weightedAverageShsOutDil": 180634000, "link": "https://www.sec.gov/Archives/edgar/data/1014473/000119312510240755/0001193125-10-240755-index.htm", "finalLink": "https://www.sec.gov/Archives/edgar/data/1014473/000119312510240755/d10q.htm"}, {"date": "2010-06-30", "symbol": "VRSN", "fillingDate": "2010-08-03", "acceptedDate": "2010-08-03 13:12:04", "period": "Q2", "revenue": 66776000, "costOfRevenue": 20593000, "grossProfit": 46183000, "grossProfitRatio": 0.6916107583562957, "researchAndDevelopmentExpenses": 5812000.0, "generalAndAdministrativeExpenses": 24225000, "sellingAndMarketingExpenses": -4069000.0, "otherExpenses": 0.0, "operatingExpenses": 25968000, "costAndExpenses": 51287000, "interestExpense": 0.0, "depreciationAndAmortization": 17901000, "ebitda": 33390000, "ebitdaratio": 0.500029950881, "operatingIncome": 15489000, "operatingIncomeRatio": 0.231954594465, "totalOtherIncomeExpensesNet": 0.0, "incomeBeforeTax": 7146000.0, "incomeBeforeTaxRatio": 0.107014496226, "incomeTaxExpense": 5107000.0, "netIncome": 35213000, "netIncomeRatio": 0.527330178507, "eps": 0.2, "epsdiluted": 0.19, "weightedAverageShsOut": 182121000, "weightedAverageShsOutDil": 183480000, "link": "https://www.sec.gov/Archives/edgar/data/1014473/000119312510174909/0001193125-10-174909-index.htm", "finalLink": "https://www.sec.gov/Archives/edgar/data/1014473/000119312510174909/d10q.htm"}, {"date": "2010-03-31", "symbol": "VRSN", "fillingDate": "2010-04-28", "acceptedDate": "2010-04-28 16:32:56", "period": "Q1", "revenue": 264402000, "costOfRevenue": 59729000, "grossProfit": 204673000, "grossProfitRatio": 0.7740977753572212, "researchAndDevelopmentExpenses": 20382000, "generalAndAdministrativeExpenses": 43755000, "sellingAndMarketingExpenses": 48699000, "otherExpenses": 0.0, "operatingExpenses": 112836000, "costAndExpenses": 175677000, "interestExpense": 0.0, "depreciationAndAmortization": 21905000, "ebitda": 110630000, "ebitdaratio": 0.418415897005, "operatingIncome": 88725000, "operatingIncomeRatio": 0.335568566047, "totalOtherIncomeExpensesNet": 0.0, "incomeBeforeTax": 81792000, "incomeBeforeTaxRatio": 0.309347130506, "incomeTaxExpense": 27798000, "netIncome": 51356000, "netIncomeRatio": 0.194234536804, "eps": 0.28, "epsdiluted": 0.28, "weightedAverageShsOut": 183174000, "weightedAverageShsOutDil": 184259000, "link": "https://www.sec.gov/Archives/edgar/data/1014473/000119312510096731/0001193125-10-096731-index.htm", "finalLink": "https://www.sec.gov/Archives/edgar/data/1014473/000119312510096731/d10q.htm"}, {"date": "2009-12-31", "symbol": "VRSN", "fillingDate": "2010-02-26", "acceptedDate": "2010-02-26 17:22:02", "period": "FY", "revenue": 100000.0, "costOfRevenue": 24000.0, "grossProfit": 76000.0, "grossProfitRatio": 0.76, "researchAndDevelopmentExpenses": 8000.0, "generalAndAdministrativeExpenses": 18000.0, "sellingAndMarketingExpenses": 17000.0, "otherExpenses": 0.0, "operatingExpenses": 43000.0, "costAndExpenses": 70000.0, "interestExpense": 0.0, "depreciationAndAmortization": 21746000, "ebitda": 21776000, "ebitdaratio": 217.76, "operatingIncome": 30000.0, "operatingIncomeRatio": 0.3, "totalOtherIncomeExpensesNet": -3000.0, "incomeBeforeTax": 27000.0, "incomeBeforeTaxRatio": 0.27, "incomeTaxExpense": -8000.0, "netIncome": 24000.0, "netIncomeRatio": 0.24, "eps": 0.0, "epsdiluted": 0.0, "weightedAverageShsOut": 191821000, "weightedAverageShsOutDil": 192575000, "link": "https://www.sec.gov/Archives/edgar/data/1014473/000119312510043162/0001193125-10-043162-index.htm", "finalLink": "https://www.sec.gov/Archives/edgar/data/1014473/000119312510043162/d10k.htm"}, {"date": "2009-09-30", "symbol": "VRSN", "fillingDate": "2009-11-06", "acceptedDate": "2009-11-06 16:45:54", "period": "Q3", "revenue": 257995000, "costOfRevenue": 56736000, "grossProfit": 201259000, "grossProfitRatio": 0.7800887614101049, "researchAndDevelopmentExpenses": 24940000, "generalAndAdministrativeExpenses": 42634000, "sellingAndMarketingExpenses": 45015000, "otherExpenses": 0.0, "operatingExpenses": 112589000, "costAndExpenses": 182865000, "interestExpense": 0.0, "depreciationAndAmortization": 17205000, "ebitda": 92335000, "ebitdaratio": 0.35789453283978373, "operatingIncome": 75130000, "operatingIncomeRatio": 0.29120719393786704, "totalOtherIncomeExpensesNet": 0.0, "incomeBeforeTax": 66461000, "incomeBeforeTaxRatio": 0.25760576755363473, "incomeTaxExpense": 18111000, "netIncome": 54599000, "netIncomeRatio": 0.2116281323281459, "eps": 0.71, "epsdiluted": 0.71, "weightedAverageShsOut": 191821000, "weightedAverageShsOutDil": 192575000, "link": "https://www.sec.gov/Archives/edgar/data/1014473/000119312509227646/0001193125-09-227646-index.htm", "finalLink": "https://www.sec.gov/Archives/edgar/data/1014473/000119312509227646/d10q.htm"}, {"date": "2009-06-30", "symbol": "VRSN", "fillingDate": "2009-08-06", "acceptedDate": "2009-08-06 16:56:08", "period": "Q2", "revenue": 256619000, "costOfRevenue": 57476000, "grossProfit": 199143000, "grossProfitRatio": 0.7760259372844567, "researchAndDevelopmentExpenses": 23234000, "generalAndAdministrativeExpenses": 42939000, "sellingAndMarketingExpenses": 45299000, "otherExpenses": 0.0, "operatingExpenses": 111472000, "costAndExpenses": 172479000, "interestExpense": 0.0, "depreciationAndAmortization": 17807000, "ebitda": 101947000, "ebitdaratio": 0.39726988258858464, "operatingIncome": 84140000, "operatingIncomeRatio": 0.32787907364614466, "totalOtherIncomeExpensesNet": 0.0, "incomeBeforeTax": 73874000, "incomeBeforeTaxRatio": 0.2878742415799298, "incomeTaxExpense": 76634000, "netIncome": 35772000, "netIncomeRatio": 0.1393973166445197, "eps": 0.47, "epsdiluted": 0.47, "weightedAverageShsOut": 191821000, "weightedAverageShsOutDil": 192575000, "link": "https://www.sec.gov/Archives/edgar/data/1014473/000119312509167317/0001193125-09-167317-index.htm", "finalLink": "https://www.sec.gov/Archives/edgar/data/1014473/000119312509167317/d10q.htm"}, {"date": "2009-03-31", "symbol": "VRSN", "fillingDate": "2009-05-08", "acceptedDate": "2009-05-08 15:19:41", "period": "Q1", "revenue": 254995000, "costOfRevenue": 60308000, "grossProfit": 194687000, "grossProfitRatio": 0.7634934018314085, "researchAndDevelopmentExpenses": 24802000, "generalAndAdministrativeExpenses": 49148000, "sellingAndMarketingExpenses": 38027000, "otherExpenses": 0.0, "operatingExpenses": 111977000, "costAndExpenses": 180281000, "interestExpense": 0.0, "depreciationAndAmortization": 17309000, "ebitda": 92023000, "ebitdaratio": 0.36088158591344927, "operatingIncome": 74714000, "operatingIncomeRatio": 0.29300182356516796, "totalOtherIncomeExpensesNet": 0.0, "incomeBeforeTax": 70421000, "incomeBeforeTaxRatio": 0.2761661993372419, "incomeTaxExpense": -23532000, "netIncome": 65515000, "netIncomeRatio": 0.25692660640404713, "eps": 0.24, "epsdiluted": 0.24, "weightedAverageShsOut": 192311000, "weightedAverageShsOutDil": 192804000, "link": "https://www.sec.gov/Archives/edgar/data/1014473/000119312509105226/0001193125-09-105226-index.htm", "finalLink": "https://www.sec.gov/Archives/edgar/data/1014473/000119312509105226/d10q.htm"}, {"date": "2008-12-31", "symbol": "VRSN", "fillingDate": "2009-03-03", "acceptedDate": "2009-03-03 16:43:04", "period": "FY", "revenue": 838006000, "costOfRevenue": 406043000, "grossProfit": 431963000, "grossProfitRatio": 0.5154652830647991, "researchAndDevelopmentExpenses": 57167000, "generalAndAdministrativeExpenses": 102223000, "sellingAndMarketingExpenses": 243159000, "otherExpenses": 0.0, "operatingExpenses": 402549000, "costAndExpenses": 827599000, "interestExpense": 0.0, "depreciationAndAmortization": 16914000, "ebitda": 27321000, "ebitdaratio": 0.032602391868315976, "operatingIncome": 10407000, "operatingIncomeRatio": 0.012418765498099059, "totalOtherIncomeExpensesNet": 62750000, "incomeBeforeTax": 73157000, "incomeBeforeTaxRatio": 0.08729889762125809, "incomeTaxExpense": 6642000.0, "netIncome": 312003000, "netIncomeRatio": 0.37231595000513124, "eps": 1.53, "epsdiluted": 1.53, "weightedAverageShsOut": 244421000, "weightedAverageShsOutDil": 247073000, "link": "https://www.sec.gov/Archives/edgar/data/1014473/000119312509043713/0001193125-09-043713-index.htm", "finalLink": "https://www.sec.gov/Archives/edgar/data/1014473/000119312509043713/d10k.htm"}, {"date": "2008-09-30", "symbol": "VRSN", "fillingDate": "2008-11-07", "acceptedDate": "2008-11-07 14:57:55", "period": "Q3", "revenue": 125119000, "costOfRevenue": 8901000.0, "grossProfit": 116218000, "grossProfitRatio": 0.9288597255412847, "researchAndDevelopmentExpenses": 3337000.0, "generalAndAdministrativeExpenses": 33989000, "sellingAndMarketingExpenses": 23768000, "otherExpenses": 0.0, "operatingExpenses": 61094000, "costAndExpenses": -3082000.0, "interestExpense": 0.0, "depreciationAndAmortization": 24370000, "ebitda": 163802000, "ebitdaratio": 1.309169670473709, "operatingIncome": 139432000, "operatingIncomeRatio": 1.114395095868733, "totalOtherIncomeExpensesNet": -12364000, "incomeBeforeTax": 115837000, "incomeBeforeTaxRatio": 0.9258146244774974, "incomeTaxExpense": -5639000.0, "netIncome": 121476000, "netIncomeRatio": 0.9708837186997978, "eps": 0.24, "epsdiluted": 0.24, "weightedAverageShsOut": 198622000, "weightedAverageShsOutDil": 202951000, "link": "https://www.sec.gov/Archives/edgar/data/1014473/000119312508229824/0001193125-08-229824-index.htm", "finalLink": "https://www.sec.gov/Archives/edgar/data/1014473/000119312508229824/d10q.htm"}, {"date": "2008-06-30", "symbol": "VRSN", "fillingDate": "2008-08-08", "acceptedDate": "2008-08-08 14:33:39", "period": "Q2", "revenue": 245592000, "costOfRevenue": 53386000, "grossProfit": 192206000, "grossProfitRatio": 0.7826232124824913, "researchAndDevelopmentExpenses": 30401000, "generalAndAdministrativeExpenses": 48720000, "sellingAndMarketingExpenses": 50343000, "otherExpenses": 0.0, "operatingExpenses": 129464000, "costAndExpenses": 323878000, "interestExpense": 0.0, "depreciationAndAmortization": 29269000, "ebitda": -60248000, "ebitdaratio": -0.24531743705006678, "operatingIncome": -89517000, "operatingIncomeRatio": -0.36449477181667156, "totalOtherIncomeExpensesNet": -5885000.0, "incomeBeforeTax": -84171000, "incomeBeforeTaxRatio": -0.34272696179028633, "incomeTaxExpense": 12396000, "netIncome": -96567000, "netIncomeRatio": -0.393200918596697, "eps": -0.29, "epsdiluted": -0.29, "weightedAverageShsOut": 187806896, "weightedAverageShsOutDil": 187806896, "link": "https://www.sec.gov/Archives/edgar/data/1014473/000119312508171719/0001193125-08-171719-index.htm", "finalLink": "https://www.sec.gov/Archives/edgar/data/1014473/000119312508171719/d10q.htm"}, {"date": "2008-03-31", "symbol": "VRSN", "fillingDate": "2008-05-12", "acceptedDate": "2008-05-12 16:43:06", "period": "Q1", "revenue": 354281000, "costOfRevenue": 124234000, "grossProfit": 230047000, "grossProfitRatio": 0.6493348500201818, "researchAndDevelopmentExpenses": 38351000, "generalAndAdministrativeExpenses": 71660000, "sellingAndMarketingExpenses": 59238000, "otherExpenses": 0.0, "operatingExpenses": 169249000, "costAndExpenses": 323719000, "interestExpense": 0.0, "depreciationAndAmortization": 31815000, "ebitda": 62377000, "ebitdaratio": 0.17606645572299953, "operatingIncome": 30562000, "operatingIncomeRatio": 0.08626485755657233, "totalOtherIncomeExpensesNet": -1858000.0, "incomeBeforeTax": 28704000, "incomeBeforeTaxRatio": 0.08102043293318016, "incomeTaxExpense": -13399000, "netIncome": 42103000, "netIncomeRatio": 0.11884069425117351, "eps": 0.06, "epsdiluted": 0.06, "weightedAverageShsOut": 206550000, "weightedAverageShsOutDil": 210471000, "link": "https://www.sec.gov/Archives/edgar/data/1014473/000119312508111565/0001193125-08-111565-index.htm", "finalLink": "https://www.sec.gov/Archives/edgar/data/1014473/000119312508111565/d10q.htm"}, {"date": "2007-12-31", "symbol": "VRSN", "fillingDate": "2008-02-29", "acceptedDate": "2008-02-29 17:02:26", "period": "FY", "revenue": 100000.0, "costOfRevenue": 40000.0, "grossProfit": 60000.0, "grossProfitRatio": 0.6, "researchAndDevelopmentExpenses": 11000.0, "generalAndAdministrativeExpenses": 18000.0, "sellingAndMarketingExpenses": 0.0, "otherExpenses": 0.0, "operatingExpenses": 29000.0, "costAndExpenses": 114000.0, "interestExpense": 0.0, "depreciationAndAmortization": 29961000, "ebitda": 29947000, "ebitdaratio": 299.47, "operatingIncome": -14000.0, "operatingIncomeRatio": -0.14, "totalOtherIncomeExpensesNet": 6000.0, "incomeBeforeTax": -8000.0, "incomeBeforeTaxRatio": -0.08, "incomeTaxExpense": -1000.0, "netIncome": -7000.0, "netIncomeRatio": -0.07, "eps": 0.0, "epsdiluted": 0.0, "weightedAverageShsOut": 242570000, "weightedAverageShsOutDil": 247752000, "link": "https://www.sec.gov/Archives/edgar/data/1014473/000119312508043862/0001193125-08-043862-index.htm", "finalLink": "https://www.sec.gov/Archives/edgar/data/1014473/000119312508043862/d10k.htm"}, {"date": "2007-09-30", "symbol": "VRSN", "fillingDate": "2007-11-05", "acceptedDate": "2007-11-02 19:22:48", "period": "Q3", "revenue": 373587000, "costOfRevenue": 149984000, "grossProfit": 223603000, "grossProfitRatio": 0.5985299274332351, "researchAndDevelopmentExpenses": 39897000, "generalAndAdministrativeExpenses": 59130000, "sellingAndMarketingExpenses": 65411000, "otherExpenses": 0.0, "operatingExpenses": 164438000, "costAndExpenses": 345665000, "interestExpense": 0.0, "depreciationAndAmortization": 29014000, "ebitda": 56936000, "ebitdaratio": 0.152403590060682, "operatingIncome": 27922000, "operatingIncomeRatio": 0.07474028807212242, "totalOtherIncomeExpensesNet": -6204000.0, "incomeBeforeTax": 21718000, "incomeBeforeTaxRatio": 0.058133714502913644, "incomeTaxExpense": -3501000.0, "netIncome": -17722000, "netIncomeRatio": -0.04743741083067666, "eps": 0.29, "epsdiluted": 0.29, "weightedAverageShsOut": 242570000, "weightedAverageShsOutDil": 247752000, "link": "https://www.sec.gov/Archives/edgar/data/1014473/000119312507234077/0001193125-07-234077-index.htm", "finalLink": "https://www.sec.gov/Archives/edgar/data/1014473/000119312507234077/d10q.htm"}, {"date": "2007-06-30", "symbol": "VRSN", "fillingDate": "2007-08-09", "acceptedDate": "2007-08-09 16:00:02", "period": "Q2", "revenue": 363217000, "costOfRevenue": 147836000, "grossProfit": 215381000, "grossProfitRatio": 0.5929816060371623, "researchAndDevelopmentExpenses": 36254000, "generalAndAdministrativeExpenses": 77142000, "sellingAndMarketingExpenses": 63890000, "otherExpenses": 0.0, "operatingExpenses": 177286000, "costAndExpenses": 369970000, "interestExpense": 0.0, "depreciationAndAmortization": 31120000, "ebitda": 24367000, "ebitdaratio": 0.0670866176417954, "operatingIncome": -6753000.0, "operatingIncomeRatio": -0.018592191444783697, "totalOtherIncomeExpensesNet": 10849000, "incomeBeforeTax": 4096000.0, "incomeBeforeTaxRatio": 0.011277005206254112, "incomeTaxExpense": -11608000, "netIncome": 32009000, "netIncomeRatio": 0.0881263817497529, "eps": 0.22, "epsdiluted": 0.22, "weightedAverageShsOut": 243849000, "weightedAverageShsOutDil": 246102000, "link": "https://www.sec.gov/Archives/edgar/data/1014473/000119312507177427/0001193125-07-177427-index.htm", "finalLink": "https://www.sec.gov/Archives/edgar/data/1014473/000119312507177427/d10q.htm"}, {"date": "2007-03-31", "symbol": "VRSN", "fillingDate": "2007-07-16", "acceptedDate": "2007-07-16 08:54:29", "period": "Q1", "revenue": 373049000, "costOfRevenue": 150640000, "grossProfit": 222409000, "grossProfitRatio": 0.5961924572911333, "researchAndDevelopmentExpenses": 45162000, "generalAndAdministrativeExpenses": 51589000, "sellingAndMarketingExpenses": 78950000, "otherExpenses": 0.0, "operatingExpenses": 175701000, "costAndExpenses": 385140000, "interestExpense": 0.0, "depreciationAndAmortization": 24444000, "ebitda": 12353000, "ebitdaratio": 0.03311361242088841, "operatingIncome": -12091000, "operatingIncomeRatio": -0.032411291814212075, "totalOtherIncomeExpensesNet": 81387000, "incomeBeforeTax": 69296000, "incomeBeforeTaxRatio": 0.1857557586268828, "incomeTaxExpense": -8762000.0, "netIncome": 61753000, "netIncomeRatio": 0.16553589474841107, "eps": 0.24, "epsdiluted": 0.24, "weightedAverageShsOut": 243852000, "weightedAverageShsOutDil": 248357000, "link": "https://www.sec.gov/Archives/edgar/data/1014473/000119312507155242/0001193125-07-155242-index.htm", "finalLink": "https://www.sec.gov/Archives/edgar/data/1014473/000119312507155242/d10q.htm"}, {"date": "2006-12-31", "symbol": "VRSN", "fillingDate": "2007-07-12", "acceptedDate": "2007-07-12 17:11:32", "period": "FY", "revenue": 412228000, "costOfRevenue": 150076000, "grossProfit": 262152000, "grossProfitRatio": 0.6359393345430199, "researchAndDevelopmentExpenses": 36834000, "generalAndAdministrativeExpenses": 67811000, "sellingAndMarketingExpenses": 98540000, "otherExpenses": 0.0, "operatingExpenses": 203185000, "costAndExpenses": 385027000, "interestExpense": 0.0, "depreciationAndAmortization": 7369000.0, "ebitda": 34570000, "ebitdaratio": 0.08386135827745811, "operatingIncome": 27201000, "operatingIncomeRatio": 0.06598532850752496, "totalOtherIncomeExpensesNet": 4882000.0, "incomeBeforeTax": 31332000, "incomeBeforeTaxRatio": 0.07600648184985008, "incomeTaxExpense": 60842000, "netIncome": -29532000, "netIncomeRatio": -0.07163996623227922, "eps": 1.55, "epsdiluted": 1.55, "weightedAverageShsOut": 244421000, "weightedAverageShsOutDil": 247073000, "link": "https://www.sec.gov/Archives/edgar/data/1014473/000119312507154202/0001193125-07-154202-index.htm", "finalLink": "https://www.sec.gov/Archives/edgar/data/1014473/000119312507154202/d10k.htm"}, {"date": "2006-09-30", "symbol": "VRSN", "fillingDate": "2007-07-12", "acceptedDate": "2007-07-12 17:02:13", "period": "Q3", "revenue": 399513000, "costOfRevenue": 144480000, "grossProfit": 255033000, "grossProfitRatio": 0.6383597029383274, "researchAndDevelopmentExpenses": 33188000, "generalAndAdministrativeExpenses": 69094000, "sellingAndMarketingExpenses": 95164000, "otherExpenses": 0.0, "operatingExpenses": 197446000, "costAndExpenses": 374019000, "interestExpense": 0.0, "depreciationAndAmortization": 28347000, "ebitda": 53841000, "ebitdaratio": 0.1347665783090913, "operatingIncome": 25494000, "operatingIncomeRatio": 0.06381269195245211, "totalOtherIncomeExpensesNet": 4755000.0, "incomeBeforeTax": 29530000, "incomeBeforeTaxRatio": 0.07391499150215387, "incomeTaxExpense": 14423000, "netIncome": 15274000, "netIncomeRatio": 0.038231546908360926, "eps": 1.67, "epsdiluted": 1.67, "weightedAverageShsOut": 244620000, "weightedAverageShsOutDil": 247005000, "link": "https://www.sec.gov/Archives/edgar/data/1014473/000119312507154190/0001193125-07-154190-index.htm", "finalLink": "https://www.sec.gov/Archives/edgar/data/1014473/000119312507154190/d10q.htm"}, {"date": "2006-06-30", "symbol": "VRSN", "fillingDate": "2007-07-12", "acceptedDate": "2007-07-12 17:00:14", "period": "Q2", "revenue": 389904000, "costOfRevenue": 147271000, "grossProfit": 242633000, "grossProfitRatio": 0.6222890762854446, "researchAndDevelopmentExpenses": 31288000, "generalAndAdministrativeExpenses": 61403000, "sellingAndMarketingExpenses": 93459000, "otherExpenses": 0.0, "operatingExpenses": 186150000, "costAndExpenses": 362249000, "interestExpense": 0.0, "depreciationAndAmortization": 25481000, "ebitda": 53136000, "ebitdaratio": 0.1362796996183676, "operatingIncome": 27655000, "operatingIncomeRatio": 0.07092771554023554, "totalOtherIncomeExpensesNet": 5306000.0, "incomeBeforeTax": 32203000, "incomeBeforeTaxRatio": 0.08259212524108499, "incomeTaxExpense": -341177000, "netIncome": 373502000, "netIncomeRatio": 0.9579332348475522, "eps": 1.6, "epsdiluted": 1.6, "weightedAverageShsOut": 245171000, "weightedAverageShsOutDil": 247745000, "link": "https://www.sec.gov/Archives/edgar/data/1014473/000119312507154186/0001193125-07-154186-index.htm", "finalLink": "https://www.sec.gov/Archives/edgar/data/1014473/000119312507154186/d10q.htm"}, {"date": "2006-03-31", "symbol": "VRSN", "fillingDate": "2006-05-10", "acceptedDate": "2006-05-10 16:30:46", "period": "Q1", "revenue": 373604000, "costOfRevenue": 138912000, "grossProfit": 234692000, "grossProfitRatio": 0.6281838524212803, "researchAndDevelopmentExpenses": 28033000, "generalAndAdministrativeExpenses": 58493000, "sellingAndMarketingExpenses": 90387000, "otherExpenses": 0.0, "operatingExpenses": 176913000, "costAndExpenses": 358134000, "interestExpense": 0.0, "depreciationAndAmortization": 24444000, "ebitda": 39914000, "ebitdaratio": 0.10683504459267032, "operatingIncome": 15470000, "operatingIncomeRatio": 0.04140747957730645, "totalOtherIncomeExpensesNet": 28797000, "incomeBeforeTax": 43620000, "incomeBeforeTaxRatio": 0.11675463860129977, "incomeTaxExpense": 24627000, "netIncome": 19771000, "netIncomeRatio": 0.05291966895429385, "eps": 0.08, "epsdiluted": 0.08, "weightedAverageShsOut": 245603000, "weightedAverageShsOutDil": 248905000, "link": "https://www.sec.gov/Archives/edgar/data/1014473/000119312506107677/0001193125-06-107677-index.htm", "finalLink": "https://www.sec.gov/Archives/edgar/data/1014473/000119312506107677/d10q.htm"}, {"date": "2005-12-31", "symbol": "VRSN", "fillingDate": "2006-03-13", "acceptedDate": "2006-03-10 19:24:42", "period": "FY", "revenue": 348907000, "costOfRevenue": 121547000, "grossProfit": 227360000, "grossProfitRatio": 0.6516349628984228, "researchAndDevelopmentExpenses": 18888000, "generalAndAdministrativeExpenses": 52392000, "sellingAndMarketingExpenses": 93932000, "otherExpenses": 51506000, "operatingExpenses": 165212000, "costAndExpenses": 338595000, "interestExpense": 0.0, "depreciationAndAmortization": 24379000, "ebitda": 34691000, "ebitdaratio": 0.0994276411765886, "operatingIncome": 10312000, "operatingIncomeRatio": 0.029555153665589973, "totalOtherIncomeExpensesNet": 7726000.0, "incomeBeforeTax": 16733000, "incomeBeforeTaxRatio": 0.047958338468417086, "incomeTaxExpense": 13199000, "netIncome": 271417000, "netIncomeRatio": 0.7779064335195338, "eps": 0.54, "epsdiluted": 0.54, "weightedAverageShsOut": 257369000, "weightedAverageShsOutDil": 264513000, "link": "https://www.sec.gov/Archives/edgar/data/1014473/000119312506051312/0001193125-06-051312-index.htm", "finalLink": "https://www.sec.gov/Archives/edgar/data/1014473/000119312506051312/d10k.htm"}, {"date": "2005-09-30", "symbol": "VRSN", "fillingDate": "2005-11-09", "acceptedDate": "2005-11-09 14:50:06", "period": "Q3", "revenue": 414766000, "costOfRevenue": 129281000, "grossProfit": 285485000, "grossProfitRatio": 0.6883037664610889, "researchAndDevelopmentExpenses": 27460000, "generalAndAdministrativeExpenses": 49883000, "sellingAndMarketingExpenses": 116817000, "otherExpenses": 0.0, "operatingExpenses": 194160000, "costAndExpenses": 352013000, "interestExpense": 0.0, "depreciationAndAmortization": 22348000, "ebitda": 85101000, "ebitdaratio": 0.2051783415226899, "operatingIncome": 62753000, "operatingIncomeRatio": 0.15129735802838226, "totalOtherIncomeExpensesNet": 14419000, "incomeBeforeTax": 75951000, "incomeBeforeTaxRatio": 0.18311770974477176, "incomeTaxExpense": 151535000, "netIncome": 44574000, "netIncomeRatio": 0.10746782523157636, "eps": 0.52, "epsdiluted": 0.51, "weightedAverageShsOut": 259254000, "weightedAverageShsOutDil": 267045000, "link": "https://www.sec.gov/Archives/edgar/data/1014473/000119312505221366/0001193125-05-221366-index.htm", "finalLink": "https://www.sec.gov/Archives/edgar/data/1014473/000119312505221366/d10q.htm"}, {"date": "2005-06-30", "symbol": "VRSN", "fillingDate": "2005-08-09", "acceptedDate": "2005-08-09 15:28:24", "period": "Q2", "revenue": 444830000, "costOfRevenue": 136555000, "grossProfit": 308275000, "grossProfitRatio": 0.6930175572690691, "researchAndDevelopmentExpenses": 48991000, "generalAndAdministrativeExpenses": 49944000, "sellingAndMarketingExpenses": 140417000, "otherExpenses": 0.0, "operatingExpenses": 239352000, "costAndExpenses": 382878000, "interestExpense": 0.0, "depreciationAndAmortization": 21778000, "ebitda": 83730000, "ebitdaratio": 0.1882292111593193, "operatingIncome": 61952000, "operatingIncomeRatio": 0.13927118224939863, "totalOtherIncomeExpensesNet": 14084000, "incomeBeforeTax": 74988000, "incomeBeforeTaxRatio": 0.16857675966099409, "incomeTaxExpense": -86465000, "netIncome": 41295000, "netIncomeRatio": 0.0928332171840928, "eps": 0.35, "epsdiluted": 0.34, "weightedAverageShsOut": 258018000, "weightedAverageShsOutDil": 266871000, "link": "https://www.sec.gov/Archives/edgar/data/1014473/000119312505162487/0001193125-05-162487-index.htm", "finalLink": "https://www.sec.gov/Archives/edgar/data/1014473/000119312505162487/d10q.htm"}, {"date": "2005-03-31", "symbol": "VRSN", "fillingDate": "2005-05-10", "acceptedDate": "2005-05-10 14:51:34", "period": "Q1", "revenue": 400991000, "costOfRevenue": 124842000, "grossProfit": 276149000, "grossProfitRatio": 0.6886663291694826, "researchAndDevelopmentExpenses": 0.0, "generalAndAdministrativeExpenses": 42378000, "sellingAndMarketingExpenses": 129377000, "otherExpenses": 0.0, "operatingExpenses": 171755000, "costAndExpenses": 339579000, "interestExpense": 0.0, "depreciationAndAmortization": 20804000, "ebitda": 82216000, "ebitdaratio": 0.20503203313790086, "operatingIncome": 61412000, "operatingIncomeRatio": 0.15315056946415256, "totalOtherIncomeExpensesNet": 15277000, "incomeBeforeTax": 75561000, "incomeBeforeTaxRatio": 0.18843565067545157, "incomeTaxExpense": 26386000, "netIncome": 49175000, "netIncomeRatio": 0.12263367507001403, "eps": 0.19, "epsdiluted": 0.19, "weightedAverageShsOut": 253989000, "weightedAverageShsOutDil": 262338000, "link": "https://www.sec.gov/Archives/edgar/data/1014473/000119312505102560/0001193125-05-102560-index.htm", "finalLink": "https://www.sec.gov/Archives/edgar/data/1014473/000119312505102560/d10q.htm"}, {"date": "2004-12-31", "symbol": "VRSN", "fillingDate": "2005-03-16", "acceptedDate": "2005-03-16 13:43:08", "period": "FY", "revenue": 355986000, "costOfRevenue": 129097000, "grossProfit": 226889000, "grossProfitRatio": 0.637353716157377, "researchAndDevelopmentExpenses": 17689000, "generalAndAdministrativeExpenses": 41600000, "sellingAndMarketingExpenses": 93247000, "otherExpenses": -5026000.0, "operatingExpenses": 152536000, "costAndExpenses": 310110000, "interestExpense": 0.0, "depreciationAndAmortization": 20459000, "ebitda": 66335000, "ebitdaratio": 0.18634159770328046, "operatingIncome": 45876000, "operatingIncomeRatio": 0.12887023646997353, "totalOtherIncomeExpensesNet": -5026000.0, "incomeBeforeTax": 125926000, "incomeBeforeTaxRatio": 0.3537386301708494, "incomeTaxExpense": 11114000, "netIncome": 114812000, "netIncomeRatio": 0.32251830128151104, "eps": 0.74, "epsdiluted": 0.72, "weightedAverageShsOut": 250564000, "weightedAverageShsOutDil": 257992000, "link": "https://www.sec.gov/Archives/edgar/data/1014473/000119312505052424/0001193125-05-052424-index.htm", "finalLink": "https://www.sec.gov/Archives/edgar/data/1014473/000119312505052424/d10k.htm"}, {"date": "2004-09-30", "symbol": "VRSN", "fillingDate": "2004-11-09", "acceptedDate": "2004-11-09 13:14:29", "period": "Q3", "revenue": 325311000, "costOfRevenue": 121945000, "grossProfit": 203366000, "grossProfitRatio": 0.6251433243880471, "researchAndDevelopmentExpenses": 17697000, "generalAndAdministrativeExpenses": 49488000, "sellingAndMarketingExpenses": 73216000, "otherExpenses": 586000.0, "operatingExpenses": 140401000, "costAndExpenses": 292875000, "interestExpense": 0.0, "depreciationAndAmortization": 22205000, "ebitda": 54641000, "ebitdaratio": 0.16796542385594093, "operatingIncome": 32436000, "operatingIncomeRatio": 0.09970766435810655, "totalOtherIncomeExpensesNet": 586000.0, "incomeBeforeTax": 33022000, "incomeBeforeTaxRatio": 0.10150901752476861, "incomeTaxExpense": 40308000, "netIncome": 40398000, "netIncomeRatio": 0.12418270516521114, "eps": 0.29, "epsdiluted": 0.28, "weightedAverageShsOut": 249306000, "weightedAverageShsOutDil": 255052000, "link": "https://www.sec.gov/Archives/edgar/data/1014473/000119312504190869/0001193125-04-190869-index.htm", "finalLink": "https://www.sec.gov/Archives/edgar/data/1014473/000119312504190869/d10q.htm"}, {"date": "2004-06-30", "symbol": "VRSN", "fillingDate": "2004-08-09", "acceptedDate": "2004-08-09 14:55:26", "period": "Q2", "revenue": 256045000, "costOfRevenue": 102235000, "grossProfit": 153810000, "grossProfitRatio": 0.6007147181159562, "researchAndDevelopmentExpenses": 15253000, "generalAndAdministrativeExpenses": 38595000, "sellingAndMarketingExpenses": 46847000, "otherExpenses": 702000.0, "operatingExpenses": 100695000, "costAndExpenses": 217527000, "interestExpense": 0.0, "depreciationAndAmortization": 21470000, "ebitda": 59988000, "ebitdaratio": 0.23428694174852077, "operatingIncome": 38518000, "operatingIncomeRatio": 0.1504344939366127, "totalOtherIncomeExpensesNet": 702000.0, "incomeBeforeTax": 39220000, "incomeBeforeTaxRatio": 0.1531761994961823, "incomeTaxExpense": -17275000, "netIncome": 21945000, "netIncomeRatio": 0.08570759046261399, "eps": 0.13, "epsdiluted": 0.12, "weightedAverageShsOut": 246859000, "weightedAverageShsOutDil": 250614000, "link": "https://www.sec.gov/Archives/edgar/data/1014473/000119312504135745/0001193125-04-135745-index.htm", "finalLink": "https://www.sec.gov/Archives/edgar/data/1014473/000119312504135745/d10q.htm"}, {"date": "2004-03-31", "symbol": "VRSN", "fillingDate": "2004-05-06", "acceptedDate": "2004-05-06 17:25:52", "period": "Q1", "revenue": 229113000, "costOfRevenue": 91482000, "grossProfit": 137631000, "grossProfitRatio": 0.6007123122651268, "researchAndDevelopmentExpenses": 16707000, "generalAndAdministrativeExpenses": 35239000, "sellingAndMarketingExpenses": 40170000, "otherExpenses": 739000.0, "operatingExpenses": 92116000, "costAndExpenses": 214215000, "interestExpense": 0.0, "depreciationAndAmortization": 21507000, "ebitda": 36405000, "ebitdaratio": 0.15889539223003496, "operatingIncome": 14898000, "operatingIncomeRatio": 0.06502468214374567, "totalOtherIncomeExpensesNet": 739000.0, "incomeBeforeTax": 15637000, "incomeBeforeTaxRatio": 0.06825016476585789, "incomeTaxExpense": -6567000.0, "netIncome": 9070000.0, "netIncomeRatio": 0.03958745247978072, "eps": 0.04, "epsdiluted": 0.04, "weightedAverageShsOut": 244362000, "weightedAverageShsOutDil": 248162000, "link": "https://www.sec.gov/Archives/edgar/data/1014473/000119312504080761/0001193125-04-080761-index.htm", "finalLink": "https://www.sec.gov/Archives/edgar/data/1014473/000119312504080761/d10q.htm"}, {"date": "2003-12-31", "symbol": "VRSN", "fillingDate": "2004-03-15", "acceptedDate": "2004-03-15 13:01:32", "period": "FY", "revenue": 251600000, "costOfRevenue": 100376000, "grossProfit": 151224000, "grossProfitRatio": 0.6010492845786963, "researchAndDevelopmentExpenses": 14956000, "generalAndAdministrativeExpenses": 38224000, "sellingAndMarketingExpenses": 42205000, "otherExpenses": 11064000, "operatingExpenses": 95385000, "costAndExpenses": 271890000, "interestExpense": 0.0, "depreciationAndAmortization": 26271000, "ebitda": 8215000.0, "ebitdaratio": 0.0326510333863275, "operatingIncome": -18056000, "operatingIncomeRatio": -0.07176470588235294, "totalOtherIncomeExpensesNet": 11064000, "incomeBeforeTax": -18056000, "incomeBeforeTaxRatio": -0.07176470588235294, "incomeTaxExpense": -14234000, "netIncome": -32290000, "netIncomeRatio": -0.12833863275039745, "eps": -1.08, "epsdiluted": -1.08, "weightedAverageShsOut": 239780000, "weightedAverageShsOutDil": 239780000, "link": "https://www.sec.gov/Archives/edgar/data/1014473/000119312504041888/0001193125-04-041888-index.htm", "finalLink": "https://www.sec.gov/Archives/edgar/data/1014473/000119312504041888/d10k.htm"}, {"date": "2003-09-30", "symbol": "VRSN", "fillingDate": "2003-11-14", "acceptedDate": "2003-11-14 15:14:15", "period": "Q3", "revenue": 268123000, "costOfRevenue": 114413000, "grossProfit": 153710000, "grossProfitRatio": 0.5732816655042648, "researchAndDevelopmentExpenses": 13820000, "generalAndAdministrativeExpenses": 41036000, "sellingAndMarketingExpenses": 50048000, "otherExpenses": 1068000.0, "operatingExpenses": 104904000, "costAndExpenses": 297038000, "interestExpense": 0.0, "depreciationAndAmortization": 29019000, "ebitda": 1172000.0, "ebitdaratio": 0.004371128176247468, "operatingIncome": -27847000, "operatingIncomeRatio": -0.10385904976447377, "totalOtherIncomeExpensesNet": 1068000.0, "incomeBeforeTax": -27847000, "incomeBeforeTaxRatio": -0.10385904976447377, "incomeTaxExpense": -3456000.0, "netIncome": -31303000, "netIncomeRatio": -0.11674865640023423, "eps": -0.95, "epsdiluted": -0.95, "weightedAverageShsOut": 239167000, "weightedAverageShsOutDil": 239167000, "link": "https://www.sec.gov/Archives/edgar/data/1014473/000119312503081854/0001193125-03-081854-index.htm", "finalLink": "https://www.sec.gov/Archives/edgar/data/1014473/000119312503081854/d10q.htm"}, {"date": "2003-06-30", "symbol": "VRSN", "fillingDate": "2003-08-14", "acceptedDate": "2003-08-14 12:56:48", "period": "Q2", "revenue": 265299000, "costOfRevenue": 115589000, "grossProfit": 149710000, "grossProfitRatio": 0.5643066879256989, "researchAndDevelopmentExpenses": 13253000, "generalAndAdministrativeExpenses": 42255000, "sellingAndMarketingExpenses": 50515000, "otherExpenses": 2316000.0, "operatingExpenses": 106023000, "costAndExpenses": 409654000, "interestExpense": 0.0, "depreciationAndAmortization": 29528000, "ebitda": -112511000, "ebitdaratio": -0.42409130829743047, "operatingIncome": -142039000, "operatingIncomeRatio": -0.5353921424505935, "totalOtherIncomeExpensesNet": -11578000, "incomeBeforeTax": -142039000, "incomeBeforeTaxRatio": -0.5353921424505935, "incomeTaxExpense": -811000.0, "netIncome": -142850000, "netIncomeRatio": -0.538449070671205, "eps": -0.82, "epsdiluted": -0.82, "weightedAverageShsOut": 238555000, "weightedAverageShsOutDil": 238555000, "link": "https://www.sec.gov/Archives/edgar/data/1014473/000119312503037516/0001193125-03-037516-index.htm", "finalLink": "https://www.sec.gov/Archives/edgar/data/1014473/000119312503037516/d10q.htm"}, {"date": "2003-03-31", "symbol": "VRSN", "fillingDate": "2003-05-14", "acceptedDate": "2003-05-14 13:38:44", "period": "Q1", "revenue": 269758000, "costOfRevenue": 115829000, "grossProfit": 153929000, "grossProfitRatio": 0.5706188509701288, "researchAndDevelopmentExpenses": 13777000, "generalAndAdministrativeExpenses": 46865000, "sellingAndMarketingExpenses": 52562000, "otherExpenses": -13894000, "operatingExpenses": 113204000, "costAndExpenses": 304448000, "interestExpense": 0.0, "depreciationAndAmortization": 29657000, "ebitda": -18927000, "ebitdaratio": -0.0701628867355185, "operatingIncome": -48584000, "operatingIncomeRatio": -0.18010216564476308, "totalOtherIncomeExpensesNet": 0.0, "incomeBeforeTax": -48584000, "incomeBeforeTaxRatio": -0.18010216564476308, "incomeTaxExpense": -4852000.0, "netIncome": -53436000, "netIncomeRatio": -0.19808865724093447, "eps": -0.22, "epsdiluted": -0.22, "weightedAverageShsOut": 238208000, "weightedAverageShsOutDil": 238208000, "link": "https://www.sec.gov/Archives/edgar/data/1014473/000101287003002564/0001012870-03-002564-index.htm", "finalLink": "https://www.sec.gov/Archives/edgar/data/1014473/000101287003002564/d10q.htm"}, {"date": "2002-12-31", "symbol": "VRSN", "fillingDate": "2003-03-31", "acceptedDate": "2003-03-31 08:16:52", "period": "FY", "revenue": 275002000, "costOfRevenue": 135283000, "grossProfit": 139719000, "grossProfitRatio": 0.5080653958880299, "researchAndDevelopmentExpenses": 10948000, "generalAndAdministrativeExpenses": 33845000, "sellingAndMarketingExpenses": 50778000, "otherExpenses": 154098000, "operatingExpenses": 95571000, "costAndExpenses": 313560000, "interestExpense": 0.0, "depreciationAndAmortization": 28096000, "ebitda": -4735000.0, "ebitdaratio": -0.01721805659595203, "operatingIncome": -32831000, "operatingIncomeRatio": -0.11938458629391786, "totalOtherIncomeExpensesNet": 154098000, "incomeBeforeTax": -32831000, "incomeBeforeTaxRatio": -0.11938458629391786, "incomeTaxExpense": -6133000.0, "netIncome": -39380000, "netIncomeRatio": -0.1431989585530287, "eps": -0.02097, "epsdiluted": -0.02097, "weightedAverageShsOut": 236552000000, "weightedAverageShsOutDil": 236552000000, "link": "https://www.sec.gov/Archives/edgar/data/1014473/000101287003001482/0001012870-03-001482-index.htm", "finalLink": "https://www.sec.gov/Archives/edgar/data/1014473/000101287003001482/d10k.htm"}, {"date": "2002-09-30", "symbol": "VRSN", "fillingDate": "2002-11-13", "acceptedDate": "2002-11-13 16:27:22", "period": "Q3", "revenue": 301441000, "costOfRevenue": 140086000, "grossProfit": 161355000, "grossProfitRatio": 0.5352788771268673, "researchAndDevelopmentExpenses": 9613000.0, "generalAndAdministrativeExpenses": 53189000, "sellingAndMarketingExpenses": 60792000, "otherExpenses": -51192000, "operatingExpenses": 123594000, "costAndExpenses": 325441000, "interestExpense": 0.0, "depreciationAndAmortization": 27568000, "ebitda": -47862000, "ebitdaratio": -0.15877733951254142, "operatingIncome": -75430000, "operatingIncomeRatio": -0.2502313885635995, "totalOtherIncomeExpensesNet": -51192000, "incomeBeforeTax": -75430000, "incomeBeforeTaxRatio": -0.2502313885635995, "incomeTaxExpense": -4242000.0, "netIncome": -79672000, "netIncomeRatio": -0.26430379410896326, "eps": -0.020829999999999998, "epsdiluted": -0.020829999999999998, "weightedAverageShsOut": 236283000000, "weightedAverageShsOutDil": 236283000000, "link": "https://www.sec.gov/Archives/edgar/data/1014473/000101287002004383/0001012870-02-004383-index.htm", "finalLink": "https://www.sec.gov/Archives/edgar/data/1014473/000101287002004383/d10q.htm"}, {"date": "2002-06-30", "symbol": "VRSN", "fillingDate": "2002-08-14", "acceptedDate": "2002-08-14 14:04:15", "period": "Q2", "revenue": 317409000, "costOfRevenue": 146296000, "grossProfit": 171113000, "grossProfitRatio": 0.5390930943987096, "researchAndDevelopmentExpenses": 13012000, "generalAndAdministrativeExpenses": 46622000, "sellingAndMarketingExpenses": 69281000, "otherExpenses": -101995000, "operatingExpenses": 128915000, "costAndExpenses": 5029109000, "interestExpense": 0.0, "depreciationAndAmortization": 23777000, "ebitda": -4778923000, "ebitdaratio": -15.056041259069529, "operatingIncome": -4802700000, "operatingIncomeRatio": -15.13095091821593, "totalOtherIncomeExpensesNet": -101995000, "incomeBeforeTax": -4802700000, "incomeBeforeTaxRatio": -15.13095091821593, "incomeTaxExpense": 0.0, "netIncome": -4802535000, "netIncomeRatio": -15.130431084184758, "eps": -0.02052, "epsdiluted": -0.02052, "weightedAverageShsOut": 235940000000, "weightedAverageShsOutDil": 235940000000, "link": "https://www.sec.gov/Archives/edgar/data/1014473/000101287002003472/0001012870-02-003472-index.htm", "finalLink": "https://www.sec.gov/Archives/edgar/data/1014473/000101287002003472/d10q.htm"}]