[{"date": "2020-03-31", "symbol": "SIRI", "fillingDate": "2020-04-28", "acceptedDate": "2020-04-28 10:08:51", "period": "Q1", "revenue": 1952000000, "costOfRevenue": 839000000, "grossProfit": 1113000000, "grossProfitRatio": 0.5701844262295082, "researchAndDevelopmentExpenses": 71000000, "generalAndAdministrativeExpenses": 107000000, "sellingAndMarketingExpenses": 225000000, "otherExpenses": 1152000.0, "operatingExpenses": 403000000, "costAndExpenses": 1484000000, "interestExpense": 99000000, "depreciationAndAmortization": 136000000, "ebitda": 604000000, "ebitdaratio": 0.309426229508, "operatingIncome": 468000000, "operatingIncomeRatio": 0.239754098361, "totalOtherIncomeExpensesNet": 4000.0, "incomeBeforeTax": 373000000, "incomeBeforeTaxRatio": 0.191086065574, "incomeTaxExpense": 80000000, "netIncome": 293000000, "netIncomeRatio": 0.150102459016, "eps": 0.07, "epsdiluted": 0.07, "weightedAverageShsOut": 4405000000, "weightedAverageShsOutDil": 4515000000, "link": "https://www.sec.gov/Archives/edgar/data/908937/000090893720000018/0000908937-20-000018-index.htm", "finalLink": "https://www.sec.gov/Archives/edgar/data/908937/000090893720000018/siri-20200331x10q.htm"}, {"date": "2019-12-31", "symbol": "SIRI", "fillingDate": "2020-02-04", "acceptedDate": "2020-02-04 17:08:22", "period": "FY", "revenue": 2062000000, "costOfRevenue": 902000000, "grossProfit": 1160000000, "grossProfitRatio": 0.562560620756547, "researchAndDevelopmentExpenses": 74000000, "generalAndAdministrativeExpenses": 145000000, "sellingAndMarketingExpenses": 289000000, "otherExpenses": 1229000000, "operatingExpenses": 508000000, "costAndExpenses": 1663000000, "interestExpense": 99000000, "depreciationAndAmortization": 128000000, "ebitda": 527000000, "ebitdaratio": 0.255577109602, "operatingIncome": 399000000, "operatingIncomeRatio": 0.193501454898, "totalOtherIncomeExpensesNet": -1000000.0, "incomeBeforeTax": 299000000, "incomeBeforeTaxRatio": 0.145004849661, "incomeTaxExpense": 56000000, "netIncome": 243000000, "netIncomeRatio": 0.117846750727, "eps": 0.05, "epsdiluted": 0.05, "weightedAverageShsOut": 4501000000, "weightedAverageShsOutDil": 4616000000, "link": "https://www.sec.gov/Archives/edgar/data/908937/000090893720000011/0000908937-20-000011-index.htm", "finalLink": "https://www.sec.gov/Archives/edgar/data/908937/000090893720000011/siri-20191231x10k.htm"}, {"date": "2019-09-30", "symbol": "SIRI", "fillingDate": "2019-10-31", "acceptedDate": "2019-10-31 12:16:47", "period": "Q3", "revenue": 2011000000, "costOfRevenue": 870000000, "grossProfit": 1141000000, "grossProfitRatio": 0.5673794132272502, "researchAndDevelopmentExpenses": 78000000, "generalAndAdministrativeExpenses": 124000000, "sellingAndMarketingExpenses": 233000000, "otherExpenses": 1178000.0, "operatingExpenses": 435000000, "costAndExpenses": 1535000000, "interestExpense": 104000000, "depreciationAndAmortization": 122000000, "ebitda": 598000000, "ebitdaratio": 0.297364495276, "operatingIncome": 476000000, "operatingIncomeRatio": 0.236698160119, "totalOtherIncomeExpensesNet": -160000000, "incomeBeforeTax": 316000000, "incomeBeforeTaxRatio": 0.157135753357, "incomeTaxExpense": 70000000, "netIncome": 246000000, "netIncomeRatio": 0.122327200398, "eps": 0.06, "epsdiluted": 0.06, "weightedAverageShsOut": 4529000000, "weightedAverageShsOutDil": 4641000000, "link": "https://www.sec.gov/Archives/edgar/data/908937/000090893719000036/0000908937-19-000036-index.htm", "finalLink": "https://www.sec.gov/Archives/edgar/data/908937/000090893719000036/siri-20190930x10qfinal.htm"}, {"date": "2019-06-30", "symbol": "SIRI", "fillingDate": "2019-07-30", "acceptedDate": "2019-07-30 13:06:06", "period": "Q2", "revenue": 1977000000, "costOfRevenue": 872000000, "grossProfit": 1105000000, "grossProfitRatio": 0.5589276681841173, "researchAndDevelopmentExpenses": 74000000, "generalAndAdministrativeExpenses": 120000000, "sellingAndMarketingExpenses": 232000000, "otherExpenses": 1186000.0, "operatingExpenses": 426000000, "costAndExpenses": 1538000000, "interestExpense": 97000000, "depreciationAndAmortization": 122000000, "ebitda": 561000000, "ebitdaratio": 0.283763277693, "operatingIncome": 439000000, "operatingIncomeRatio": 0.222053616591, "totalOtherIncomeExpensesNet": -3000.0, "incomeBeforeTax": 339000000, "incomeBeforeTaxRatio": 0.171471927162, "incomeTaxExpense": 76000000, "netIncome": 263000000, "netIncomeRatio": 0.133029843197, "eps": 0.05, "epsdiluted": 0.06, "weightedAverageShsOut": 4569000000, "weightedAverageShsOutDil": 4677000000, "link": "https://www.sec.gov/Archives/edgar/data/908937/000090893719000025/0000908937-19-000025-index.htm", "finalLink": "https://www.sec.gov/Archives/edgar/data/908937/000090893719000025/siri-20190630x10q.htm"}, {"date": "2019-03-31", "symbol": "SIRI", "fillingDate": "2019-04-24", "acceptedDate": "2019-04-24 15:58:08", "period": "Q1", "revenue": 1744000000, "costOfRevenue": 739000000, "grossProfit": 1005000000, "grossProfitRatio": 0.5762614678899083, "researchAndDevelopmentExpenses": 54000000, "generalAndAdministrativeExpenses": 135000000, "sellingAndMarketingExpenses": 183000000, "otherExpenses": 1093000000, "operatingExpenses": 372000000, "costAndExpenses": 1411000000, "interestExpense": 90000000, "depreciationAndAmortization": 110000000, "ebitda": 443000000, "ebitdaratio": 0.254013761468, "operatingIncome": 333000000, "operatingIncomeRatio": 0.190940366972, "totalOtherIncomeExpensesNet": 1000000.0, "incomeBeforeTax": 243000000, "incomeBeforeTaxRatio": 0.139334862385, "incomeTaxExpense": 81000000, "netIncome": 162000000, "netIncomeRatio": 0.0928899082569, "eps": 0.04, "epsdiluted": 0.03, "weightedAverageShsOut": 4571000000, "weightedAverageShsOutDil": 4678000000, "link": "https://www.sec.gov/Archives/edgar/data/908937/000090893719000014/0000908937-19-000014-index.htm", "finalLink": "https://www.sec.gov/Archives/edgar/data/908937/000090893719000014/siri-20190331x10q.htm"}, {"date": "2018-12-31", "symbol": "SIRI", "fillingDate": "2019-01-30", "acceptedDate": "2019-01-30 15:36:19", "period": "FY", "revenue": 1495908000, "costOfRevenue": 102944000, "grossProfit": 1392964000, "grossProfitRatio": 0.9311829337098271, "researchAndDevelopmentExpenses": 34086000, "generalAndAdministrativeExpenses": 93709000, "sellingAndMarketingExpenses": 139618000, "otherExpenses": 803408000, "operatingExpenses": 267413000, "costAndExpenses": 1036735000, "interestExpense": 87149000, "depreciationAndAmortization": 79987000, "ebitda": 539160000, "ebitdaratio": 0.360423234584, "operatingIncome": 459173000, "operatingIncomeRatio": 0.3069527003, "totalOtherIncomeExpensesNet": -38635000, "incomeBeforeTax": 333389000, "incomeBeforeTaxRatio": 0.22286731537, "incomeTaxExpense": 82337000, "netIncome": 251052000, "netIncomeRatio": 0.167825828861, "eps": 0.05, "epsdiluted": 0.06, "weightedAverageShsOut": 4461827000, "weightedAverageShsOutDil": 4560720000, "link": "https://www.sec.gov/Archives/edgar/data/908937/000090893719000008/0000908937-19-000008-index.htm", "finalLink": "https://www.sec.gov/Archives/edgar/data/908937/000090893719000008/siri-20181231x10k.htm"}, {"date": "2018-09-30", "symbol": "SIRI", "fillingDate": "2018-10-24", "acceptedDate": "2018-10-24 12:28:19", "period": "Q3", "revenue": 1467383000, "costOfRevenue": 96256000, "grossProfit": 1371127000, "grossProfitRatio": 0.9344029472877906, "researchAndDevelopmentExpenses": 31011000, "generalAndAdministrativeExpenses": 85821000, "sellingAndMarketingExpenses": 118280000, "otherExpenses": 2275373000, "operatingExpenses": 235112000, "costAndExpenses": 984826000, "interestExpense": 86218000, "depreciationAndAmortization": 77094000, "ebitda": 559651000, "ebitdaratio": 0.381393951, "operatingIncome": 482557000, "operatingIncomeRatio": 0.328855520338, "totalOtherIncomeExpensesNet": -41766000, "incomeBeforeTax": 354573000, "incomeBeforeTaxRatio": 0.241636300816, "incomeTaxExpense": 11525000, "netIncome": 343048000, "netIncomeRatio": 0.233782182293, "eps": 0.08, "epsdiluted": 0.07, "weightedAverageShsOut": 4482249000, "weightedAverageShsOutDil": 4586346000, "link": "https://www.sec.gov/Archives/edgar/data/908937/000090893718000045/0000908937-18-000045-index.htm", "finalLink": "https://www.sec.gov/Archives/edgar/data/908937/000090893718000045/siri-20180930x10q.htm"}, {"date": "2018-06-30", "symbol": "SIRI", "fillingDate": "2018-07-25", "acceptedDate": "2018-07-25 11:26:01", "period": "Q2", "revenue": 1432299000, "costOfRevenue": 199389000, "grossProfit": 1232910000, "grossProfitRatio": 0.8607909382049418, "researchAndDevelopmentExpenses": 58122000, "generalAndAdministrativeExpenses": 92683000, "sellingAndMarketingExpenses": 119435000, "otherExpenses": -636094000, "operatingExpenses": -548076000, "costAndExpenses": 1070672000, "interestExpense": 86917000, "depreciationAndAmortization": 75604000, "ebitda": 437231000, "ebitdaratio": 0.305265171588, "operatingIncome": 361627000, "operatingIncomeRatio": 0.252480103666, "totalOtherIncomeExpensesNet": 1295000.0, "incomeBeforeTax": 362922000, "incomeBeforeTaxRatio": 0.253384244491, "incomeTaxExpense": 70570000, "netIncome": 292352000, "netIncomeRatio": 0.204113805846, "eps": 0.07, "epsdiluted": 0.07, "weightedAverageShsOut": 4486620000, "weightedAverageShsOutDil": 4588986000, "link": "https://www.sec.gov/Archives/edgar/data/908937/000090893718000037/0000908937-18-000037-index.htm", "finalLink": "https://www.sec.gov/Archives/edgar/data/908937/000090893718000037/siri-20180630x10q.htm"}, {"date": "2018-03-31", "symbol": "SIRI", "fillingDate": "2018-04-25", "acceptedDate": "2018-04-25 12:10:59", "period": "Q1", "revenue": 1375102000, "costOfRevenue": 7097000.0, "grossProfit": 1368005000, "grossProfitRatio": 0.994838928312227, "researchAndDevelopmentExpenses": 0.0, "generalAndAdministrativeExpenses": 84606000, "sellingAndMarketingExpenses": 106711000, "otherExpenses": 527555000, "operatingExpenses": 718872000, "costAndExpenses": 951511000, "interestExpense": 89789000, "depreciationAndAmortization": 74556000, "ebitda": 498147000, "ebitdaratio": 0.36226185403, "operatingIncome": 423591000, "operatingIncomeRatio": 0.308043330604, "totalOtherIncomeExpensesNet": 35888000, "incomeBeforeTax": 369690000, "incomeBeforeTaxRatio": 0.268845511097, "incomeTaxExpense": 80249000, "netIncome": 289441000, "netIncomeRatio": 0.210486931151, "eps": 0.06, "epsdiluted": 0.06, "weightedAverageShsOut": 4491362000, "weightedAverageShsOutDil": 4586445000, "link": "https://www.sec.gov/Archives/edgar/data/908937/000090893718000022/0000908937-18-000022-index.htm", "finalLink": "https://www.sec.gov/Archives/edgar/data/908937/000090893718000022/siri-20180331x10q.htm"}, {"date": "2017-12-31", "symbol": "SIRI", "fillingDate": "2018-01-31", "acceptedDate": "2018-01-31 11:41:55", "period": "FY", "revenue": 1403898000, "costOfRevenue": 10911000, "grossProfit": 1392987000, "grossProfitRatio": 0.9922280678510832, "researchAndDevelopmentExpenses": 96917000, "generalAndAdministrativeExpenses": 88028000, "sellingAndMarketingExpenses": 119604000, "otherExpenses": 464577000, "operatingExpenses": 769126000, "costAndExpenses": 1007192000, "interestExpense": 88735000, "depreciationAndAmortization": 70785000, "ebitda": 467491000, "ebitdaratio": 0.332994989664, "operatingIncome": 396706000, "operatingIncomeRatio": 0.282574659982, "totalOtherIncomeExpensesNet": -71053000, "incomeBeforeTax": 236918000, "incomeBeforeTaxRatio": 0.168757274389, "incomeTaxExpense": 273914000, "netIncome": -36996000, "netIncomeRatio": -0.02635234183680011, "eps": -0.01, "epsdiluted": 0.0, "weightedAverageShsOut": 4637553000, "weightedAverageShsOutDil": 4723535000, "link": "https://www.sec.gov/Archives/edgar/data/908937/000090893718000014/0000908937-18-000014-index.htm", "finalLink": "https://www.sec.gov/Archives/edgar/data/908937/000090893718000014/siri-20171231x10k.htm"}, {"date": "2017-09-30", "symbol": "SIRI", "fillingDate": "2017-10-25", "acceptedDate": "2017-10-25 11:48:27", "period": "Q3", "revenue": 1379596000, "costOfRevenue": 8254000.0, "grossProfit": 1371342000, "grossProfitRatio": 0.9940170890608555, "researchAndDevelopmentExpenses": 0.0, "generalAndAdministrativeExpenses": 83187000, "sellingAndMarketingExpenses": 114519000, "otherExpenses": 510770000, "operatingExpenses": 708476000, "costAndExpenses": 945631000, "interestExpense": 92634000, "depreciationAndAmortization": 82413000, "ebitda": 516378000, "ebitdaratio": 0.374296533188, "operatingIncome": 433965000, "operatingIncomeRatio": 0.314559479732, "totalOtherIncomeExpensesNet": 86971000, "incomeBeforeTax": 384623000, "incomeBeforeTaxRatio": 0.278793936776, "incomeTaxExpense": 108901000, "netIncome": 275722000, "netIncomeRatio": 0.199857059603, "eps": 0.06, "epsdiluted": 0.05, "weightedAverageShsOut": 4660041000, "weightedAverageShsOutDil": 4734841000, "link": "https://www.sec.gov/Archives/edgar/data/908937/000090893717000041/0000908937-17-000041-index.htm", "finalLink": "https://www.sec.gov/Archives/edgar/data/908937/000090893717000041/siri-20170930x10q.htm"}, {"date": "2017-06-30", "symbol": "SIRI", "fillingDate": "2017-07-27", "acceptedDate": "2017-07-27 11:54:17", "period": "Q2", "revenue": 1347569000, "costOfRevenue": 9371000.0, "grossProfit": 1338198000, "grossProfitRatio": 0.9930459961604935, "researchAndDevelopmentExpenses": 0.0, "generalAndAdministrativeExpenses": 84607000, "sellingAndMarketingExpenses": 106707000, "otherExpenses": 504075000, "operatingExpenses": 695389000, "costAndExpenses": 931216000, "interestExpense": 82794000, "depreciationAndAmortization": 75646000, "ebitda": 491999000, "ebitdaratio": 0.36510115623, "operatingIncome": 416353000, "operatingIncomeRatio": 0.308965997288, "totalOtherIncomeExpensesNet": -11937000, "incomeBeforeTax": 321622000, "incomeBeforeTaxRatio": 0.238668298247, "incomeTaxExpense": 119513000, "netIncome": 202109000, "netIncomeRatio": 0.14998044627, "eps": 0.05, "epsdiluted": 0.05, "weightedAverageShsOut": 4681223000, "weightedAverageShsOutDil": 4759741000, "link": "https://www.sec.gov/Archives/edgar/data/908937/000090893717000029/0000908937-17-000029-index.htm", "finalLink": "https://www.sec.gov/Archives/edgar/data/908937/000090893717000029/siri-20170630x10q.htm"}, {"date": "2017-03-31", "symbol": "SIRI", "fillingDate": "2017-04-27", "acceptedDate": "2017-04-27 12:24:56", "period": "Q1", "revenue": 1294066000, "costOfRevenue": 6912000.0, "grossProfit": 1287154000, "grossProfitRatio": 0.9946586959243192, "researchAndDevelopmentExpenses": 0.0, "generalAndAdministrativeExpenses": 78201000, "sellingAndMarketingExpenses": 96909000, "otherExpenses": 490195000, "operatingExpenses": 665305000, "costAndExpenses": 900226000, "interestExpense": 81657000, "depreciationAndAmortization": 78808000, "ebitda": 472648000, "ebitdaratio": 0.365242576499, "operatingIncome": 393840000, "operatingIncomeRatio": 0.304343055146, "totalOtherIncomeExpensesNet": 8863000.0, "incomeBeforeTax": 321046000, "incomeBeforeTaxRatio": 0.248090901082, "incomeTaxExpense": 113973000, "netIncome": 207073000, "netIncomeRatio": 0.160017340692, "eps": 0.04, "epsdiluted": 0.04, "weightedAverageShsOut": 4710340000, "weightedAverageShsOutDil": 4784420000, "link": "https://www.sec.gov/Archives/edgar/data/908937/000090893717000015/0000908937-17-000015-index.htm", "finalLink": "https://www.sec.gov/Archives/edgar/data/908937/000090893717000015/siri-20170331x10q.htm"}, {"date": "2016-12-31", "symbol": "SIRI", "fillingDate": "2017-02-02", "acceptedDate": "2017-02-02 11:57:33", "period": "FY", "revenue": 1302998000, "costOfRevenue": 11701000, "grossProfit": 1291297000, "grossProfitRatio": 0.9910199401687493, "researchAndDevelopmentExpenses": 69025000, "generalAndAdministrativeExpenses": 92054000, "sellingAndMarketingExpenses": 107446000, "otherExpenses": 470597000, "operatingExpenses": 739122000, "costAndExpenses": 973438000, "interestExpense": 80337000, "depreciationAndAmortization": 68801000, "ebitda": 398361000, "ebitdaratio": 0.30572648615, "operatingIncome": 329560000, "operatingIncomeRatio": 0.252924409707, "totalOtherIncomeExpensesNet": -748000.0, "incomeBeforeTax": 224246000, "incomeBeforeTaxRatio": 0.172100033922, "incomeTaxExpense": 19619000, "netIncome": 204627000, "netIncomeRatio": 0.157043218792, "eps": 0.04, "epsdiluted": 0.04, "weightedAverageShsOut": 4917050000, "weightedAverageShsOutDil": 4964728000, "link": "https://www.sec.gov/Archives/edgar/data/908937/000090893717000009/0000908937-17-000009-index.htm", "finalLink": "https://www.sec.gov/Archives/edgar/data/908937/000090893717000009/siri-20161231x10k.htm"}, {"date": "2016-09-30", "symbol": "SIRI", "fillingDate": "2016-10-27", "acceptedDate": "2016-10-27 12:23:47", "period": "Q3", "revenue": 1277646000, "costOfRevenue": 9674000.0, "grossProfit": 1267972000, "grossProfitRatio": 0.9924282626016909, "researchAndDevelopmentExpenses": 0.0, "generalAndAdministrativeExpenses": 90369000, "sellingAndMarketingExpenses": 99194000, "otherExpenses": 478985000, "operatingExpenses": 668548000, "costAndExpenses": 885467000, "interestExpense": 89092000, "depreciationAndAmortization": 70221000, "ebitda": 462400000, "ebitdaratio": 0.361915585381, "operatingIncome": 392179000, "operatingIncomeRatio": 0.306954351988, "totalOtherIncomeExpensesNet": 2370000.0, "incomeBeforeTax": 305457000, "incomeBeforeTaxRatio": 0.239077960562, "incomeTaxExpense": 108505000, "netIncome": 196952000, "netIncomeRatio": 0.154152245614, "eps": 0.04, "epsdiluted": 0.04, "weightedAverageShsOut": 4957820000, "weightedAverageShsOutDil": 5005133000, "link": "https://www.sec.gov/Archives/edgar/data/908937/000090893716000027/0000908937-16-000027-index.htm", "finalLink": "https://www.sec.gov/Archives/edgar/data/908937/000090893716000027/siri-20160930x10q.htm"}, {"date": "2016-06-30", "symbol": "SIRI", "fillingDate": "2016-07-26", "acceptedDate": "2016-07-26 12:38:34", "period": "Q2", "revenue": 1235566000, "costOfRevenue": 9728000.0, "grossProfit": 1225838000, "grossProfitRatio": 0.9921266852600347, "researchAndDevelopmentExpenses": 0.0, "generalAndAdministrativeExpenses": 81178000, "sellingAndMarketingExpenses": 91358000, "otherExpenses": 476589000, "operatingExpenses": 649125000, "costAndExpenses": 873410000, "interestExpense": 83396000, "depreciationAndAmortization": 68884000, "ebitda": 431040000, "ebitdaratio": 0.348860360353, "operatingIncome": 362156000, "operatingIncomeRatio": 0.29310939278, "totalOtherIncomeExpensesNet": 2515000.0, "incomeBeforeTax": 281275000, "incomeBeforeTaxRatio": 0.227648705128, "incomeTaxExpense": 108260000, "netIncome": 173015000, "netIncomeRatio": 0.140028942201, "eps": 0.04, "epsdiluted": 0.04, "weightedAverageShsOut": 5002070000, "weightedAverageShsOutDil": 5049571000, "link": "https://www.sec.gov/Archives/edgar/data/908937/000090893716000021/0000908937-16-000021-index.htm", "finalLink": "https://www.sec.gov/Archives/edgar/data/908937/000090893716000021/siri-20160630x10q.htm"}, {"date": "2016-03-31", "symbol": "SIRI", "fillingDate": "2016-04-28", "acceptedDate": "2016-04-28 11:30:44", "period": "Q1", "revenue": 1201010000, "costOfRevenue": 9779000.0, "grossProfit": 1191231000, "grossProfitRatio": 0.9918576864472403, "researchAndDevelopmentExpenses": 0.0, "generalAndAdministrativeExpenses": 77505000, "sellingAndMarketingExpenses": 88726000, "otherExpenses": 457249000, "operatingExpenses": 623480000, "costAndExpenses": 852776000, "interestExpense": 78400000, "depreciationAndAmortization": 69681000, "ebitda": 417915000, "ebitdaratio": 0.347969625565, "operatingIncome": 348234000, "operatingIncomeRatio": 0.289950957944, "totalOtherIncomeExpensesNet": 10848000, "incomeBeforeTax": 280682000, "incomeBeforeTaxRatio": 0.233704964988, "incomeTaxExpense": 109343000, "netIncome": 171339000, "netIncomeRatio": 0.142662425792, "eps": 0.03, "epsdiluted": 0.03, "weightedAverageShsOut": 5065319000, "weightedAverageShsOutDil": 5110618000, "link": "https://www.sec.gov/Archives/edgar/data/908937/000090893716000008/0000908937-16-000008-index.htm", "finalLink": "https://www.sec.gov/Archives/edgar/data/908937/000090893716000008/siri-20160331x10q.htm"}, {"date": "2015-12-31", "symbol": "SIRI", "fillingDate": "2016-02-02", "acceptedDate": "2016-02-02 12:26:47", "period": "FY", "revenue": 1196146000, "costOfRevenue": 13703000, "grossProfit": 1182443000, "grossProfitRatio": 0.9885440406104271, "researchAndDevelopmentExpenses": 54933000, "generalAndAdministrativeExpenses": 105607000, "sellingAndMarketingExpenses": 98411000, "otherExpenses": 401887000, "operatingExpenses": 660838000, "costAndExpenses": 902277000, "interestExpense": 77191000, "depreciationAndAmortization": 71708000, "ebitda": 365577000, "ebitdaratio": 0.305629078725, "operatingIncome": 293869000, "operatingIncomeRatio": 0.245679875199, "totalOtherIncomeExpensesNet": 3302000.0, "incomeBeforeTax": 219980000, "incomeBeforeTaxRatio": 0.183907315662, "incomeTaxExpense": 85347000, "netIncome": 134633000, "netIncomeRatio": 0.112555657921, "eps": 0.02, "epsdiluted": 0.02, "weightedAverageShsOut": 5375707000, "weightedAverageShsOutDil": 5435166000, "link": "https://www.sec.gov/Archives/edgar/data/908937/000156459016012174/0001564590-16-012174-index.htm", "finalLink": "https://www.sec.gov/Archives/edgar/data/908937/000156459016012174/siri-10k_20151231.htm"}, {"date": "2015-09-30", "symbol": "SIRI", "fillingDate": "2015-10-22", "acceptedDate": "2015-10-22 11:52:10", "period": "Q3", "revenue": 1169712000, "costOfRevenue": 9246000.0, "grossProfit": 1160466000, "grossProfitRatio": 0.9920954901719398, "researchAndDevelopmentExpenses": 0.0, "generalAndAdministrativeExpenses": 67234000, "sellingAndMarketingExpenses": 90541000, "otherExpenses": 431562000, "operatingExpenses": 589337000, "costAndExpenses": 818128000, "interestExpense": 76624000, "depreciationAndAmortization": 72387000, "ebitda": 423971000, "ebitdaratio": 0.3624575964, "operatingIncome": 351584000, "operatingIncomeRatio": 0.300573132532, "totalOtherIncomeExpensesNet": 9146000.0, "incomeBeforeTax": 279093000, "incomeBeforeTaxRatio": 0.238599757889, "incomeTaxExpense": 112543000, "netIncome": 166550000, "netIncomeRatio": 0.142385476083, "eps": 0.03, "epsdiluted": 0.03, "weightedAverageShsOut": 5436378000, "weightedAverageShsOutDil": 5487116000, "link": "https://www.sec.gov/Archives/edgar/data/908937/000156459015008553/0001564590-15-008553-index.htm", "finalLink": "https://www.sec.gov/Archives/edgar/data/908937/000156459015008553/siri-10q_20150930.htm"}, {"date": "2015-06-30", "symbol": "SIRI", "fillingDate": "2015-07-28", "acceptedDate": "2015-07-28 11:58:56", "period": "Q2", "revenue": 1123210000, "costOfRevenue": 10930000, "grossProfit": 1112280000, "grossProfitRatio": 0.9902689612806154, "researchAndDevelopmentExpenses": 0.0, "generalAndAdministrativeExpenses": 72137000, "sellingAndMarketingExpenses": 86493000, "otherExpenses": 514533000, "operatingExpenses": 673163000, "costAndExpenses": 903781000, "interestExpense": 75380000, "depreciationAndAmortization": 69112000, "ebitda": 288541000, "ebitdaratio": 0.256889628832, "operatingIncome": 219429000, "operatingIncomeRatio": 0.195358837617, "totalOtherIncomeExpensesNet": 189000.0, "incomeBeforeTax": 148270000, "incomeBeforeTaxRatio": 0.132005591118, "incomeTaxExpense": 45421000, "netIncome": 102849000, "netIncomeRatio": 0.0915670266468, "eps": 0.02, "epsdiluted": 0.02, "weightedAverageShsOut": 5506818000, "weightedAverageShsOutDil": 5570445000, "link": "https://www.sec.gov/Archives/edgar/data/908937/000156459015005695/0001564590-15-005695-index.htm", "finalLink": "https://www.sec.gov/Archives/edgar/data/908937/000156459015005695/siri-10q_20150630.htm"}, {"date": "2015-03-31", "symbol": "SIRI", "fillingDate": "2015-04-28", "acceptedDate": "2015-04-28 10:21:18", "period": "Q1", "revenue": 1080990000, "costOfRevenue": 8845000.0, "grossProfit": 1072145000, "grossProfitRatio": 0.9918176856400152, "researchAndDevelopmentExpenses": 0.0, "generalAndAdministrativeExpenses": 79823000, "sellingAndMarketingExpenses": 78744000, "otherExpenses": 397525000, "operatingExpenses": 556092000, "costAndExpenses": 767184000, "interestExpense": 69908000, "depreciationAndAmortization": 66879000, "ebitda": 380685000, "ebitdaratio": 0.352163294758, "operatingIncome": 313806000, "operatingIncomeRatio": 0.290295007354, "totalOtherIncomeExpensesNet": -258000.0, "incomeBeforeTax": 244621000, "incomeBeforeTaxRatio": 0.226293490227, "incomeTaxExpense": 138929000, "netIncome": 105692000, "netIncomeRatio": 0.0977733374037, "eps": 0.02, "epsdiluted": 0.02, "weightedAverageShsOut": 5570748000, "weightedAverageShsOutDil": 5639838000, "link": "https://www.sec.gov/Archives/edgar/data/908937/000156459015002906/0001564590-15-002906-index.htm", "finalLink": "https://www.sec.gov/Archives/edgar/data/908937/000156459015002906/siri-10q_20150331.htm"}, {"date": "2014-12-31", "symbol": "SIRI", "fillingDate": "2015-02-05", "acceptedDate": "2015-02-05 12:12:19", "period": "FY", "revenue": 1090952000, "costOfRevenue": 15078000, "grossProfit": 1075874000, "grossProfitRatio": 0.9861790436242841, "researchAndDevelopmentExpenses": 54109000, "generalAndAdministrativeExpenses": 69943000, "sellingAndMarketingExpenses": 98488000, "otherExpenses": 351911000, "operatingExpenses": 574451000, "costAndExpenses": 797295000, "interestExpense": 71981000, "depreciationAndAmortization": 66402000, "ebitda": 360059000, "ebitdaratio": 0.330041101717, "operatingIncome": 293657000, "operatingIncomeRatio": 0.269174995783, "totalOtherIncomeExpensesNet": 467000.0, "incomeBeforeTax": 228053000, "incomeBeforeTaxRatio": 0.209040361079, "incomeTaxExpense": 84931000, "netIncome": 143122000, "netIncomeRatio": 0.131190006526, "eps": 0.03, "epsdiluted": 0.02, "weightedAverageShsOut": 31078000, "weightedAverageShsOutDil": 5862020000, "link": "https://www.sec.gov/Archives/edgar/data/908937/000090893715000003/0000908937-15-000003-index.htm", "finalLink": "https://www.sec.gov/Archives/edgar/data/908937/000090893715000003/siri-20141231x10k.htm"}, {"date": "2014-09-30", "symbol": "SIRI", "fillingDate": "2014-10-28", "acceptedDate": "2014-10-28 12:20:32", "period": "Q3", "revenue": 1057087000, "costOfRevenue": 9485000.0, "grossProfit": 1047602000, "grossProfitRatio": 0.9910272286008626, "researchAndDevelopmentExpenses": 0.0, "generalAndAdministrativeExpenses": 75170000, "sellingAndMarketingExpenses": 83906000, "otherExpenses": 394035000, "operatingExpenses": 553111000, "costAndExpenses": 763060000, "interestExpense": 75416000, "depreciationAndAmortization": 64550000, "ebitda": 358577000, "ebitdaratio": 0.339212382708, "operatingIncome": 294027000, "operatingIncomeRatio": 0.278148345406, "totalOtherIncomeExpensesNet": 298000.0, "incomeBeforeTax": 225214000, "incomeBeforeTaxRatio": 0.213051527452, "incomeTaxExpense": 89044000, "netIncome": 136170000, "netIncomeRatio": 0.128816265832, "eps": 0.02, "epsdiluted": 0.02, "weightedAverageShsOut": 5860248000, "weightedAverageShsOutDil": 6208569000, "link": "https://www.sec.gov/Archives/edgar/data/908937/000090893714000018/0000908937-14-000018-index.htm", "finalLink": "https://www.sec.gov/Archives/edgar/data/908937/000090893714000018/siri-20140930x10q.htm"}, {"date": "2014-06-30", "symbol": "SIRI", "fillingDate": "2014-07-29", "acceptedDate": "2014-07-29 11:58:03", "period": "Q2", "revenue": 1035345000, "costOfRevenue": 12030000, "grossProfit": 1023315000, "grossProfitRatio": 0.9883806846993032, "researchAndDevelopmentExpenses": 0.0, "generalAndAdministrativeExpenses": 72582000, "sellingAndMarketingExpenses": 77759000, "otherExpenses": 381154000, "operatingExpenses": 531495000, "costAndExpenses": 750766000, "interestExpense": 67521000, "depreciationAndAmortization": 67204000, "ebitda": 351783000, "ebitdaratio": 0.339773698622, "operatingIncome": 284579000, "operatingIncomeRatio": 0.274863934244, "totalOtherIncomeExpensesNet": -1747000.0, "incomeBeforeTax": 206783000, "incomeBeforeTaxRatio": 0.199723763576, "incomeTaxExpense": 86822000, "netIncome": 119961000, "netIncomeRatio": 0.115865725917, "eps": 0.02, "epsdiluted": 0.02, "weightedAverageShsOut": 5979273000, "weightedAverageShsOutDil": 6054771000, "link": "https://www.sec.gov/Archives/edgar/data/908937/000090893714000015/0000908937-14-000015-index.htm", "finalLink": "https://www.sec.gov/Archives/edgar/data/908937/000090893714000015/siri-20140630x10q.htm"}, {"date": "2014-03-31", "symbol": "SIRI", "fillingDate": "2014-04-25", "acceptedDate": "2014-04-25 12:21:51", "period": "Q1", "revenue": 997711000, "costOfRevenue": 7804000.0, "grossProfit": 989907000, "grossProfitRatio": 0.9921780956609679, "researchAndDevelopmentExpenses": 0.0, "generalAndAdministrativeExpenses": 76243000, "sellingAndMarketingExpenses": 76327000, "otherExpenses": 382730000, "operatingExpenses": 535300000, "costAndExpenses": 750304000, "interestExpense": 54092000, "depreciationAndAmortization": 68267000, "ebitda": 315674000, "ebitdaratio": 0.316398235561, "operatingIncome": 247407000, "operatingIncomeRatio": 0.247974613891, "totalOtherIncomeExpensesNet": 95000.0, "incomeBeforeTax": 170736000, "incomeBeforeTaxRatio": 0.1711277113312372, "incomeTaxExpense": 76748000, "netIncome": 93988000, "netIncomeRatio": 0.0942036321139, "eps": 0.02, "epsdiluted": 0.02, "weightedAverageShsOut": 6094784000, "weightedAverageShsOutDil": 6173848000, "link": "https://www.sec.gov/Archives/edgar/data/908937/000090893714000009/0000908937-14-000009-index.htm", "finalLink": "https://www.sec.gov/Archives/edgar/data/908937/000090893714000009/siri-20140331x10q.htm"}, {"date": "2013-12-31", "symbol": "SIRI", "fillingDate": "2014-02-04", "acceptedDate": "2014-02-04 16:41:47", "period": "FY", "revenue": 1000078000, "costOfRevenue": 8669000.0, "grossProfit": 991409000, "grossProfitRatio": 0.9913316761292619, "researchAndDevelopmentExpenses": 50564000, "generalAndAdministrativeExpenses": 77522000, "sellingAndMarketingExpenses": 81430000, "otherExpenses": 337071000, "operatingExpenses": 546587000, "costAndExpenses": 754722000, "interestExpense": 54140000, "depreciationAndAmortization": 60348000, "ebitda": 305704000, "ebitdaratio": 0.305680156948, "operatingIncome": 245356000, "operatingIncomeRatio": 0.245336863725, "totalOtherIncomeExpensesNet": 295000.0, "incomeBeforeTax": 108217000, "incomeBeforeTaxRatio": 0.108208559732, "incomeTaxExpense": 43020000, "netIncome": 65197000, "netIncomeRatio": 0.0651919150306, "eps": 0.01, "epsdiluted": 0.01, "weightedAverageShsOut": 6227646000, "weightedAverageShsOutDil": 6384791000, "link": "https://www.sec.gov/Archives/edgar/data/908937/000090893714000006/0000908937-14-000006-index.htm", "finalLink": "https://www.sec.gov/Archives/edgar/data/908937/000090893714000006/siri-20131231x10k.htm"}, {"date": "2013-09-30", "symbol": "SIRI", "fillingDate": "2013-10-24", "acceptedDate": "2013-10-24 16:16:22", "period": "Q3", "revenue": 961509000, "costOfRevenue": 5340000.0, "grossProfit": 956169000, "grossProfitRatio": 0.9944462298324821, "researchAndDevelopmentExpenses": 0.0, "generalAndAdministrativeExpenses": 67881000, "sellingAndMarketingExpenses": 75638000, "otherExpenses": 331124000, "operatingExpenses": 474643000, "costAndExpenses": 676980000, "interestExpense": 54629000, "depreciationAndAmortization": 58533000, "ebitda": 343062000, "ebitdaratio": 0.356795412211, "operatingIncome": 284529000, "operatingIncomeRatio": 0.295919226965, "totalOtherIncomeExpensesNet": 407000.0, "incomeBeforeTax": 124052000, "incomeBeforeTaxRatio": 0.129018033113, "incomeTaxExpense": 61158000, "netIncome": 62894000, "netIncomeRatio": 0.0654117642165, "eps": 0.01, "epsdiluted": 0.01, "weightedAverageShsOut": 6265981000, "weightedAverageShsOutDil": 6446082000, "link": "https://www.sec.gov/Archives/edgar/data/908937/000090893713000016/0000908937-13-000016-index.htm", "finalLink": "https://www.sec.gov/Archives/edgar/data/908937/000090893713000016/siri-20130930x10q.htm"}, {"date": "2013-06-30", "symbol": "SIRI", "fillingDate": "2013-07-26", "acceptedDate": "2013-07-26 08:57:21", "period": "Q2", "revenue": 940110000, "costOfRevenue": 5442000.0, "grossProfit": 934668000, "grossProfitRatio": 0.9942113156970993, "researchAndDevelopmentExpenses": 0.0, "generalAndAdministrativeExpenses": 60392000, "sellingAndMarketingExpenses": 68057000, "otherExpenses": 649253000, "operatingExpenses": 777702000, "costAndExpenses": 672373000, "interestExpense": 49728000, "depreciationAndAmortization": 67415000, "ebitda": 335152000, "ebitdaratio": 0.356502962419, "operatingIncome": 267737000, "operatingIncomeRatio": 0.284793268873, "totalOtherIncomeExpensesNet": 255000.0, "incomeBeforeTax": 202181000, "incomeBeforeTaxRatio": 0.2150610035, "incomeTaxExpense": 76659000, "netIncome": 125522000, "netIncomeRatio": 0.133518418057, "eps": 0.02, "epsdiluted": 0.02, "weightedAverageShsOut": 6307541000, "weightedAverageShsOutDil": 6526698000, "link": "https://www.sec.gov/Archives/edgar/data/908937/000090893713000012/0000908937-13-000012-index.htm", "finalLink": "https://www.sec.gov/Archives/edgar/data/908937/000090893713000012/siri-20130630x10q.htm"}, {"date": "2013-03-31", "symbol": "SIRI", "fillingDate": "2013-04-30", "acceptedDate": "2013-04-30 13:15:30", "period": "Q1", "revenue": 897398000, "costOfRevenue": 7027000.0, "grossProfit": 890371000, "grossProfitRatio": 0.9921695836184168, "researchAndDevelopmentExpenses": 0.0, "generalAndAdministrativeExpenses": 56340000, "sellingAndMarketingExpenses": 65899000, "otherExpenses": 528228000, "operatingExpenses": 122239000, "costAndExpenses": 650467000, "interestExpense": 46174000, "depreciationAndAmortization": 67018000, "ebitda": 313949000, "ebitdaratio": 0.349843659112, "operatingIncome": 246931000, "operatingIncomeRatio": 0.275163305468, "totalOtherIncomeExpensesNet": 247000.0, "incomeBeforeTax": 202642000, "incomeBeforeTaxRatio": 0.22581062137423974, "incomeTaxExpense": 79040000, "netIncome": 123602000, "netIncomeRatio": 0.137733759157, "eps": 0.02, "epsdiluted": 0.02, "weightedAverageShsOut": 6259803000, "weightedAverageShsOutDil": 6606276000, "link": "https://www.sec.gov/Archives/edgar/data/908937/000090893713000007/0000908937-13-000007-index.htm", "finalLink": "https://www.sec.gov/Archives/edgar/data/908937/000090893713000007/siri-20130331x10q.htm"}, {"date": "2012-12-31", "symbol": "SIRI", "fillingDate": "2013-02-06", "acceptedDate": "2013-02-06 15:40:30", "period": "FY", "revenue": 892415000, "costOfRevenue": 12465000, "grossProfit": 879950000, "grossProfitRatio": 0.986032283186634, "researchAndDevelopmentExpenses": 42605000, "generalAndAdministrativeExpenses": 68119000, "sellingAndMarketingExpenses": 72448000, "otherExpenses": 538752000, "operatingExpenses": 140567000, "costAndExpenses": 679319000, "interestExpense": 45544000, "depreciationAndAmortization": 66814000, "ebitda": 279910000, "ebitdaratio": 0.313654521719, "operatingIncome": 213096000, "operatingIncomeRatio": 0.238785766712, "totalOtherIncomeExpensesNet": 411000.0, "incomeBeforeTax": 171871000, "incomeBeforeTaxRatio": 0.192590891009, "incomeTaxExpense": 15626000, "netIncome": 156245000, "netIncomeRatio": 0.175081100161, "eps": 0.03, "epsdiluted": 0.02, "weightedAverageShsOut": 4209073000, "weightedAverageShsOutDil": 6873786000, "link": "https://www.sec.gov/Archives/edgar/data/908937/000090893713000004/0000908937-13-000004-index.htm", "finalLink": "https://www.sec.gov/Archives/edgar/data/908937/000090893713000004/siri-20121231x10k.htm"}, {"date": "2012-09-30", "symbol": "SIRI", "fillingDate": "2012-11-01", "acceptedDate": "2012-11-01 12:46:50", "period": "Q3", "revenue": 867361000, "costOfRevenue": 6345000.0, "grossProfit": 861016000, "grossProfitRatio": 0.9926847068291058, "researchAndDevelopmentExpenses": 0.0, "generalAndAdministrativeExpenses": 68236000, "sellingAndMarketingExpenses": 60676000, "otherExpenses": 506700000, "operatingExpenses": 128912000, "costAndExpenses": 635612000, "interestExpense": 70035000, "depreciationAndAmortization": 66571000, "ebitda": 298320000, "ebitdaratio": 0.343939835893, "operatingIncome": 231749000, "operatingIncomeRatio": 0.267188633107, "totalOtherIncomeExpensesNet": 112000.0, "incomeBeforeTax": 54400000, "incomeBeforeTaxRatio": 0.0627189832146, "incomeTaxExpense": 20113000, "netIncome": 74513000, "netIncomeRatio": 0.0859077131667, "eps": -0.34, "epsdiluted": -0.01, "weightedAverageShsOut": 3870031000, "weightedAverageShsOutDil": 6848230000, "link": "https://www.sec.gov/Archives/edgar/data/908937/000090893712000009/0000908937-12-000009-index.htm", "finalLink": "https://www.sec.gov/Archives/edgar/data/908937/000090893712000009/siri-2012930x10q.htm"}, {"date": "2012-06-30", "symbol": "SIRI", "fillingDate": "2012-08-07", "acceptedDate": "2012-08-07 15:29:38", "period": "Q2", "revenue": 837542000, "costOfRevenue": 7150000.0, "grossProfit": 830392000, "grossProfitRatio": 0.9914631146855919, "researchAndDevelopmentExpenses": 0.0, "generalAndAdministrativeExpenses": 65664000, "sellingAndMarketingExpenses": 57420000, "otherExpenses": 486516000, "operatingExpenses": 123084000, "costAndExpenses": 609600000, "interestExpense": 72771000, "depreciationAndAmortization": 66793000, "ebitda": 294735000, "ebitdaratio": 0.3519047403, "operatingIncome": 227942000, "operatingIncomeRatio": 0.272155903823, "totalOtherIncomeExpensesNet": -171000.0, "incomeBeforeTax": 137621000, "incomeBeforeTaxRatio": 0.164315341798, "incomeTaxExpense": 2996549000, "netIncome": 3134170000, "netIncomeRatio": 3.74210487355, "eps": 0.83, "epsdiluted": 0.48, "weightedAverageShsOut": 3766508000, "weightedAverageShsOutDil": 6521614000, "link": "https://www.sec.gov/Archives/edgar/data/908937/000090893712000006/0000908937-12-000006-index.htm", "finalLink": "https://www.sec.gov/Archives/edgar/data/908937/000090893712000006/siri-2012630x10q.htm"}, {"date": "2012-03-31", "symbol": "SIRI", "fillingDate": "2012-05-01", "acceptedDate": "2012-05-01 14:04:07", "period": "Q1", "revenue": 804722000, "costOfRevenue": 5806000.0, "grossProfit": 798916000, "grossProfitRatio": 0.9927850860297096, "researchAndDevelopmentExpenses": 0.0, "generalAndAdministrativeExpenses": 59886000, "sellingAndMarketingExpenses": 58361000, "otherExpenses": 487237000, "operatingExpenses": 118247000, "costAndExpenses": 605484000, "interestExpense": 76971000, "depreciationAndAmortization": 66117000, "ebitda": 265355000, "ebitdaratio": 0.329747415878, "operatingIncome": 199238000, "operatingIncomeRatio": 0.24758612291, "totalOtherIncomeExpensesNet": -578000.0, "incomeBeforeTax": 110576000, "incomeBeforeTaxRatio": 0.13740894370975318, "incomeTaxExpense": 2802000.0, "netIncome": 107774000, "netIncomeRatio": 0.133926995907, "eps": 0.03, "epsdiluted": 0.02, "weightedAverageShsOut": 3767443000, "weightedAverageShsOutDil": 6537728000, "link": "https://www.sec.gov/Archives/edgar/data/908937/000090893712000003/0000908937-12-000003-index.htm", "finalLink": "https://www.sec.gov/Archives/edgar/data/908937/000090893712000003/siri-2012331x10q.htm"}, {"date": "2011-12-31", "symbol": "SIRI", "fillingDate": "2012-02-09", "acceptedDate": "2012-02-09 15:30:26", "period": "FY", "revenue": 783738000, "costOfRevenue": 13201000, "grossProfit": 770537000, "grossProfitRatio": 0.9831563609267383, "researchAndDevelopmentExpenses": 0.0, "generalAndAdministrativeExpenses": 63269000, "sellingAndMarketingExpenses": 68302000, "otherExpenses": 497692000, "operatingExpenses": 629263000, "costAndExpenses": 642464000, "interestExpense": 0.0, "depreciationAndAmortization": 238669000, "ebitda": 393144000, "ebitdaratio": 0.5016268191666092, "operatingIncome": 154475000, "operatingIncomeRatio": 0.19710030647997162, "totalOtherIncomeExpensesNet": 1017000.0, "incomeBeforeTax": 75664000, "incomeBeforeTaxRatio": 0.09654246699789981, "incomeTaxExpense": -4327000.0, "netIncome": 71337000, "netIncomeRatio": 0.09102148932423845, "eps": 0.0, "epsdiluted": 0.0, "weightedAverageShsOut": 3767443000, "weightedAverageShsOutDil": 6537728000, "link": "https://www.sec.gov/Archives/edgar/data/908937/000119312512049086/0001193125-12-049086-index.htm", "finalLink": "https://www.sec.gov/Archives/edgar/data/908937/000119312512049086/d273024d10k.htm"}, {"date": "2011-09-30", "symbol": "SIRI", "fillingDate": "2011-11-03", "acceptedDate": "2011-11-03 15:02:57", "period": "Q3", "revenue": 762550000, "costOfRevenue": 5888000.0, "grossProfit": 756662000, "grossProfitRatio": 0.9922785391121893, "researchAndDevelopmentExpenses": 0.0, "generalAndAdministrativeExpenses": 58638000, "sellingAndMarketingExpenses": 55210000, "otherExpenses": 464215000, "operatingExpenses": 578063000, "costAndExpenses": 583951000, "interestExpense": 0.0, "depreciationAndAmortization": -106251000, "ebitda": 78236000, "ebitdaratio": 0.10259786243525015, "operatingIncome": 184487000, "operatingIncomeRatio": 0.24193429939020392, "totalOtherIncomeExpensesNet": 436000.0, "incomeBeforeTax": 109899000, "incomeBeforeTaxRatio": 0.14412038554848863, "incomeTaxExpense": -5715000.0, "netIncome": 104184000, "netIncomeRatio": 0.1366257950298341, "eps": 0.0, "epsdiluted": 0.0, "weightedAverageShsOut": 3767443000, "weightedAverageShsOutDil": 6537728000, "link": "https://www.sec.gov/Archives/edgar/data/908937/000095012311094792/0000950123-11-094792-index.htm", "finalLink": "https://www.sec.gov/Archives/edgar/data/908937/000095012311094792/y92463e10vq.htm"}, {"date": "2011-06-30", "symbol": "SIRI", "fillingDate": "2011-08-04", "acceptedDate": "2011-08-04 11:51:20", "period": "Q2", "revenue": 744397000, "costOfRevenue": 7601000.0, "grossProfit": 736796000, "grossProfitRatio": 0.9897890507350244, "researchAndDevelopmentExpenses": 0.0, "generalAndAdministrativeExpenses": 60477000, "sellingAndMarketingExpenses": 51442000, "otherExpenses": 459495000, "operatingExpenses": 571414000, "costAndExpenses": 579015000, "interestExpense": 0.0, "depreciationAndAmortization": 67062000, "ebitda": 240045000, "ebitdaratio": 0.3224690588489744, "operatingIncome": 172983000, "operatingIncomeRatio": 0.2323800337723016, "totalOtherIncomeExpensesNet": 182000.0, "incomeBeforeTax": 175939000, "incomeBeforeTaxRatio": 0.2363510331180808, "incomeTaxExpense": -2620000.0, "netIncome": 173319000, "netIncomeRatio": 0.23283140582243078, "eps": 0.0, "epsdiluted": 0.0, "weightedAverageShsOut": 3767443000, "weightedAverageShsOutDil": 6537728000, "link": "https://www.sec.gov/Archives/edgar/data/908937/000095012311072712/0000950123-11-072712-index.htm", "finalLink": "https://www.sec.gov/Archives/edgar/data/908937/000095012311072712/y90835e10vq.htm"}, {"date": "2011-03-31", "symbol": "SIRI", "fillingDate": "2011-05-03", "acceptedDate": "2011-05-03 12:51:58", "period": "Q1", "revenue": 723839000, "costOfRevenue": 6405000.0, "grossProfit": 717434000, "grossProfitRatio": 0.9911513471918479, "researchAndDevelopmentExpenses": 0.0, "generalAndAdministrativeExpenses": 56354000, "sellingAndMarketingExpenses": 47819000, "otherExpenses": 455494000, "operatingExpenses": 559667000, "costAndExpenses": 566072000, "interestExpense": 0.0, "depreciationAndAmortization": 68400000, "ebitda": 232572000, "ebitdaratio": 0.3213034942853314, "operatingIncome": 164172000, "operatingIncomeRatio": 0.22680734251677515, "totalOtherIncomeExpensesNet": 1617000.0, "incomeBeforeTax": 79693000, "incomeBeforeTaxRatio": 0.11009768746917477, "incomeTaxExpense": -1572000.0, "netIncome": 78121000, "netIncomeRatio": 0.10792593380572199, "eps": 0.0, "epsdiluted": 0.0, "weightedAverageShsOut": 0.0, "weightedAverageShsOutDil": 0.0, "link": "https://www.sec.gov/Archives/edgar/data/908937/000095012311043582/0000950123-11-043582-index.htm", "finalLink": "https://www.sec.gov/Archives/edgar/data/908937/000095012311043582/y90833e10vq.htm"}, {"date": "2010-12-31", "symbol": "SIRI", "fillingDate": "2011-02-16", "acceptedDate": "2011-02-16 13:41:00", "period": "FY", "revenue": 735899000, "costOfRevenue": 13094000, "grossProfit": 722805000, "grossProfitRatio": 0.9822067974001867, "researchAndDevelopmentExpenses": 0.0, "generalAndAdministrativeExpenses": 70035000, "sellingAndMarketingExpenses": 58641000, "otherExpenses": 535653000, "operatingExpenses": 664329000, "costAndExpenses": 677423000, "interestExpense": 0.0, "depreciationAndAmortization": 66746000, "ebitda": 138316000, "ebitdaratio": 0.1879551405831507, "operatingIncome": 71570000, "operatingIncomeRatio": 0.09725519398721835, "totalOtherIncomeExpensesNet": 1562000.0, "incomeBeforeTax": -82884000, "incomeBeforeTaxRatio": -0.11262958639704633, "incomeTaxExpense": 1440000.0, "netIncome": -81444000, "netIncomeRatio": -0.1106727961309908, "eps": 0.0, "epsdiluted": 0.0, "weightedAverageShsOut": 3686312000, "weightedAverageShsOutDil": 6361090000, "link": "https://www.sec.gov/Archives/edgar/data/908937/000095012311014617/0000950123-11-014617-index.htm", "finalLink": "https://www.sec.gov/Archives/edgar/data/908937/000095012311014617/y88211e10vk.htm"}, {"date": "2010-09-30", "symbol": "SIRI", "fillingDate": "2010-11-04", "acceptedDate": "2010-11-04 17:28:48", "period": "Q3", "revenue": 717549000, "costOfRevenue": 6463000.0, "grossProfit": 711086000, "grossProfitRatio": 0.9909929496104098, "researchAndDevelopmentExpenses": 0.0, "generalAndAdministrativeExpenses": 54189000, "sellingAndMarketingExpenses": 51519000, "otherExpenses": 468771000, "operatingExpenses": 574479000, "costAndExpenses": 580942000, "interestExpense": 0.0, "depreciationAndAmortization": 67450000, "ebitda": 210520000, "ebitdaratio": 0.2933876292768856, "operatingIncome": 143070000, "operatingIncomeRatio": 0.1993870801854647, "totalOtherIncomeExpensesNet": 1109000.0, "incomeBeforeTax": 71056000, "incomeBeforeTaxRatio": 0.09902598986271322, "incomeTaxExpense": -3427000.0, "netIncome": 67629000, "netIncomeRatio": 0.09425000940702308, "eps": 0.0, "epsdiluted": 0.0, "weightedAverageShsOut": 3682750000, "weightedAverageShsOutDil": 6357507000, "link": "https://www.sec.gov/Archives/edgar/data/908937/000095012310101055/0000950123-10-101055-index.htm", "finalLink": "https://www.sec.gov/Archives/edgar/data/908937/000095012310101055/y87323e10vq.htm"}, {"date": "2010-06-30", "symbol": "SIRI", "fillingDate": "2010-08-06", "acceptedDate": "2010-08-06 13:31:07", "period": "Q2", "revenue": 699760000, "costOfRevenue": 7805000.0, "grossProfit": 691955000, "grossProfitRatio": 0.9888461758317137, "researchAndDevelopmentExpenses": 0.0, "generalAndAdministrativeExpenses": 59166000, "sellingAndMarketingExpenses": 56177000, "otherExpenses": 458783000, "operatingExpenses": 574126000, "costAndExpenses": 581931000, "interestExpense": 0.0, "depreciationAndAmortization": 69230000, "ebitda": 194864000, "ebitdaratio": 0.2784726191837201, "operatingIncome": 125634000, "operatingIncomeRatio": 0.1795386989825083, "totalOtherIncomeExpensesNet": -601000.0, "incomeBeforeTax": 16738000, "incomeBeforeTaxRatio": 0.02391962958728707, "incomeTaxExpense": -1466000.0, "netIncome": 15272000, "netIncomeRatio": 0.02182462558591517, "eps": 0.0, "epsdiluted": 0.0, "weightedAverageShsOut": 3677897000, "weightedAverageShsOutDil": 6335114000, "link": "https://www.sec.gov/Archives/edgar/data/908937/000095012310074081/0000950123-10-074081-index.htm", "finalLink": "https://www.sec.gov/Archives/edgar/data/908937/000095012310074081/y85800e10vq.htm"}, {"date": "2010-03-31", "symbol": "SIRI", "fillingDate": "2010-05-07", "acceptedDate": "2010-05-07 13:40:21", "period": "Q1", "revenue": 663784000, "costOfRevenue": 7919000.0, "grossProfit": 655865000, "grossProfitRatio": 0.9880699143094742, "researchAndDevelopmentExpenses": 0.0, "generalAndAdministrativeExpenses": 57580000, "sellingAndMarketingExpenses": 49117000, "otherExpenses": 431947000, "operatingExpenses": 538644000, "costAndExpenses": 546563000, "interestExpense": 77868000, "depreciationAndAmortization": 70265000, "ebitda": 195405000, "ebitdaratio": 0.29438040085328965, "operatingIncome": 125140000, "operatingIncomeRatio": 0.1885251828908199, "totalOtherIncomeExpensesNet": 1329000.0, "incomeBeforeTax": 42765000, "incomeBeforeTaxRatio": 0.06442607836284092, "incomeTaxExpense": -1167000.0, "netIncome": 41598000, "netIncomeRatio": 0.0626679763296494, "eps": 0.098184, "epsdiluted": 0.098184, "weightedAverageShsOut": 3677897000, "weightedAverageShsOutDil": 6335114000, "link": "https://www.sec.gov/Archives/edgar/data/908937/000095012310046203/0000950123-10-046203-index.htm", "finalLink": "https://www.sec.gov/Archives/edgar/data/908937/000095012310046203/y84379e10vq.htm"}, {"date": "2009-12-31", "symbol": "SIRI", "fillingDate": "2010-02-25", "acceptedDate": "2010-02-25 17:27:31", "period": "FY", "revenue": 1663992000, "costOfRevenue": 46091000, "grossProfit": 1617901000, "grossProfitRatio": 0.9723009485622527, "researchAndDevelopmentExpenses": 0.0, "generalAndAdministrativeExpenses": 213142000, "sellingAndMarketingExpenses": 231937000, "otherExpenses": 6255662000, "operatingExpenses": 6700741000, "costAndExpenses": 6746832000, "interestExpense": 144833000, "depreciationAndAmortization": 77826000, "ebitda": -4958923000, "ebitdaratio": -2.9801363227707824, "operatingIncome": -5036749000, "operatingIncomeRatio": -3.0269069803220208, "totalOtherIncomeExpensesNet": 0.0, "incomeBeforeTax": -5310812000, "incomeBeforeTaxRatio": -3.191609094274492, "incomeTaxExpense": -2476000.0, "netIncome": -5308336000, "netIncomeRatio": -3.190121106351473, "eps": 0.280852, "epsdiluted": 0.280852, "weightedAverageShsOut": -18900830330, "weightedAverageShsOutDil": -18900830330, "link": "https://www.sec.gov/Archives/edgar/data/908937/000095012310017181/0000950123-10-017181-index.htm", "finalLink": "https://www.sec.gov/Archives/edgar/data/908937/000095012310017181/c96811e10vk.htm"}, {"date": "2009-09-30", "symbol": "SIRI", "fillingDate": "2009-11-05", "acceptedDate": "2009-11-05 17:26:21", "period": "Q3", "revenue": 618656000, "costOfRevenue": 11944000, "grossProfit": 606712000, "grossProfitRatio": 0.9806936326488388, "researchAndDevelopmentExpenses": 0.0, "generalAndAdministrativeExpenses": 56922000, "sellingAndMarketingExpenses": 52531000, "otherExpenses": 442845000, "operatingExpenses": 552298000, "costAndExpenses": 564242000, "interestExpense": 78527000, "depreciationAndAmortization": 72100000, "ebitda": 138458000, "ebitdaratio": 0.22380450525009052, "operatingIncome": 66358000, "operatingIncomeRatio": 0.10726154761288988, "totalOtherIncomeExpensesNet": 1246000.0, "incomeBeforeTax": -148075000, "incomeBeforeTaxRatio": -0.23934949309470854, "incomeTaxExpense": -1115000.0, "netIncome": -149190000, "netIncomeRatio": -0.24115178709977758, "eps": 0.296855, "epsdiluted": 0.296855, "weightedAverageShsOut": 3577587000, "weightedAverageShsOutDil": 3577587000, "link": "https://www.sec.gov/Archives/edgar/data/908937/000095012309058553/0000950123-09-058553-index.htm", "finalLink": "https://www.sec.gov/Archives/edgar/data/908937/000095012309058553/c92013e10vq.htm"}, {"date": "2009-06-30", "symbol": "SIRI", "fillingDate": "2009-08-06", "acceptedDate": "2009-08-06 17:09:26", "period": "Q2", "revenue": 893250000, "costOfRevenue": 123527000, "grossProfit": 769723000, "grossProfitRatio": 0.8617106073327736, "researchAndDevelopmentExpenses": 0.0, "generalAndAdministrativeExpenses": 98469000, "sellingAndMarketingExpenses": 84416000, "otherExpenses": 654010000, "operatingExpenses": 836895000, "costAndExpenses": 713368000, "interestExpense": 145559000, "depreciationAndAmortization": 77157000, "ebitda": 133512000, "ebitdaratio": 0.14946767422334173, "operatingIncome": 56355000, "operatingIncomeRatio": 0.06308984047019311, "totalOtherIncomeExpensesNet": 1134000.0, "incomeBeforeTax": -78491000, "incomeBeforeTaxRatio": -0.08787125664707529, "incomeTaxExpense": -2229000.0, "netIncome": -80720000, "netIncomeRatio": -0.09036663867898125, "eps": 0.196297, "epsdiluted": 0.196297, "weightedAverageShsOut": 3555489000, "weightedAverageShsOutDil": 3555489000, "link": "https://www.sec.gov/Archives/edgar/data/908937/000119312509167355/0001193125-09-167355-index.htm", "finalLink": "https://www.sec.gov/Archives/edgar/data/908937/000119312509167355/d10q.htm"}, {"date": "2009-03-31", "symbol": "SIRI", "fillingDate": "2009-05-11", "acceptedDate": "2009-05-08 19:42:28", "period": "Q1", "revenue": 284558000, "costOfRevenue": 139571000, "grossProfit": 144987000, "grossProfitRatio": 0.5095165133294443, "researchAndDevelopmentExpenses": 0.0, "generalAndAdministrativeExpenses": 27562000, "sellingAndMarketingExpenses": 15700000, "otherExpenses": 219357000, "operatingExpenses": 262619000, "costAndExpenses": 402190000, "interestExpense": 15976000, "depreciationAndAmortization": 82367000, "ebitda": 104306000, "ebitdaratio": 0.3665544458423239, "operatingIncome": 21939000, "operatingIncomeRatio": 0.0770985177011365, "totalOtherIncomeExpensesNet": 125000.0, "incomeBeforeTax": -127047000, "incomeBeforeTaxRatio": -0.44647136963290435, "incomeTaxExpense": 0.0, "netIncome": -127047000, "netIncomeRatio": -0.44647136963290435, "eps": 0.0, "epsdiluted": 0.0, "weightedAverageShsOut": -18918000000, "weightedAverageShsOutDil": -18918000000, "link": "https://www.sec.gov/Archives/edgar/data/908937/000119312509105734/0001193125-09-105734-index.htm", "finalLink": "https://www.sec.gov/Archives/edgar/data/908937/000119312509105734/d10q.htm"}, {"date": "2008-12-31", "symbol": "SIRI", "fillingDate": "2009-03-10", "acceptedDate": "2009-03-10 17:17:29", "period": "FY", "revenue": 622183000, "costOfRevenue": 18084000, "grossProfit": 604099000, "grossProfitRatio": 0.9709345964129524, "researchAndDevelopmentExpenses": 0.0, "generalAndAdministrativeExpenses": 64587000, "sellingAndMarketingExpenses": 80700000, "otherExpenses": 529995000, "operatingExpenses": 675282000, "costAndExpenses": 693366000, "interestExpense": 61197000, "depreciationAndAmortization": 88829000, "ebitda": 35730000, "ebitdaratio": 0.05742683422722897, "operatingIncome": -53099000, "operatingIncomeRatio": -0.08534305823206356, "totalOtherIncomeExpensesNet": -5664000.0, "incomeBeforeTax": -245669000, "incomeBeforeTaxRatio": -0.39485006822751506, "incomeTaxExpense": -175000.0, "netIncome": -245844000, "netIncomeRatio": -0.39513133595742733, "eps": 0.280852, "epsdiluted": 0.280852, "weightedAverageShsOut": -18918000000, "weightedAverageShsOutDil": -18918000000, "link": "https://www.sec.gov/Archives/edgar/data/908937/000119312509049874/0001193125-09-049874-index.htm", "finalLink": "https://www.sec.gov/Archives/edgar/data/908937/000119312509049874/d10k.htm"}, {"date": "2008-09-30", "symbol": "SIRI", "fillingDate": "2008-11-12", "acceptedDate": "2008-11-12 06:42:30", "period": "Q3", "revenue": 488442000, "costOfRevenue": 13773000, "grossProfit": 474669000, "grossProfitRatio": 0.9718021791737811, "researchAndDevelopmentExpenses": 0.0, "generalAndAdministrativeExpenses": 57309000, "sellingAndMarketingExpenses": 63639000, "otherExpenses": 5194471000, "operatingExpenses": 5315419000, "costAndExpenses": 5329192000, "interestExpense": 49215000, "depreciationAndAmortization": 60904000, "ebitda": -4766073000, "ebitdaratio": -9.75770511135406, "operatingIncome": -4826977000, "operatingIncomeRatio": -9.882395453298447, "totalOtherIncomeExpensesNet": -3871000.0, "incomeBeforeTax": -4878212000, "incomeBeforeTaxRatio": -9.987290200269427, "incomeTaxExpense": -1215000.0, "netIncome": -4879427000, "netIncomeRatio": -9.989777701344273, "eps": 0.177635, "epsdiluted": 0.177635, "weightedAverageShsOut": -28527000000, "weightedAverageShsOutDil": -28527000000, "link": "https://www.sec.gov/Archives/edgar/data/908937/000119312508232887/0001193125-08-232887-index.htm", "finalLink": "https://www.sec.gov/Archives/edgar/data/908937/000119312508232887/d10q.htm"}, {"date": "2008-06-30", "symbol": "SIRI", "fillingDate": "2008-08-11", "acceptedDate": "2008-08-11 16:34:53", "period": "Q2", "revenue": 283017000, "costOfRevenue": 6646000.0, "grossProfit": 276371000, "grossProfitRatio": 0.9765173116809237, "researchAndDevelopmentExpenses": 0.0, "generalAndAdministrativeExpenses": 42468000, "sellingAndMarketingExpenses": 49131000, "otherExpenses": 259466000, "operatingExpenses": 351065000, "costAndExpenses": 357711000, "interestExpense": 16746000, "depreciationAndAmortization": 27113000, "ebitda": -40935000, "ebitdaratio": -0.14463795461050044, "operatingIncome": -68048000, "operatingIncomeRatio": -0.24043785355650013, "totalOtherIncomeExpensesNet": 13000.0, "incomeBeforeTax": -83356000, "incomeBeforeTaxRatio": -0.2945264772080829, "incomeTaxExpense": -543000.0, "netIncome": -83899000, "netIncomeRatio": -0.2964450898709265, "eps": 0.092043, "epsdiluted": 0.092043, "weightedAverageShsOut": 1487610000, "weightedAverageShsOutDil": 1487610000, "link": "https://www.sec.gov/Archives/edgar/data/908937/000095012308009301/0000950123-08-009301-index.htm", "finalLink": "https://www.sec.gov/Archives/edgar/data/908937/000095012308009301/y65279e10vq.htm"}, {"date": "2008-03-31", "symbol": "SIRI", "fillingDate": "2008-05-12", "acceptedDate": "2008-05-12 16:22:13", "period": "Q1", "revenue": 270350000, "costOfRevenue": 7588000.0, "grossProfit": 262762000, "grossProfitRatio": 0.9719326798594414, "researchAndDevelopmentExpenses": 0.0, "generalAndAdministrativeExpenses": 48778000, "sellingAndMarketingExpenses": 38467000, "otherExpenses": 271730000, "operatingExpenses": 358975000, "costAndExpenses": 366563000, "interestExpense": 17675000, "depreciationAndAmortization": 26906000, "ebitda": -61719000, "ebitdaratio": -0.22829295357869428, "operatingIncome": -88625000, "operatingIncomeRatio": -0.3278157943406695, "totalOtherIncomeExpensesNet": -77000.0, "incomeBeforeTax": -103575000, "incomeBeforeTaxRatio": -0.3831144812280377, "incomeTaxExpense": -543000.0, "netIncome": -104118000, "netIncomeRatio": -0.3851229887183281, "eps": 0.04232, "epsdiluted": 0.04232, "weightedAverageShsOut": 1475496000, "weightedAverageShsOutDil": 1475496000, "link": "https://www.sec.gov/Archives/edgar/data/908937/000095012308005516/0000950123-08-005516-index.htm", "finalLink": "https://www.sec.gov/Archives/edgar/data/908937/000095012308005516/y57884e10vq.htm"}, {"date": "2007-12-31", "symbol": "SIRI", "fillingDate": "2008-02-29", "acceptedDate": "2008-02-29 13:59:44", "period": "FY", "revenue": 249816000, "costOfRevenue": 19070000, "grossProfit": 230746000, "grossProfitRatio": 0.9236638165689948, "researchAndDevelopmentExpenses": 0.0, "generalAndAdministrativeExpenses": 37212000, "sellingAndMarketingExpenses": 53682000, "otherExpenses": 308676000, "operatingExpenses": 399570000, "costAndExpenses": 418640000, "interestExpense": 19887000, "depreciationAndAmortization": 27638000, "ebitda": -122116000, "ebitdaratio": -0.48882377429788326, "operatingIncome": -149754000, "operatingIncomeRatio": -0.5994572004995676, "totalOtherIncomeExpensesNet": 17000.0, "incomeBeforeTax": -165453000, "incomeBeforeTaxRatio": -0.6622994523969642, "incomeTaxExpense": -770000.0, "netIncome": -166223000, "netIncomeRatio": -0.6653817209466167, "eps": 0.146715, "epsdiluted": 0.146715, "weightedAverageShsOut": 1462967000, "weightedAverageShsOutDil": 1462967000, "link": "https://www.sec.gov/Archives/edgar/data/908937/000095012308002331/0000950123-08-002331-index.htm", "finalLink": "https://www.sec.gov/Archives/edgar/data/908937/000095012308002331/y50289e10vk.htm"}, {"date": "2007-09-30", "symbol": "SIRI", "fillingDate": "2007-11-01", "acceptedDate": "2007-11-01 17:42:12", "period": "Q3", "revenue": 241786000, "costOfRevenue": 8460000.0, "grossProfit": 233326000, "grossProfitRatio": 0.9650103810807904, "researchAndDevelopmentExpenses": 0.0, "generalAndAdministrativeExpenses": 44837000, "sellingAndMarketingExpenses": 36114000, "otherExpenses": 266526000, "operatingExpenses": 347477000, "costAndExpenses": 355937000, "interestExpense": 19499000, "depreciationAndAmortization": 26072000, "ebitda": -79619000, "ebitdaratio": -0.3292953272728777, "operatingIncome": -105691000, "operatingIncomeRatio": -0.43712621905321236, "totalOtherIncomeExpensesNet": 4000.0, "incomeBeforeTax": -119582000, "incomeBeforeTaxRatio": -0.4945778498341509, "incomeTaxExpense": -555000.0, "netIncome": -120137000, "netIncomeRatio": -0.4968732680965813, "eps": 0.089953, "epsdiluted": 0.089953, "weightedAverageShsOut": 1461200000, "weightedAverageShsOutDil": 1461200000, "link": "https://www.sec.gov/Archives/edgar/data/908937/000093041307008339/0000930413-07-008339-index.htm", "finalLink": "https://www.sec.gov/Archives/edgar/data/908937/000093041307008339/c50965_10-q.htm"}, {"date": "2007-06-30", "symbol": "SIRI", "fillingDate": "2007-08-09", "acceptedDate": "2007-08-09 17:29:44", "period": "Q2", "revenue": 226427000, "costOfRevenue": 8636000.0, "grossProfit": 217791000, "grossProfitRatio": 0.9618596722122362, "researchAndDevelopmentExpenses": 0.0, "generalAndAdministrativeExpenses": 38471000, "sellingAndMarketingExpenses": 45614000, "otherExpenses": 264942000, "operatingExpenses": 349027000, "costAndExpenses": 357663000, "interestExpense": 15750000, "depreciationAndAmortization": 26284000, "ebitda": -96316000, "ebitdaratio": -0.4253732991206879, "operatingIncome": -122600000, "operatingIncomeRatio": -0.5414548618318487, "totalOtherIncomeExpensesNet": 5000.0, "incomeBeforeTax": -133592000, "incomeBeforeTaxRatio": -0.5900003091504105, "incomeTaxExpense": -555000.0, "netIncome": -134147000, "netIncomeRatio": -0.5924514302622921, "eps": 0.056975, "epsdiluted": 0.056975, "weightedAverageShsOut": 1459701000, "weightedAverageShsOutDil": 1459701000, "link": "https://www.sec.gov/Archives/edgar/data/908937/000093041307006583/0000930413-07-006583-index.htm", "finalLink": "https://www.sec.gov/Archives/edgar/data/908937/000093041307006583/c49787_10-q.htm"}, {"date": "2007-03-31", "symbol": "SIRI", "fillingDate": "2007-05-10", "acceptedDate": "2007-05-10 11:34:45", "period": "Q1", "revenue": 204037000, "costOfRevenue": 9292000.0, "grossProfit": 194745000, "grossProfitRatio": 0.9544592402358396, "researchAndDevelopmentExpenses": 0.0, "generalAndAdministrativeExpenses": 35343000, "sellingAndMarketingExpenses": 38162000, "otherExpenses": 265577000, "operatingExpenses": 339082000, "costAndExpenses": 348374000, "interestExpense": 15192000, "depreciationAndAmortization": 26786000, "ebitda": -108259000, "ebitdaratio": -0.5305851389698927, "operatingIncome": -135045000, "operatingIncomeRatio": -0.6618652499301597, "totalOtherIncomeExpensesNet": 5000.0, "incomeBeforeTax": -144190000, "incomeBeforeTaxRatio": -0.7066855521302509, "incomeTaxExpense": -555000.0, "netIncome": -144745000, "netIncomeRatio": -0.7094056470150022, "eps": 0.027134, "epsdiluted": 0.027134, "weightedAverageShsOut": 1457011000, "weightedAverageShsOutDil": 1457011000, "link": "https://www.sec.gov/Archives/edgar/data/908937/000093041307004301/0000930413-07-004301-index.htm", "finalLink": "https://www.sec.gov/Archives/edgar/data/908937/000093041307004301/c48413_10-q.htm"}, {"date": "2006-12-31", "symbol": "SIRI", "fillingDate": "2007-03-01", "acceptedDate": "2007-03-01 15:30:31", "period": "FY", "revenue": 193380000, "costOfRevenue": 22105000, "grossProfit": 171275000, "grossProfitRatio": 0.8856913848381425, "researchAndDevelopmentExpenses": 0.0, "generalAndAdministrativeExpenses": 34205000, "sellingAndMarketingExpenses": 89778000, "otherExpenses": 306326000, "operatingExpenses": 430309000, "costAndExpenses": 452414000, "interestExpense": 15327000, "depreciationAndAmortization": 27495000, "ebitda": -209434000, "ebitdaratio": -1.0830178922329092, "operatingIncome": -236929000, "operatingIncomeRatio": -1.2251990898748577, "totalOtherIncomeExpensesNet": 55000.0, "incomeBeforeTax": -245441000, "incomeBeforeTaxRatio": -1.2692160512979627, "incomeTaxExpense": -156000.0, "netIncome": -245597000, "netIncomeRatio": -1.2700227531285553, "eps": -0.79, "epsdiluted": -0.79, "weightedAverageShsOut": 1402619000, "weightedAverageShsOutDil": 1402619000, "link": "https://www.sec.gov/Archives/edgar/data/908937/000093041307001865/0000930413-07-001865-index.htm", "finalLink": "https://www.sec.gov/Archives/edgar/data/908937/000093041307001865/c47044_10k.htm"}, {"date": "2006-09-30", "symbol": "SIRI", "fillingDate": "2006-11-08", "acceptedDate": "2006-11-08 13:08:23", "period": "Q3", "revenue": 167113000, "costOfRevenue": 6196000.0, "grossProfit": 160917000, "grossProfitRatio": 0.9629232914255623, "researchAndDevelopmentExpenses": 0.0, "generalAndAdministrativeExpenses": 35053000, "sellingAndMarketingExpenses": 49083000, "otherExpenses": 237131000, "operatingExpenses": 321267000, "costAndExpenses": 327463000, "interestExpense": 15921000, "depreciationAndAmortization": 27583000, "ebitda": -126571000, "ebitdaratio": -0.7573976889888877, "operatingIncome": -154154000, "operatingIncomeRatio": -0.9224536690742192, "totalOtherIncomeExpensesNet": 5000.0, "incomeBeforeTax": -162320000, "incomeBeforeTaxRatio": -0.9713188082315559, "incomeTaxExpense": -578000.0, "netIncome": -162898000, "netIncomeRatio": -0.9747775457325283, "eps": -0.61, "epsdiluted": -0.61, "weightedAverageShsOut": 1398829000, "weightedAverageShsOutDil": 1398829000, "link": "https://www.sec.gov/Archives/edgar/data/908937/000095011706004577/0000950117-06-004577-index.htm", "finalLink": "https://www.sec.gov/Archives/edgar/data/908937/000095011706004577/a45105.htm"}, {"date": "2006-06-30", "symbol": "SIRI", "fillingDate": "2006-08-09", "acceptedDate": "2006-08-09 17:29:43", "period": "Q2", "revenue": 150078000, "costOfRevenue": 3467000.0, "grossProfit": 146611000, "grossProfitRatio": 0.9768986793534029, "researchAndDevelopmentExpenses": 0.0, "generalAndAdministrativeExpenses": 34558000, "sellingAndMarketingExpenses": 61676000, "otherExpenses": 284316000, "operatingExpenses": 380550000, "costAndExpenses": 384017000, "interestExpense": 15660000, "depreciationAndAmortization": 25738000, "ebitda": -204734000, "ebitdaratio": -1.364183957675342, "operatingIncome": -230472000, "operatingIncomeRatio": -1.5356814456482628, "totalOtherIncomeExpensesNet": 9000.0, "incomeBeforeTax": -237250000, "incomeBeforeTaxRatio": -1.5808446274603873, "incomeTaxExpense": -578000.0, "netIncome": -237828000, "netIncomeRatio": -1.584695958101787, "eps": -0.5, "epsdiluted": -0.5, "weightedAverageShsOut": 1395549000, "weightedAverageShsOutDil": 1395549000, "link": "https://www.sec.gov/Archives/edgar/data/908937/000095011706003434/0000950117-06-003434-index.htm", "finalLink": "https://www.sec.gov/Archives/edgar/data/908937/000095011706003434/a42520.htm"}, {"date": "2006-03-31", "symbol": "SIRI", "fillingDate": "2006-05-09", "acceptedDate": "2006-05-09 15:55:25", "period": "Q1", "revenue": 126664000, "costOfRevenue": 3465000.0, "grossProfit": 123199000, "grossProfitRatio": 0.9726441609297037, "researchAndDevelopmentExpenses": 0.0, "generalAndAdministrativeExpenses": 33650000, "sellingAndMarketingExpenses": 41498000, "otherExpenses": 497685000, "operatingExpenses": 572833000, "costAndExpenses": 576298000, "interestExpense": 17124000, "depreciationAndAmortization": 24933000, "ebitda": -421236000, "ebitdaratio": -3.325617381418556, "operatingIncome": -446169000, "operatingIncomeRatio": -3.52246099917893, "totalOtherIncomeExpensesNet": 10000.0, "incomeBeforeTax": -457791000, "incomeBeforeTaxRatio": -3.6142155624328933, "incomeTaxExpense": -753000.0, "netIncome": -458544000, "netIncomeRatio": -3.620160424429988, "eps": -0.33, "epsdiluted": -0.33, "weightedAverageShsOut": 1386982000, "weightedAverageShsOutDil": 1386982000, "link": "https://www.sec.gov/Archives/edgar/data/908937/000095011706002131/0000950117-06-002131-index.htm", "finalLink": "https://www.sec.gov/Archives/edgar/data/908937/000095011706002131/a41982.htm"}, {"date": "2005-12-31", "symbol": "SIRI", "fillingDate": "2006-03-13", "acceptedDate": "2006-03-13 13:52:51", "period": "FY", "revenue": 80004000, "costOfRevenue": 7446000.0, "grossProfit": 72558000, "grossProfitRatio": 0.9069296535173241, "researchAndDevelopmentExpenses": 0.0, "generalAndAdministrativeExpenses": 16913000, "sellingAndMarketingExpenses": 63049000, "otherExpenses": 297422000, "operatingExpenses": 377384000, "costAndExpenses": 384830000, "interestExpense": 17142000, "depreciationAndAmortization": 24915000, "ebitda": -272465000, "ebitdaratio": -3.4056422178891057, "operatingIncome": -297380000, "operatingIncomeRatio": -3.7170641467926604, "totalOtherIncomeExpensesNet": 7000.0, "incomeBeforeTax": -310758000, "incomeBeforeTaxRatio": -3.884280785960702, "incomeTaxExpense": -631000.0, "netIncome": -311389000, "netIncomeRatio": -3.89216789160542, "eps": -0.65, "epsdiluted": -0.65, "weightedAverageShsOut": 1325739000, "weightedAverageShsOutDil": 1325739000, "link": "https://www.sec.gov/Archives/edgar/data/908937/000095011706001134/0000950117-06-001134-index.htm", "finalLink": "https://www.sec.gov/Archives/edgar/data/908937/000095011706001134/a41520.htm"}, {"date": "2005-09-30", "symbol": "SIRI", "fillingDate": "2005-11-08", "acceptedDate": "2005-11-08 17:15:29", "period": "Q3", "revenue": 66831000, "costOfRevenue": 1453000.0, "grossProfit": 65378000, "grossProfitRatio": 0.9782585925693167, "researchAndDevelopmentExpenses": 0.0, "generalAndAdministrativeExpenses": 13966000, "sellingAndMarketingExpenses": 38769000, "otherExpenses": 181015000, "operatingExpenses": 233750000, "costAndExpenses": 235203000, "interestExpense": 13693000, "depreciationAndAmortization": 24559000, "ebitda": -142360000, "ebitdaratio": -2.130149182265715, "operatingIncome": -166919000, "operatingIncomeRatio": -2.4976283461267976, "totalOtherIncomeExpensesNet": 30000.0, "incomeBeforeTax": -179890000, "incomeBeforeTaxRatio": -2.6917149227155064, "incomeTaxExpense": -560000.0, "netIncome": -180450000, "netIncomeRatio": -2.7000942676302913, "eps": -0.42, "epsdiluted": -0.42, "weightedAverageShsOut": 1322399000, "weightedAverageShsOutDil": 1322399000, "link": "https://www.sec.gov/Archives/edgar/data/908937/000095011705004214/0000950117-05-004214-index.htm", "finalLink": "https://www.sec.gov/Archives/edgar/data/908937/000095011705004214/a40774.htm"}, {"date": "2005-06-30", "symbol": "SIRI", "fillingDate": "2005-08-03", "acceptedDate": "2005-08-03 16:02:51", "period": "Q2", "revenue": 52194000, "costOfRevenue": 1952000.0, "grossProfit": 50242000, "grossProfitRatio": 0.9626010652565429, "researchAndDevelopmentExpenses": 0.0, "generalAndAdministrativeExpenses": 14120000, "sellingAndMarketingExpenses": 32042000, "otherExpenses": 180614000, "operatingExpenses": 226776000, "costAndExpenses": 228728000, "interestExpense": 7201000.0, "depreciationAndAmortization": 24580000, "ebitda": -150002000, "ebitdaratio": -2.873931869563551, "operatingIncome": -174582000, "operatingIncomeRatio": -3.3448672261179446, "totalOtherIncomeExpensesNet": 7000.0, "incomeBeforeTax": -176986000, "incomeBeforeTaxRatio": -3.39092616009503, "incomeTaxExpense": -560000.0, "netIncome": -177546000, "netIncomeRatio": -3.401655362685366, "eps": -0.28, "epsdiluted": -0.28, "weightedAverageShsOut": 1319318000, "weightedAverageShsOutDil": 1319318000, "link": "https://www.sec.gov/Archives/edgar/data/908937/000095011705003073/0000950117-05-003073-index.htm", "finalLink": "https://www.sec.gov/Archives/edgar/data/908937/000095011705003073/a40285.htm"}, {"date": "2005-03-31", "symbol": "SIRI", "fillingDate": "2005-05-09", "acceptedDate": "2005-05-09 17:28:47", "period": "Q1", "revenue": 43216000, "costOfRevenue": 976000.0, "grossProfit": 42240000, "grossProfitRatio": 0.9774157719363199, "researchAndDevelopmentExpenses": 0.0, "generalAndAdministrativeExpenses": 14832000, "sellingAndMarketingExpenses": 36732000, "otherExpenses": 181911000, "operatingExpenses": 233475000, "costAndExpenses": 234451000, "interestExpense": 7325000.0, "depreciationAndAmortization": 24501000, "ebitda": -165758000, "ebitdaratio": -3.835570159200296, "operatingIncome": -190259000, "operatingIncomeRatio": -4.402512958163643, "totalOtherIncomeExpensesNet": 45000.0, "incomeBeforeTax": -193052000, "incomeBeforeTaxRatio": -4.4671417993335805, "incomeTaxExpense": -560000.0, "netIncome": -193612000, "netIncomeRatio": -4.480099962976675, "eps": -0.15, "epsdiluted": -0.15, "weightedAverageShsOut": 1314312000, "weightedAverageShsOutDil": 1314312000, "link": "https://www.sec.gov/Archives/edgar/data/908937/000095011705001824/0000950117-05-001824-index.htm", "finalLink": "https://www.sec.gov/Archives/edgar/data/908937/000095011705001824/a39766.htm"}, {"date": "2004-12-31", "symbol": "SIRI", "fillingDate": "2005-03-16", "acceptedDate": "2005-03-16 17:31:26", "period": "FY", "revenue": 25217000, "costOfRevenue": 1852000.0, "grossProfit": 23365000, "grossProfitRatio": 0.9265574810643613, "researchAndDevelopmentExpenses": -22090000, "generalAndAdministrativeExpenses": 13019000, "sellingAndMarketingExpenses": 50651000, "otherExpenses": 242211000, "operatingExpenses": 283791000, "costAndExpenses": 285643000, "interestExpense": 7151000.0, "depreciationAndAmortization": 24288000, "ebitda": -234286000, "ebitdaratio": -9.290795891660387, "operatingIncome": -258574000, "operatingIncomeRatio": -10.253955664829283, "totalOtherIncomeExpensesNet": -31068000, "incomeBeforeTax": -261313000, "incomeBeforeTaxRatio": -10.362572867510012, "incomeTaxExpense": -560000.0, "netIncome": -261873000, "netIncomeRatio": -10.384780108656859, "eps": -0.57, "epsdiluted": -0.57, "weightedAverageShsOut": 1238585000, "weightedAverageShsOutDil": 1238585000, "link": "https://www.sec.gov/Archives/edgar/data/908937/000095011705000996/0000950117-05-000996-index.htm", "finalLink": "https://www.sec.gov/Archives/edgar/data/908937/000095011705000996/a39374.htm"}, {"date": "2004-09-30", "symbol": "SIRI", "fillingDate": "2004-11-09", "acceptedDate": "2004-11-09 17:09:35", "period": "Q3", "revenue": 19116000, "costOfRevenue": 1146000.0, "grossProfit": 17970000, "grossProfitRatio": 0.9400502197112367, "researchAndDevelopmentExpenses": 10316000, "generalAndAdministrativeExpenses": 11720000, "sellingAndMarketingExpenses": 26937000, "otherExpenses": 137380000, "operatingExpenses": 186353000, "costAndExpenses": 187499000, "interestExpense": 5267000.0, "depreciationAndAmortization": 23811000, "ebitda": -143426000, "ebitdaratio": -7.502929483155472, "operatingIncome": -167237000, "operatingIncomeRatio": -8.748535258422264, "totalOtherIncomeExpensesNet": 1340000.0, "incomeBeforeTax": -168873000, "incomeBeforeTaxRatio": -8.834118016321407, "incomeTaxExpense": -560000.0, "netIncome": -175595000, "netIncomeRatio": -9.185760619376438, "eps": -0.37, "epsdiluted": -0.37, "weightedAverageShsOut": 1230149000, "weightedAverageShsOutDil": 1230149000, "link": "https://www.sec.gov/Archives/edgar/data/908937/000095011704003866/0000950117-04-003866-index.htm", "finalLink": "https://www.sec.gov/Archives/edgar/data/908937/000095011704003866/a38672.htm"}, {"date": "2004-06-30", "symbol": "SIRI", "fillingDate": "2004-08-09", "acceptedDate": "2004-08-09 16:59:35", "period": "Q2", "revenue": 13230000, "costOfRevenue": 405000.0, "grossProfit": 12825000, "grossProfitRatio": 0.9693877551020408, "researchAndDevelopmentExpenses": 6655000.0, "generalAndAdministrativeExpenses": 11420000, "sellingAndMarketingExpenses": 41358000, "otherExpenses": 86782000, "operatingExpenses": 146215000, "costAndExpenses": 146620000, "interestExpense": 5269000.0, "depreciationAndAmortization": 23583000, "ebitda": -109402000, "ebitdaratio": -8.269236583522298, "operatingIncome": -132985000, "operatingIncomeRatio": -10.05177626606198, "totalOtherIncomeExpensesNet": 22101000, "incomeBeforeTax": -136237000, "incomeBeforeTaxRatio": -10.297581254724111, "incomeTaxExpense": -560000.0, "netIncome": -135677000, "netIncomeRatio": -10.25525321239607, "eps": -0.23, "epsdiluted": -0.23, "weightedAverageShsOut": 1226764000, "weightedAverageShsOutDil": 1226764000, "link": "https://www.sec.gov/Archives/edgar/data/908937/000095011704002886/0000950117-04-002886-index.htm", "finalLink": "https://www.sec.gov/Archives/edgar/data/908937/000095011704002886/a38159.htm"}]