[{"date": "2020-03-31", "symbol": "GOOG", "fillingDate": "2020-04-29", "acceptedDate": "2020-04-28 18:52:33", "period": "Q1", "revenue": 41159000000, "costOfRevenue": 18982000000, "grossProfit": 22177000000, "grossProfitRatio": 0.538812896328871, "researchAndDevelopmentExpenses": 6820000000, "generalAndAdministrativeExpenses": 2880000000, "sellingAndMarketingExpenses": 4500000000, "otherExpenses": -220000000, "operatingExpenses": 14200000000, "costAndExpenses": 33182000000, "interestExpense": 21000000, "depreciationAndAmortization": 3108000000, "ebitda": 11085000000, "ebitdaratio": 0.269321412085, "operatingIncome": 7977000000, "operatingIncomeRatio": 0.193809373406, "totalOtherIncomeExpensesNet": -220000000, "incomeBeforeTax": 7757000000, "incomeBeforeTaxRatio": 0.188464248403, "incomeTaxExpense": 921000000, "netIncome": 6836000000, "netIncomeRatio": 0.166087611458, "eps": 9.96, "epsdiluted": 9.87, "weightedAverageShsOut": 300249000, "weightedAverageShsOutDil": 346853000, "link": "https://www.sec.gov/Archives/edgar/data/1652044/000165204420000021/0001652044-20-000021-index.htm", "finalLink": "https://www.sec.gov/Archives/edgar/data/1652044/000165204420000021/goog-20200331.htm"}, {"date": "2019-12-31", "symbol": "GOOG", "fillingDate": "2020-02-04", "acceptedDate": "2020-02-03 21:03:59", "period": "FY", "revenue": 46075000000, "costOfRevenue": 21020000000, "grossProfit": 25055000000, "grossProfitRatio": 0.543787303309821, "researchAndDevelopmentExpenses": 7222000000, "generalAndAdministrativeExpenses": 2829000000, "sellingAndMarketingExpenses": 5738000000, "otherExpenses": 1438000000, "operatingExpenses": 15789000000, "costAndExpenses": 36809000000, "interestExpense": 17000000, "depreciationAndAmortization": 3413000000, "ebitda": 12679000000, "ebitdaratio": 0.275181768855, "operatingIncome": 9266000000, "operatingIncomeRatio": 0.201106890939, "totalOtherIncomeExpensesNet": 1438000000, "incomeBeforeTax": 10704000000, "incomeBeforeTaxRatio": 0.232316874661, "incomeTaxExpense": 33000000, "netIncome": 10671000000, "netIncomeRatio": 0.231600651112, "eps": 15.47, "epsdiluted": 15.33, "weightedAverageShsOut": 346667000, "weightedAverageShsOutDil": 352214000, "link": "https://www.sec.gov/Archives/edgar/data/1652044/000165204420000008/0001652044-20-000008-index.htm", "finalLink": "https://www.sec.gov/Archives/edgar/data/1652044/000165204420000008/goog10-k2019.htm"}, {"date": "2019-09-30", "symbol": "GOOG", "fillingDate": "2019-10-29", "acceptedDate": "2019-10-28 19:02:44", "period": "Q3", "revenue": 40499000000, "costOfRevenue": 17568000000, "grossProfit": 22931000000, "grossProfitRatio": 0.5662115113953431, "researchAndDevelopmentExpenses": 6554000000, "generalAndAdministrativeExpenses": 2591000000, "sellingAndMarketingExpenses": 4609000000, "otherExpenses": -549000000, "operatingExpenses": 13754000000, "costAndExpenses": 31322000000, "interestExpense": 23000000, "depreciationAndAmortization": 2920000000, "ebitda": 12097000000, "ebitdaratio": 0.298698733302, "operatingIncome": 9177000000, "operatingIncomeRatio": 0.22659818761, "totalOtherIncomeExpensesNet": -549000000, "incomeBeforeTax": 8628000000, "incomeBeforeTaxRatio": 0.213042297341, "incomeTaxExpense": 1560000000, "netIncome": 7068000000, "netIncomeRatio": 0.174522827724, "eps": 10.21, "epsdiluted": 10.12, "weightedAverageShsOut": 347818000, "weightedAverageShsOutDil": 353187000, "link": "https://www.sec.gov/Archives/edgar/data/1652044/000165204419000032/0001652044-19-000032-index.htm", "finalLink": "https://www.sec.gov/Archives/edgar/data/1652044/000165204419000032/goog10-qq32019.htm"}, {"date": "2019-06-30", "symbol": "GOOG", "fillingDate": "2019-07-26", "acceptedDate": "2019-07-25 18:11:13", "period": "Q2", "revenue": 38944000000, "costOfRevenue": 17296000000, "grossProfit": 21648000000, "grossProfitRatio": 0.5558751027115859, "researchAndDevelopmentExpenses": 6213000000, "generalAndAdministrativeExpenses": 2043000000, "sellingAndMarketingExpenses": 4212000000, "otherExpenses": 2967000000, "operatingExpenses": 12468000000, "costAndExpenses": 29764000000, "interestExpense": 25000000, "depreciationAndAmortization": 2835000000, "ebitda": 12015000000, "ebitdaratio": 0.308519926048, "operatingIncome": 9180000000, "operatingIncomeRatio": 0.235723089565, "totalOtherIncomeExpensesNet": 2967000000, "incomeBeforeTax": 12147000000, "incomeBeforeTaxRatio": 0.311909408381, "incomeTaxExpense": 2200000000, "netIncome": 9947000000, "netIncomeRatio": 0.255418036154, "eps": 14.33, "epsdiluted": 14.21, "weightedAverageShsOut": 348832000, "weightedAverageShsOutDil": 354348000, "link": "https://www.sec.gov/Archives/edgar/data/1652044/000165204419000023/0001652044-19-000023-index.htm", "finalLink": "https://www.sec.gov/Archives/edgar/data/1652044/000165204419000023/goog10-qq22019.htm"}, {"date": "2019-03-31", "symbol": "GOOG", "fillingDate": "2019-04-30", "acceptedDate": "2019-04-29 19:32:43", "period": "Q1", "revenue": 36339000000, "costOfRevenue": 16012000000, "grossProfit": 20327000000, "grossProfitRatio": 0.5593714741737528, "researchAndDevelopmentExpenses": 6029000000, "generalAndAdministrativeExpenses": 2088000000, "sellingAndMarketingExpenses": 3905000000, "otherExpenses": 1538000000, "operatingExpenses": 12022000000, "costAndExpenses": 29731000000, "interestExpense": 35000000, "depreciationAndAmortization": 2613000000, "ebitda": 9221000000, "ebitdaratio": 0.253749415229, "operatingIncome": 6608000000, "operatingIncomeRatio": 0.181843198767, "totalOtherIncomeExpensesNet": 1538000000, "incomeBeforeTax": 8146000000, "incomeBeforeTaxRatio": 0.224166873056, "incomeTaxExpense": 1489000000, "netIncome": 6657000000, "netIncomeRatio": 0.183191612317, "eps": 9.58, "epsdiluted": 9.5, "weightedAverageShsOut": 348832000, "weightedAverageShsOutDil": 354348000, "link": "https://www.sec.gov/Archives/edgar/data/1652044/000165204419000015/0001652044-19-000015-index.htm", "finalLink": "https://www.sec.gov/Archives/edgar/data/1652044/000165204419000015/goog10-qq12019.htm"}, {"date": "2018-12-31", "symbol": "GOOG", "fillingDate": "2019-02-05", "acceptedDate": "2019-02-04 21:06:38", "period": "FY", "revenue": 39276000000, "costOfRevenue": 17918000000, "grossProfit": 21358000000, "grossProfitRatio": 0.5437926469090538, "researchAndDevelopmentExpenses": 6034000000, "generalAndAdministrativeExpenses": 2021000000, "sellingAndMarketingExpenses": 5100000000, "otherExpenses": 1869000000, "operatingExpenses": 13155000000, "costAndExpenses": 31073000000, "interestExpense": 29000000, "depreciationAndAmortization": 2580000000, "ebitda": 10783000000, "ebitdaratio": 0.274544250942, "operatingIncome": 8203000000, "operatingIncomeRatio": 0.208855280578, "totalOtherIncomeExpensesNet": 1869000000, "incomeBeforeTax": 10072000000, "incomeBeforeTaxRatio": 0.25644159283, "incomeTaxExpense": 1124000000, "netIncome": 8948000000, "netIncomeRatio": 0.227823607292, "eps": 12.88, "epsdiluted": 12.75, "weightedAverageShsOut": 349728000, "weightedAverageShsOutDil": 357184000, "link": "https://www.sec.gov/Archives/edgar/data/1652044/000165204419000004/0001652044-19-000004-index.htm", "finalLink": "https://www.sec.gov/Archives/edgar/data/1652044/000165204419000004/goog10-kq42018.htm"}, {"date": "2018-09-30", "symbol": "GOOG", "fillingDate": "2018-10-26", "acceptedDate": "2018-10-25 17:41:36", "period": "Q3", "revenue": 33740000000, "costOfRevenue": 14281000000, "grossProfit": 19459000000, "grossProfitRatio": 0.5767338470657972, "researchAndDevelopmentExpenses": 5232000000, "generalAndAdministrativeExpenses": 2068000000, "sellingAndMarketingExpenses": 3849000000, "otherExpenses": 1773000000, "operatingExpenses": 11149000000, "costAndExpenses": 25430000000, "interestExpense": 28000000, "depreciationAndAmortization": 2355000000, "ebitda": 10665000000, "ebitdaratio": 0.31609365738, "operatingIncome": 8310000000, "operatingIncomeRatio": 0.246295198577, "totalOtherIncomeExpensesNet": 1773000000, "incomeBeforeTax": 10083000000, "incomeBeforeTaxRatio": 0.298844101956, "incomeTaxExpense": 891000000, "netIncome": 9192000000, "netIncomeRatio": 0.272436277416, "eps": 13.21, "epsdiluted": 13.06, "weightedAverageShsOut": 349741000, "weightedAverageShsOutDil": 357976000, "link": "https://www.sec.gov/Archives/edgar/data/1652044/000165204418000035/0001652044-18-000035-index.htm", "finalLink": "https://www.sec.gov/Archives/edgar/data/1652044/000165204418000035/goog10-qq32018.htm"}, {"date": "2018-06-30", "symbol": "GOOG", "fillingDate": "2018-07-24", "acceptedDate": "2018-07-23 21:02:56", "period": "Q2", "revenue": 32657000000, "costOfRevenue": 13883000000, "grossProfit": 18774000000, "grossProfitRatio": 0.5748844045686989, "researchAndDevelopmentExpenses": 5114000000, "generalAndAdministrativeExpenses": 2002000000, "sellingAndMarketingExpenses": 3780000000, "otherExpenses": 1408000000, "operatingExpenses": 10896000000, "costAndExpenses": 29850000000, "interestExpense": 27000000, "depreciationAndAmortization": 2114000000, "ebitda": 4921000000, "ebitdaratio": 0.150687448327, "operatingIncome": 2807000000, "operatingIncomeRatio": 0.0859540067979, "totalOtherIncomeExpensesNet": 1408000000, "incomeBeforeTax": 4215000000, "incomeBeforeTaxRatio": 0.129068806075, "incomeTaxExpense": 1020000000, "netIncome": 3195000000, "netIncomeRatio": 0.0978350736442, "eps": 4.6, "epsdiluted": 4.56, "weightedAverageShsOut": 349618000, "weightedAverageShsOutDil": 358161000, "link": "https://www.sec.gov/Archives/edgar/data/1652044/000165204418000027/0001652044-18-000027-index.htm", "finalLink": "https://www.sec.gov/Archives/edgar/data/1652044/000165204418000027/goog10-qq22018.htm"}, {"date": "2018-03-31", "symbol": "GOOG", "fillingDate": "2018-04-24", "acceptedDate": "2018-04-23 18:54:51", "period": "Q1", "revenue": 31146000000, "costOfRevenue": 13467000000, "grossProfit": 17679000000, "grossProfitRatio": 0.5676170294740898, "researchAndDevelopmentExpenses": 5039000000, "generalAndAdministrativeExpenses": 2035000000, "sellingAndMarketingExpenses": 3604000000, "otherExpenses": 3542000000, "operatingExpenses": 10678000000, "costAndExpenses": 24145000000, "interestExpense": 30000000, "depreciationAndAmortization": 1986000000, "ebitda": 8987000000, "ebitdaratio": 0.288544275348, "operatingIncome": 7001000000, "operatingIncomeRatio": 0.224780068067, "totalOtherIncomeExpensesNet": 3542000000, "incomeBeforeTax": 10543000000, "incomeBeforeTaxRatio": 0.338502536441, "incomeTaxExpense": 1142000000, "netIncome": 9401000000, "netIncomeRatio": 0.301836511912, "eps": 13.53, "epsdiluted": 13.33, "weightedAverageShsOut": 349618000, "weightedAverageShsOutDil": 358161000, "link": "https://www.sec.gov/Archives/edgar/data/1652044/000165204418000016/0001652044-18-000016-index.htm", "finalLink": "https://www.sec.gov/Archives/edgar/data/1652044/000165204418000016/goog10-qq12018.htm"}, {"date": "2017-12-31", "symbol": "GOOG", "fillingDate": "2018-02-06", "acceptedDate": "2018-02-05 20:46:29", "period": "FY", "revenue": 32323000000, "costOfRevenue": 14267000000, "grossProfit": 18056000000, "grossProfitRatio": 0.5586115150202642, "researchAndDevelopmentExpenses": 4306000000, "generalAndAdministrativeExpenses": 1776000000, "sellingAndMarketingExpenses": 4310000000, "otherExpenses": 354000000, "operatingExpenses": 10392000000, "costAndExpenses": 24659000000, "interestExpense": 36000000, "depreciationAndAmortization": 2026000000, "ebitda": 9690000000, "ebitdaratio": 0.299786529716, "operatingIncome": 7664000000, "operatingIncomeRatio": 0.237106704204, "totalOtherIncomeExpensesNet": 354000000, "incomeBeforeTax": 8018000000, "incomeBeforeTaxRatio": 0.248058657922, "incomeTaxExpense": 11038000000, "netIncome": -3020000000, "netIncomeRatio": -0.09343192154193608, "eps": -4.38, "epsdiluted": -4.3, "weightedAverageShsOut": 348151000, "weightedAverageShsOutDil": 357642000, "link": "https://www.sec.gov/Archives/edgar/data/1652044/000165204418000007/0001652044-18-000007-index.htm", "finalLink": "https://www.sec.gov/Archives/edgar/data/1652044/000165204418000007/goog10-kq42017.htm"}, {"date": "2017-09-30", "symbol": "GOOG", "fillingDate": "2017-10-27", "acceptedDate": "2017-10-26 17:49:09", "period": "Q3", "revenue": 27772000000, "costOfRevenue": 11148000000, "grossProfit": 16624000000, "grossProfitRatio": 0.5985885064093331, "researchAndDevelopmentExpenses": 4205000000, "generalAndAdministrativeExpenses": 1595000000, "sellingAndMarketingExpenses": 3042000000, "otherExpenses": 197000000, "operatingExpenses": 8842000000, "costAndExpenses": 19990000000, "interestExpense": 27000000, "depreciationAndAmortization": 1761000000, "ebitda": 9543000000, "ebitdaratio": 0.34361947285, "operatingIncome": 7782000000, "operatingIncomeRatio": 0.280210283739, "totalOtherIncomeExpensesNet": 197000000, "incomeBeforeTax": 7979000000, "incomeBeforeTaxRatio": 0.287303759182, "incomeTaxExpense": 1247000000, "netIncome": 6732000000, "netIncomeRatio": 0.242402419703, "eps": 9.71, "epsdiluted": 9.56, "weightedAverageShsOut": 347853000, "weightedAverageShsOutDil": 357350000, "link": "https://www.sec.gov/Archives/edgar/data/1652044/000165204417000042/0001652044-17-000042-index.htm", "finalLink": "https://www.sec.gov/Archives/edgar/data/1652044/000165204417000042/goog10-qq32017.htm"}, {"date": "2017-06-30", "symbol": "GOOG", "fillingDate": "2017-07-25", "acceptedDate": "2017-07-24 18:23:27", "period": "Q2", "revenue": 26010000000, "costOfRevenue": 10373000000, "grossProfit": 15637000000, "grossProfitRatio": 0.6011918492887351, "researchAndDevelopmentExpenses": 4172000000, "generalAndAdministrativeExpenses": 1700000000, "sellingAndMarketingExpenses": 2897000000, "otherExpenses": 245000000, "operatingExpenses": 8769000000, "costAndExpenses": 21878000000, "interestExpense": 21000000, "depreciationAndAmortization": 1625000000, "ebitda": 5757000000, "ebitdaratio": 0.221337946943, "operatingIncome": 4132000000, "operatingIncomeRatio": 0.158861976163, "totalOtherIncomeExpensesNet": 245000000, "incomeBeforeTax": 4377000000, "incomeBeforeTaxRatio": 0.168281430219, "incomeTaxExpense": 853000000, "netIncome": 3524000000, "netIncomeRatio": 0.135486351403, "eps": 5.09, "epsdiluted": 5.01, "weightedAverageShsOut": 347313000, "weightedAverageShsOutDil": 356984000, "link": "https://www.sec.gov/Archives/edgar/data/1652044/000165204417000026/0001652044-17-000026-index.htm", "finalLink": "https://www.sec.gov/Archives/edgar/data/1652044/000165204417000026/goog10-qq22017.htm"}, {"date": "2017-03-31", "symbol": "GOOG", "fillingDate": "2017-05-02", "acceptedDate": "2017-05-02 16:25:09", "period": "Q1", "revenue": 24750000000, "costOfRevenue": 9795000000, "grossProfit": 14955000000, "grossProfitRatio": 0.6042424242424242, "researchAndDevelopmentExpenses": 3942000000, "generalAndAdministrativeExpenses": 1801000000, "sellingAndMarketingExpenses": 2644000000, "otherExpenses": 251000000, "operatingExpenses": 8387000000, "costAndExpenses": 18182000000, "interestExpense": 25000000, "depreciationAndAmortization": 1503000000, "ebitda": 8071000000, "ebitdaratio": 0.326101010101, "operatingIncome": 6568000000, "operatingIncomeRatio": 0.265373737374, "totalOtherIncomeExpensesNet": 251000000, "incomeBeforeTax": 6819000000, "incomeBeforeTaxRatio": 0.275515151515, "incomeTaxExpense": 1393000000, "netIncome": 5426000000, "netIncomeRatio": 0.219232323232, "eps": 7.85, "epsdiluted": 7.73, "weightedAverageShsOut": 347313000, "weightedAverageShsOutDil": 356984000, "link": "https://www.sec.gov/Archives/edgar/data/1652044/000165204417000014/0001652044-17-000014-index.htm", "finalLink": "https://www.sec.gov/Archives/edgar/data/1652044/000165204417000014/goog10-qq12017.htm"}, {"date": "2016-12-31", "symbol": "GOOG", "fillingDate": "2017-02-03", "acceptedDate": "2017-02-02 18:13:47", "period": "FY", "revenue": 26064000000, "costOfRevenue": 10661000000, "grossProfit": 15403000000, "grossProfitRatio": 0.5909683855125845, "researchAndDevelopmentExpenses": 3622000000, "generalAndAdministrativeExpenses": 2024000000, "sellingAndMarketingExpenses": 3118000000, "otherExpenses": 434000000, "operatingExpenses": 8764000000, "costAndExpenses": 19425000000, "interestExpense": 33000000, "depreciationAndAmortization": 1687000000, "ebitda": 8326000000, "ebitdaratio": 0.319444444444, "operatingIncome": 6639000000, "operatingIncomeRatio": 0.254719152855, "totalOtherIncomeExpensesNet": 218000000, "incomeBeforeTax": 6857000000, "incomeBeforeTaxRatio": 0.263083179865, "incomeTaxExpense": 1524000000, "netIncome": 5333000000, "netIncomeRatio": 0.204611724985, "eps": 7.73, "epsdiluted": 7.59, "weightedAverageShsOut": 344702000, "weightedAverageShsOutDil": 353575000, "link": "https://www.sec.gov/Archives/edgar/data/1652044/000165204417000008/0001652044-17-000008-index.htm", "finalLink": "https://www.sec.gov/Archives/edgar/data/1652044/000165204417000008/goog10-kq42016.htm"}, {"date": "2016-09-30", "symbol": "GOOG", "fillingDate": "2016-11-03", "acceptedDate": "2016-11-02 17:46:02", "period": "Q3", "revenue": 22451000000, "costOfRevenue": 8699000000, "grossProfit": 13752000000, "grossProfitRatio": 0.6125339628524342, "researchAndDevelopmentExpenses": 3596000000, "generalAndAdministrativeExpenses": 1824000000, "sellingAndMarketingExpenses": 2565000000, "otherExpenses": 0.0, "operatingExpenses": 7985000000, "costAndExpenses": 16684000000, "interestExpense": 29000000, "depreciationAndAmortization": 1596000000, "ebitda": 7363000000, "ebitdaratio": 0.327958665538, "operatingIncome": 5767000000, "operatingIncomeRatio": 0.256870518017, "totalOtherIncomeExpensesNet": 278000000, "incomeBeforeTax": 6045000000, "incomeBeforeTaxRatio": 0.269253039954, "incomeTaxExpense": 984000000, "netIncome": 5061000000, "netIncomeRatio": 0.225424257271, "eps": 7.36, "epsdiluted": 7.25, "weightedAverageShsOut": 344162000, "weightedAverageShsOutDil": 353058000, "link": "https://www.sec.gov/Archives/edgar/data/1652044/000165204416000038/0001652044-16-000038-index.htm", "finalLink": "https://www.sec.gov/Archives/edgar/data/1652044/000165204416000038/goog10-qq32016.htm"}, {"date": "2016-06-30", "symbol": "GOOG", "fillingDate": "2016-08-04", "acceptedDate": "2016-08-04 16:22:44", "period": "Q2", "revenue": 21500000000, "costOfRevenue": 8130000000, "grossProfit": 13370000000, "grossProfitRatio": 0.621860465116279, "researchAndDevelopmentExpenses": 3363000000, "generalAndAdministrativeExpenses": 1624000000, "sellingAndMarketingExpenses": 2415000000, "otherExpenses": 0.0, "operatingExpenses": 7402000000, "costAndExpenses": 15532000000, "interestExpense": 32000000, "depreciationAndAmortization": 1490000000, "ebitda": 7458000000, "ebitdaratio": 0.34688372093, "operatingIncome": 5968000000, "operatingIncomeRatio": 0.277581395349, "totalOtherIncomeExpensesNet": 151000000, "incomeBeforeTax": 6119000000, "incomeBeforeTaxRatio": 0.284604651163, "incomeTaxExpense": 1242000000, "netIncome": 4877000000, "netIncomeRatio": 0.226837209302, "eps": 7.11, "epsdiluted": 6.99, "weightedAverageShsOut": 343870000, "weightedAverageShsOutDil": 352726000, "link": "https://www.sec.gov/Archives/edgar/data/1652044/000165204416000032/0001652044-16-000032-index.htm", "finalLink": "https://www.sec.gov/Archives/edgar/data/1652044/000165204416000032/goog10-qq22016.htm"}, {"date": "2016-03-31", "symbol": "GOOG", "fillingDate": "2016-05-03", "acceptedDate": "2016-05-02 20:56:36", "period": "Q1", "revenue": 20257000000, "costOfRevenue": 7648000000, "grossProfit": 12609000000, "grossProfitRatio": 0.6224514982475193, "researchAndDevelopmentExpenses": 3367000000, "generalAndAdministrativeExpenses": 1513000000, "sellingAndMarketingExpenses": 2387000000, "otherExpenses": -1000000.0, "operatingExpenses": 7267000000, "costAndExpenses": 14915000000, "interestExpense": 30000000, "depreciationAndAmortization": 1371000000, "ebitda": 6713000000, "ebitdaratio": 0.331391617712, "operatingIncome": 5342000000, "operatingIncomeRatio": 0.263711309671, "totalOtherIncomeExpensesNet": -1000000.0, "incomeBeforeTax": 5129000000, "incomeBeforeTaxRatio": 0.253196425927, "incomeTaxExpense": 922000000, "netIncome": 4207000000, "netIncomeRatio": 0.207681295355, "eps": 6.12, "epsdiluted": 6.02, "weightedAverageShsOut": 343870000, "weightedAverageShsOutDil": 352726000, "link": "https://www.sec.gov/Archives/edgar/data/1652044/000165204416000021/0001652044-16-000021-index.htm", "finalLink": "https://www.sec.gov/Archives/edgar/data/1652044/000165204416000021/goog10-qq12016.htm"}, {"date": "2015-12-31", "symbol": "GOOG", "fillingDate": "2016-02-11", "acceptedDate": "2016-02-11 16:38:35", "period": "FY", "revenue": 21329000000, "costOfRevenue": 8188000000, "grossProfit": 13141000000, "grossProfitRatio": 0.6161095222467063, "researchAndDevelopmentExpenses": 3510000000, "generalAndAdministrativeExpenses": 1572000000, "sellingAndMarketingExpenses": 2679000000, "otherExpenses": 291000000, "operatingExpenses": 7761000000, "costAndExpenses": 15949000000, "interestExpense": 26000000, "depreciationAndAmortization": 1404000000, "ebitda": 6784000000, "ebitdaratio": 0.318064606873, "operatingIncome": 5380000000, "operatingIncomeRatio": 0.252238735993, "totalOtherIncomeExpensesNet": 291000000, "incomeBeforeTax": 5200000000, "incomeBeforeTaxRatio": 0.243799521778, "incomeTaxExpense": 277000000, "netIncome": 4923000000, "netIncomeRatio": 0.230812508791, "eps": 7.16, "epsdiluted": 7.07, "weightedAverageShsOut": 343241000, "weightedAverageShsOutDil": 349150000, "link": "https://www.sec.gov/Archives/edgar/data/1652044/000165204416000012/0001652044-16-000012-index.htm", "finalLink": "https://www.sec.gov/Archives/edgar/data/1652044/000165204416000012/goog10-k2015.htm"}, {"date": "2015-09-30", "symbol": "GOOG", "fillingDate": null, "acceptedDate": null, "period": "Q3", "revenue": 53660000000, "costOfRevenue": 19976000000, "grossProfit": 33684000000, "grossProfitRatio": 0.6277301528140141, "researchAndDevelopmentExpenses": 8772000000, "generalAndAdministrativeExpenses": 4564000000, "sellingAndMarketingExpenses": 6368000000, "otherExpenses": 0.0, "operatingExpenses": 19704000000, "costAndExpenses": 39680000000, "interestExpense": 78000000, "depreciationAndAmortization": 3659000000, "ebitda": 17639000000, "ebitdaratio": 0.328717853149, "operatingIncome": 13980000000, "operatingIncomeRatio": 0.260529258293, "totalOtherIncomeExpensesNet": 471000000, "incomeBeforeTax": 14451000000, "incomeBeforeTaxRatio": 0.26930674618, "incomeTaxExpense": 3026000000, "netIncome": 11425000000, "netIncomeRatio": 0.212914647782, "eps": 17.47, "epsdiluted": 17.27, "weightedAverageShsOut": 342862000, "weightedAverageShsOutDil": 348351000, "link": null, "finalLink": null}]