[{"date": "2020-03-28", "symbol": "INTC", "fillingDate": "2020-04-24", "acceptedDate": "2020-04-23 18:41:50", "period": "Q1", "revenue": 19828000000, "costOfRevenue": 7812000000, "grossProfit": 12016000000, "grossProfitRatio": 0.6060117006253782, "researchAndDevelopmentExpenses": 3275000000, "generalAndAdministrativeExpenses": 1541000000, "sellingAndMarketingExpenses": 0.0, "otherExpenses": 162000000, "operatingExpenses": 4978000000, "costAndExpenses": 12790000000, "interestExpense": 135000000, "depreciationAndAmortization": 3050000000, "ebitda": 10088000000, "ebitdaratio": 0.508775469034, "operatingIncome": 7038000000, "operatingIncomeRatio": 0.354952592294, "totalOtherIncomeExpensesNet": -313000000, "incomeBeforeTax": 6614000000, "incomeBeforeTaxRatio": 0.33356869074, "incomeTaxExpense": 953000000, "netIncome": 5661000000, "netIncomeRatio": 0.285505345975, "eps": 1.33, "epsdiluted": 1.31, "weightedAverageShsOut": 4266000000, "weightedAverageShsOutDil": 4312000000, "link": "https://www.sec.gov/Archives/edgar/data/50863/000005086320000017/0000050863-20-000017-index.htm", "finalLink": "https://www.sec.gov/Archives/edgar/data/50863/000005086320000017/a0328202010qdocument-u.htm"}, {"date": "2019-12-28", "symbol": "INTC", "fillingDate": "2020-01-24", "acceptedDate": "2020-01-23 18:39:55", "period": "FY", "revenue": 20209000000, "costOfRevenue": 8331000000, "grossProfit": 11878000000, "grossProfitRatio": 0.587757929635311, "researchAndDevelopmentExpenses": 3384000000, "generalAndAdministrativeExpenses": 1542000000, "sellingAndMarketingExpenses": 0.0, "otherExpenses": 155000000, "operatingExpenses": 5081000000, "costAndExpenses": 13412000000, "interestExpense": 108000000, "depreciationAndAmortization": 2968000000, "ebitda": 9765000000, "ebitdaratio": 0.483200554209, "operatingIncome": 6797000000, "operatingIncomeRatio": 0.336335296155, "totalOtherIncomeExpensesNet": 654000000, "incomeBeforeTax": 8068000000, "incomeBeforeTaxRatio": 0.399228066703, "incomeTaxExpense": 1163000000, "netIncome": 6905000000, "netIncomeRatio": 0.34167944975, "eps": 1.59, "epsdiluted": 1.57, "weightedAverageShsOut": 4417000000, "weightedAverageShsOutDil": 4473000000, "link": "https://www.sec.gov/Archives/edgar/data/50863/000005086320000011/0000050863-20-000011-index.htm", "finalLink": "https://www.sec.gov/Archives/edgar/data/50863/000005086320000011/a12282019q4-10kdocument.htm"}, {"date": "2019-09-28", "symbol": "INTC", "fillingDate": "2019-10-25", "acceptedDate": "2019-10-24 18:35:18", "period": "Q3", "revenue": 19190000000, "costOfRevenue": 7895000000, "grossProfit": 11295000000, "grossProfitRatio": 0.5885878061490359, "researchAndDevelopmentExpenses": 3208000000, "generalAndAdministrativeExpenses": 1486000000, "sellingAndMarketingExpenses": 0.0, "otherExpenses": 154000000, "operatingExpenses": 4848000000, "costAndExpenses": 12743000000, "interestExpense": 108000000, "depreciationAndAmortization": 2679000000, "ebitda": 9126000000, "ebitdaratio": 0.475560187598, "operatingIncome": 6447000000, "operatingIncomeRatio": 0.335956227202, "totalOtherIncomeExpensesNet": -46000000, "incomeBeforeTax": 6719000000, "incomeBeforeTaxRatio": 0.350130276186, "incomeTaxExpense": 729000000, "netIncome": 5990000000, "netIncomeRatio": 0.31214174049, "eps": 1.36, "epsdiluted": 1.35, "weightedAverageShsOut": 4450000000, "weightedAverageShsOutDil": 4507000000, "link": "https://www.sec.gov/Archives/edgar/data/50863/000005086319000029/0000050863-19-000029-index.htm", "finalLink": "https://www.sec.gov/Archives/edgar/data/50863/000005086319000029/a0928201910qdocument.htm"}, {"date": "2019-06-29", "symbol": "INTC", "fillingDate": "2019-07-26", "acceptedDate": "2019-07-25 18:44:28", "period": "Q2", "revenue": 16505000000, "costOfRevenue": 6627000000, "grossProfit": 9878000000, "grossProfitRatio": 0.598485307482581, "researchAndDevelopmentExpenses": 3438000000, "generalAndAdministrativeExpenses": 1589000000, "sellingAndMarketingExpenses": 0.0, "otherExpenses": 234000000, "operatingExpenses": 5261000000, "costAndExpenses": 11888000000, "interestExpense": 135000000, "depreciationAndAmortization": 2554000000, "ebitda": 7171000000, "ebitdaratio": 0.434474401696, "operatingIncome": 4617000000, "operatingIncomeRatio": 0.279733414117, "totalOtherIncomeExpensesNet": -63000000, "incomeBeforeTax": 4724000000, "incomeBeforeTaxRatio": 0.286216298091, "incomeTaxExpense": 545000000, "netIncome": 4179000000, "netIncomeRatio": 0.253196001212, "eps": 0.94, "epsdiluted": 0.92, "weightedAverageShsOut": 4479000000, "weightedAverageShsOutDil": 4543000000, "link": "https://www.sec.gov/Archives/edgar/data/50863/000005086319000023/0000050863-19-000023-index.htm", "finalLink": "https://www.sec.gov/Archives/edgar/data/50863/000005086319000023/a0629201910qdocument.htm"}, {"date": "2019-03-30", "symbol": "INTC", "fillingDate": "2019-04-26", "acceptedDate": "2019-04-25 18:42:52", "period": "Q1", "revenue": 16061000000, "costOfRevenue": 6972000000, "grossProfit": 9089000000, "grossProfitRatio": 0.5659049872361621, "researchAndDevelopmentExpenses": 3332000000, "generalAndAdministrativeExpenses": 1533000000, "sellingAndMarketingExpenses": 0.0, "otherExpenses": 50000000, "operatingExpenses": 4915000000, "costAndExpenses": 11887000000, "interestExpense": 138000000, "depreciationAndAmortization": 2625000000, "ebitda": 6799000000, "ebitdaratio": 0.423323578856, "operatingIncome": 4174000000, "operatingIncomeRatio": 0.25988419152, "totalOtherIncomeExpensesNet": -61000000, "incomeBeforeTax": 4547000000, "incomeBeforeTaxRatio": 0.283108150177, "incomeTaxExpense": 573000000, "netIncome": 3974000000, "netIncomeRatio": 0.24743166677, "eps": 0.88, "epsdiluted": 0.87, "weightedAverageShsOut": 4492000000, "weightedAverageShsOutDil": 4564000000, "link": "https://www.sec.gov/Archives/edgar/data/50863/000005086319000013/0000050863-19-000013-index.htm", "finalLink": "https://www.sec.gov/Archives/edgar/data/50863/000005086319000013/a0330201910qdocument.htm"}, {"date": "2018-12-29", "symbol": "INTC", "fillingDate": "2019-02-01", "acceptedDate": "2019-02-01 09:00:50", "period": "FY", "revenue": 18657000000, "costOfRevenue": 7430000000, "grossProfit": 11227000000, "grossProfitRatio": 0.6017580532775901, "researchAndDevelopmentExpenses": 3433000000, "generalAndAdministrativeExpenses": 1520000000, "sellingAndMarketingExpenses": 0.0, "otherExpenses": 50000000, "operatingExpenses": 5003000000, "costAndExpenses": 12433000000, "interestExpense": 131000000, "depreciationAndAmortization": 2493000000, "ebitda": 8717000000, "ebitdaratio": 0.467224098194, "operatingIncome": 6224000000, "operatingIncomeRatio": 0.33360132926, "totalOtherIncomeExpensesNet": -99000000, "incomeBeforeTax": 5635000000, "incomeBeforeTaxRatio": 0.302031409123, "incomeTaxExpense": 440000000, "netIncome": 5195000000, "netIncomeRatio": 0.278447767594, "eps": 1.15, "epsdiluted": 1.13, "weightedAverageShsOut": 4611000000, "weightedAverageShsOutDil": 4701000000, "link": "https://www.sec.gov/Archives/edgar/data/50863/000005086319000007/0000050863-19-000007-index.htm", "finalLink": "https://www.sec.gov/Archives/edgar/data/50863/000005086319000007/a12292018q4-10kdocument.htm"}, {"date": "2018-09-29", "symbol": "INTC", "fillingDate": "2018-10-26", "acceptedDate": "2018-10-25 18:52:51", "period": "Q3", "revenue": 19163000000, "costOfRevenue": 6803000000, "grossProfit": 12360000000, "grossProfitRatio": 0.6449929551740333, "researchAndDevelopmentExpenses": 3428000000, "generalAndAdministrativeExpenses": 1605000000, "sellingAndMarketingExpenses": 0.0, "otherExpenses": -22000000, "operatingExpenses": 5011000000, "costAndExpenses": 11814000000, "interestExpense": 109000000, "depreciationAndAmortization": 2274000000, "ebitda": 9623000000, "ebitdaratio": 0.502165631686, "operatingIncome": 7349000000, "operatingIncomeRatio": 0.383499452069, "totalOtherIncomeExpensesNet": -132000000, "incomeBeforeTax": 7142000000, "incomeBeforeTaxRatio": 0.372697385587, "incomeTaxExpense": 744000000, "netIncome": 6398000000, "netIncomeRatio": 0.333872566926, "eps": 1.39, "epsdiluted": 1.37, "weightedAverageShsOut": 4632000000, "weightedAverageShsOutDil": 4728000000, "link": "https://www.sec.gov/Archives/edgar/data/50863/000005086318000029/0000050863-18-000029-index.htm", "finalLink": "https://www.sec.gov/Archives/edgar/data/50863/000005086318000029/a0929201810qdocument.htm"}, {"date": "2018-06-30", "symbol": "INTC", "fillingDate": "2018-07-27", "acceptedDate": "2018-07-26 18:19:24", "period": "Q2", "revenue": 16962000000, "costOfRevenue": 6543000000, "grossProfit": 10419000000, "grossProfitRatio": 0.6142553944110364, "researchAndDevelopmentExpenses": 3371000000, "generalAndAdministrativeExpenses": 1725000000, "sellingAndMarketingExpenses": 0.0, "otherExpenses": 50000000, "operatingExpenses": 5146000000, "costAndExpenses": 11689000000, "interestExpense": 116000000, "depreciationAndAmortization": 2122000000, "ebitda": 7395000000, "ebitdaratio": 0.435974531305, "operatingIncome": 5273000000, "operatingIncomeRatio": 0.310871359509, "totalOtherIncomeExpensesNet": 459000000, "incomeBeforeTax": 5529000000, "incomeBeforeTaxRatio": 0.325963919349, "incomeTaxExpense": 523000000, "netIncome": 5006000000, "netIncomeRatio": 0.295130291239, "eps": 1.08, "epsdiluted": 1.05, "weightedAverageShsOut": 4661000000, "weightedAverageShsOutDil": 4768000000, "link": "https://www.sec.gov/Archives/edgar/data/50863/000005086318000022/0000050863-18-000022-index.htm", "finalLink": "https://www.sec.gov/Archives/edgar/data/50863/000005086318000022/a0630201810qdocument.htm"}, {"date": "2018-03-31", "symbol": "INTC", "fillingDate": "2018-04-27", "acceptedDate": "2018-04-26 18:13:03", "period": "Q1", "revenue": 16066000000, "costOfRevenue": 6335000000, "grossProfit": 9731000000, "grossProfitRatio": 0.6056890327399477, "researchAndDevelopmentExpenses": 3311000000, "generalAndAdministrativeExpenses": 1900000000, "sellingAndMarketingExpenses": 0.0, "otherExpenses": 50000000, "operatingExpenses": 5261000000, "costAndExpenses": 11596000000, "interestExpense": 112000000, "depreciationAndAmortization": 2196000000, "ebitda": 6666000000, "ebitdaratio": 0.414913481887, "operatingIncome": 4470000000, "operatingIncomeRatio": 0.278227312337, "totalOtherIncomeExpensesNet": -102000000, "incomeBeforeTax": 5011000000, "incomeBeforeTaxRatio": 0.311900908751, "incomeTaxExpense": 557000000, "netIncome": 4454000000, "netIncomeRatio": 0.277231420391, "eps": 0.95, "epsdiluted": 0.93, "weightedAverageShsOut": 4674000000, "weightedAverageShsOutDil": 4790000000, "link": "https://www.sec.gov/Archives/edgar/data/50863/000005086318000013/0000050863-18-000013-index.htm", "finalLink": "https://www.sec.gov/Archives/edgar/data/50863/000005086318000013/a0331201810qdocument.htm"}, {"date": "2017-12-30", "symbol": "INTC", "fillingDate": "2018-02-16", "acceptedDate": "2018-02-16 08:31:45", "period": "FY", "revenue": 17053000000, "costOfRevenue": 6286000000, "grossProfit": 10767000000, "grossProfitRatio": 0.6313845071248461, "researchAndDevelopmentExpenses": 3274000000, "generalAndAdministrativeExpenses": 1850000000, "sellingAndMarketingExpenses": 0.0, "otherExpenses": 248000000, "operatingExpenses": 5372000000, "costAndExpenses": 11658000000, "interestExpense": 153000000, "depreciationAndAmortization": 2140000000, "ebitda": 7535000000, "ebitdaratio": 0.441857737641, "operatingIncome": 5395000000, "operatingIncomeRatio": 0.316366621709, "totalOtherIncomeExpensesNet": -571000000, "incomeBeforeTax": 6035000000, "incomeBeforeTaxRatio": 0.353896675072, "incomeTaxExpense": 6722000000, "netIncome": -687000000, "netIncomeRatio": -0.04028616665689322, "eps": -0.15, "epsdiluted": -0.13, "weightedAverageShsOut": 4701000000, "weightedAverageShsOutDil": 4835000000, "link": "https://www.sec.gov/Archives/edgar/data/50863/000005086318000007/0000050863-18-000007-index.htm", "finalLink": "https://www.sec.gov/Archives/edgar/data/50863/000005086318000007/a12302017q4-10kdocument.htm"}, {"date": "2017-09-30", "symbol": "INTC", "fillingDate": "2017-10-26", "acceptedDate": "2017-10-26 16:30:26", "period": "Q3", "revenue": 16149000000, "costOfRevenue": 6092000000, "grossProfit": 10057000000, "grossProfitRatio": 0.6227630193820051, "researchAndDevelopmentExpenses": 3223000000, "generalAndAdministrativeExpenses": 1666000000, "sellingAndMarketingExpenses": 0.0, "otherExpenses": 53000000, "operatingExpenses": 4942000000, "costAndExpenses": 11034000000, "interestExpense": 191000000, "depreciationAndAmortization": 2055000000, "ebitda": 7170000000, "ebitdaratio": 0.443990339959, "operatingIncome": 5115000000, "operatingIncomeRatio": 0.316737878506, "totalOtherIncomeExpensesNet": 336000000, "incomeBeforeTax": 5930000000, "incomeBeforeTaxRatio": 0.367205399715, "incomeTaxExpense": 1414000000, "netIncome": 4516000000, "netIncomeRatio": 0.279645798501, "eps": 0.97, "epsdiluted": 0.93, "weightedAverageShsOut": 4707000000, "weightedAverageShsOutDil": 4849000000, "link": "https://www.sec.gov/Archives/edgar/data/50863/000005086317000048/0000050863-17-000048-index.htm", "finalLink": "https://www.sec.gov/Archives/edgar/data/50863/000005086317000048/a2017q3-10qdocument.htm"}, {"date": "2017-07-01", "symbol": "INTC", "fillingDate": "2017-07-27", "acceptedDate": "2017-07-27 16:36:53", "period": "Q2", "revenue": 14763000000, "costOfRevenue": 5665000000, "grossProfit": 9098000000, "grossProfitRatio": 0.61627040574409, "researchAndDevelopmentExpenses": 3275000000, "generalAndAdministrativeExpenses": 1854000000, "sellingAndMarketingExpenses": 0.0, "otherExpenses": 142000000, "operatingExpenses": 5271000000, "costAndExpenses": 10936000000, "interestExpense": 156000000, "depreciationAndAmortization": 1988000000, "ebitda": 5815000000, "ebitdaratio": 0.393890130732, "operatingIncome": 3827000000, "operatingIncomeRatio": 0.259229153966, "totalOtherIncomeExpensesNet": 0.0, "incomeBeforeTax": 4572000000, "incomeBeforeTaxRatio": 0.309693151798, "incomeTaxExpense": 1764000000, "netIncome": 2808000000, "netIncomeRatio": 0.190205242837, "eps": 0.59, "epsdiluted": 0.58, "weightedAverageShsOut": 4717000000, "weightedAverageShsOutDil": 4864000000, "link": "https://www.sec.gov/Archives/edgar/data/50863/000005086317000041/0000050863-17-000041-index.htm", "finalLink": "https://www.sec.gov/Archives/edgar/data/50863/000005086317000041/new10qdocument07012017.htm"}, {"date": "2017-04-01", "symbol": "INTC", "fillingDate": "2017-04-27", "acceptedDate": "2017-04-27 16:38:04", "period": "Q1", "revenue": 14796000000, "costOfRevenue": 5649000000, "grossProfit": 9147000000, "grossProfitRatio": 0.6182076236820763, "researchAndDevelopmentExpenses": 3326000000, "generalAndAdministrativeExpenses": 2104000000, "sellingAndMarketingExpenses": 0.0, "otherExpenses": 118000000, "operatingExpenses": 5548000000, "costAndExpenses": 11197000000, "interestExpense": 146000000, "depreciationAndAmortization": 1946000000, "ebitda": 5545000000, "ebitdaratio": 0.374763449581, "operatingIncome": 3599000000, "operatingIncomeRatio": 0.243241416599, "totalOtherIncomeExpensesNet": 0.0, "incomeBeforeTax": 3815000000, "incomeBeforeTaxRatio": 0.257839956745, "incomeTaxExpense": 851000000, "netIncome": 2964000000, "netIncomeRatio": 0.200324412003, "eps": 0.63, "epsdiluted": 0.61, "weightedAverageShsOut": 4723000000, "weightedAverageShsOutDil": 4881000000, "link": "https://www.sec.gov/Archives/edgar/data/50863/000005086317000029/0000050863-17-000029-index.htm", "finalLink": "https://www.sec.gov/Archives/edgar/data/50863/000005086317000029/a10qdocument04012017.htm"}, {"date": "2016-12-31", "symbol": "INTC", "fillingDate": "2017-02-17", "acceptedDate": "2017-02-17 08:37:46", "period": "FY", "revenue": 16374000000, "costOfRevenue": 6269000000, "grossProfit": 10105000000, "grossProfitRatio": 0.6171369243923293, "researchAndDevelopmentExpenses": 3280000000, "generalAndAdministrativeExpenses": 2158000000, "sellingAndMarketingExpenses": 0.0, "otherExpenses": 141000000, "operatingExpenses": 5579000000, "costAndExpenses": 11848000000, "interestExpense": 158000000, "depreciationAndAmortization": 1930000000, "ebitda": 6456000000, "ebitdaratio": 0.394283620374, "operatingIncome": 4526000000, "operatingIncomeRatio": 0.276413826799, "totalOtherIncomeExpensesNet": 0.0, "incomeBeforeTax": 4440000000, "incomeBeforeTaxRatio": 0.271161597655, "incomeTaxExpense": 878000000, "netIncome": 3562000000, "netIncomeRatio": 0.217540002443, "eps": 0.75, "epsdiluted": 0.73, "weightedAverageShsOut": 4730000000, "weightedAverageShsOutDil": 4875000000, "link": "https://www.sec.gov/Archives/edgar/data/50863/000005086317000012/0000050863-17-000012-index.htm", "finalLink": "https://www.sec.gov/Archives/edgar/data/50863/000005086317000012/a10kdocument12312016q4.htm"}, {"date": "2016-10-01", "symbol": "INTC", "fillingDate": "2016-10-31", "acceptedDate": "2016-10-31 17:00:19", "period": "Q3", "revenue": 15778000000, "costOfRevenue": 5795000000, "grossProfit": 9983000000, "grossProfitRatio": 0.6327164406135125, "researchAndDevelopmentExpenses": 3069000000, "generalAndAdministrativeExpenses": 2006000000, "sellingAndMarketingExpenses": 0.0, "otherExpenses": 446000000, "operatingExpenses": 5521000000, "costAndExpenses": 11316000000, "interestExpense": 180000000, "depreciationAndAmortization": 1928000000, "ebitda": 6390000000, "ebitdaratio": 0.404994295855, "operatingIncome": 4462000000, "operatingIncomeRatio": 0.282798833819, "totalOtherIncomeExpensesNet": 0.0, "incomeBeforeTax": 4318000000, "incomeBeforeTaxRatio": 0.2736722018, "incomeTaxExpense": 940000000, "netIncome": 3378000000, "netIncomeRatio": 0.214095576119, "eps": 0.72, "epsdiluted": 0.7, "weightedAverageShsOut": 4728000000, "weightedAverageShsOutDil": 4872000000, "link": "https://www.sec.gov/Archives/edgar/data/50863/000005086316000153/0000050863-16-000153-index.htm", "finalLink": "https://www.sec.gov/Archives/edgar/data/50863/000005086316000153/a10qdocument10012016.htm"}, {"date": "2016-07-02", "symbol": "INTC", "fillingDate": "2016-08-01", "acceptedDate": "2016-08-01 16:37:06", "period": "Q2", "revenue": 13533000000, "costOfRevenue": 5560000000, "grossProfit": 7973000000, "grossProfitRatio": 0.5891524421783788, "researchAndDevelopmentExpenses": 3145000000, "generalAndAdministrativeExpenses": 2007000000, "sellingAndMarketingExpenses": 0.0, "otherExpenses": 1503000000, "operatingExpenses": 6655000000, "costAndExpenses": 12215000000, "interestExpense": 187000000, "depreciationAndAmortization": 1917000000, "ebitda": 3235000000, "ebitdaratio": 0.239045296682, "operatingIncome": 1318000000, "operatingIncomeRatio": 0.0973915613685, "totalOtherIncomeExpensesNet": 0.0, "incomeBeforeTax": 1670000000, "incomeBeforeTaxRatio": 0.123402054238, "incomeTaxExpense": 340000000, "netIncome": 1330000000, "netIncomeRatio": 0.0982782827163, "eps": 0.28, "epsdiluted": 0.27, "weightedAverageShsOut": 4725000000, "weightedAverageShsOutDil": 4870000000, "link": "https://www.sec.gov/Archives/edgar/data/50863/000005086316000142/0000050863-16-000142-index.htm", "finalLink": "https://www.sec.gov/Archives/edgar/data/50863/000005086316000142/a10qdocument07022016.htm"}, {"date": "2016-04-02", "symbol": "INTC", "fillingDate": "2016-05-02", "acceptedDate": "2016-05-02 17:15:56", "period": "Q1", "revenue": 13702000000, "costOfRevenue": 5572000000, "grossProfit": 8130000000, "grossProfitRatio": 0.5933440373668077, "researchAndDevelopmentExpenses": 3246000000, "generalAndAdministrativeExpenses": 2226000000, "sellingAndMarketingExpenses": 0.0, "otherExpenses": 90000000, "operatingExpenses": 5562000000, "costAndExpenses": 11134000000, "interestExpense": 208000000, "depreciationAndAmortization": 2015000000, "ebitda": 4583000000, "ebitdaratio": 0.334476718727, "operatingIncome": 2568000000, "operatingIncomeRatio": 0.187417895198, "totalOtherIncomeExpensesNet": 0.0, "incomeBeforeTax": 2508000000, "incomeBeforeTaxRatio": 0.183038972413, "incomeTaxExpense": 462000000, "netIncome": 2046000000, "netIncomeRatio": 0.149321266968, "eps": 0.43, "epsdiluted": 0.42, "weightedAverageShsOut": 4722000000, "weightedAverageShsOutDil": 4875000000, "link": "https://www.sec.gov/Archives/edgar/data/50863/000005086316000125/0000050863-16-000125-index.htm", "finalLink": "https://www.sec.gov/Archives/edgar/data/50863/000005086316000125/a10qdocument04022016.htm"}, {"date": "2015-12-26", "symbol": "INTC", "fillingDate": "2016-02-12", "acceptedDate": "2016-02-12 08:09:19", "period": "FY", "revenue": 14914000000, "costOfRevenue": 5324000000, "grossProfit": 9590000000, "grossProfitRatio": 0.6430199812256939, "researchAndDevelopmentExpenses": 3119000000, "generalAndAdministrativeExpenses": 2118000000, "sellingAndMarketingExpenses": 0.0, "otherExpenses": 54000000, "operatingExpenses": 5291000000, "costAndExpenses": 10615000000, "interestExpense": 126000000, "depreciationAndAmortization": 2146000000, "ebitda": 6445000000, "ebitdaratio": 0.432144293952, "operatingIncome": 4299000000, "operatingIncomeRatio": 0.288252648518, "totalOtherIncomeExpensesNet": 0.0, "incomeBeforeTax": 4303000000, "incomeBeforeTaxRatio": 0.28852085289, "incomeTaxExpense": 690000000, "netIncome": 3613000000, "netIncomeRatio": 0.242255598766, "eps": 0.77, "epsdiluted": 0.74, "weightedAverageShsOut": 4742000000, "weightedAverageShsOutDil": 4894000000, "link": "https://www.sec.gov/Archives/edgar/data/50863/000005086316000105/0000050863-16-000105-index.htm", "finalLink": "https://www.sec.gov/Archives/edgar/data/50863/000005086316000105/a10kdocument12262015q4.htm"}, {"date": "2015-09-26", "symbol": "INTC", "fillingDate": "2015-10-28", "acceptedDate": "2015-10-28 08:54:56", "period": "Q3", "revenue": 14465000000, "costOfRevenue": 5354000000, "grossProfit": 9111000000, "grossProfitRatio": 0.6298651918423781, "researchAndDevelopmentExpenses": 2927000000, "generalAndAdministrativeExpenses": 1910000000, "sellingAndMarketingExpenses": 0.0, "otherExpenses": 82000000, "operatingExpenses": 4919000000, "costAndExpenses": 10273000000, "interestExpense": 116000000, "depreciationAndAmortization": 2275000000, "ebitda": 6467000000, "ebitdaratio": 0.447079156585, "operatingIncome": 4192000000, "operatingIncomeRatio": 0.289802972693, "totalOtherIncomeExpensesNet": 0.0, "incomeBeforeTax": 4253000000, "incomeBeforeTaxRatio": 0.294020048393, "incomeTaxExpense": 1144000000, "netIncome": 3109000000, "netIncomeRatio": 0.214932595921, "eps": 0.65, "epsdiluted": 0.63, "weightedAverageShsOut": 4749000000, "weightedAverageShsOutDil": 4900000000, "link": "https://www.sec.gov/Archives/edgar/data/50863/000005086315000072/0000050863-15-000072-index.htm", "finalLink": "https://www.sec.gov/Archives/edgar/data/50863/000005086315000072/a10qdocument9262015.htm"}, {"date": "2015-06-27", "symbol": "INTC", "fillingDate": "2015-07-27", "acceptedDate": "2015-07-27 09:02:07", "period": "Q2", "revenue": 13195000000, "costOfRevenue": 4947000000, "grossProfit": 8248000000, "grossProfitRatio": 0.6250852595680182, "researchAndDevelopmentExpenses": 3087000000, "generalAndAdministrativeExpenses": 1949000000, "sellingAndMarketingExpenses": 0.0, "otherExpenses": 316000000, "operatingExpenses": 5352000000, "costAndExpenses": 10299000000, "interestExpense": 53000000, "depreciationAndAmortization": 2191000000, "ebitda": 5087000000, "ebitdaratio": 0.385524820008, "operatingIncome": 2896000000, "operatingIncomeRatio": 0.219477074649, "totalOtherIncomeExpensesNet": 0.0, "incomeBeforeTax": 2983000000, "incomeBeforeTaxRatio": 0.226070481243, "incomeTaxExpense": 277000000, "netIncome": 2706000000, "netIncomeRatio": 0.20507768094, "eps": 0.57, "epsdiluted": 0.55, "weightedAverageShsOut": 4750000000, "weightedAverageShsOutDil": 4912000000, "link": "https://www.sec.gov/Archives/edgar/data/50863/000005086315000055/0000050863-15-000055-index.htm", "finalLink": "https://www.sec.gov/Archives/edgar/data/50863/000005086315000055/a10qdocument6272015.htm"}, {"date": "2015-03-28", "symbol": "INTC", "fillingDate": "2015-04-27", "acceptedDate": "2015-04-27 17:11:48", "period": "Q1", "revenue": 12781000000, "costOfRevenue": 5051000000, "grossProfit": 7730000000, "grossProfitRatio": 0.6048040059463266, "researchAndDevelopmentExpenses": 2995000000, "generalAndAdministrativeExpenses": 1953000000, "sellingAndMarketingExpenses": 0.0, "otherExpenses": 167000000, "operatingExpenses": 5115000000, "costAndExpenses": 10166000000, "interestExpense": 42000000, "depreciationAndAmortization": 2099000000, "ebitda": 4714000000, "ebitdaratio": 0.368828730146, "operatingIncome": 2615000000, "operatingIncomeRatio": 0.204600578984, "totalOtherIncomeExpensesNet": 0.0, "incomeBeforeTax": 2673000000, "incomeBeforeTaxRatio": 0.209138565058, "incomeTaxExpense": 681000000, "netIncome": 1992000000, "netIncomeRatio": 0.155856349268, "eps": 0.42, "epsdiluted": 0.41, "weightedAverageShsOut": 4741000000, "weightedAverageShsOutDil": 4914000000, "link": "https://www.sec.gov/Archives/edgar/data/50863/000005086315000028/0000050863-15-000028-index.htm", "finalLink": "https://www.sec.gov/Archives/edgar/data/50863/000005086315000028/a10qdocument3282015.htm"}, {"date": "2014-12-27", "symbol": "INTC", "fillingDate": "2015-02-13", "acceptedDate": "2015-02-13 09:11:52", "period": "FY", "revenue": 14721000000, "costOfRevenue": 5100000000, "grossProfit": 9621000000, "grossProfitRatio": 0.6535561442836764, "researchAndDevelopmentExpenses": 2990000000, "generalAndAdministrativeExpenses": 2049000000, "sellingAndMarketingExpenses": 0.0, "otherExpenses": 129000000, "operatingExpenses": 5168000000, "costAndExpenses": 10268000000, "interestExpense": 53000000, "depreciationAndAmortization": 2174000000, "ebitda": 6627000000, "ebitdaratio": 0.450173221928, "operatingIncome": 4453000000, "operatingIncomeRatio": 0.302493037158, "totalOtherIncomeExpensesNet": 0.0, "incomeBeforeTax": 4659000000, "incomeBeforeTaxRatio": 0.316486651722, "incomeTaxExpense": 998000000, "netIncome": 3661000000, "netIncomeRatio": 0.24869234427, "eps": 0.76, "epsdiluted": 0.73, "weightedAverageShsOut": 4901000000, "weightedAverageShsOutDil": 5056000000, "link": "https://www.sec.gov/Archives/edgar/data/50863/000005086315000015/0000050863-15-000015-index.htm", "finalLink": "https://www.sec.gov/Archives/edgar/data/50863/000005086315000015/a10kdocument12272014.htm"}, {"date": "2014-09-27", "symbol": "INTC", "fillingDate": "2014-10-29", "acceptedDate": "2014-10-29 17:27:39", "period": "Q3", "revenue": 14554000000, "costOfRevenue": 5096000000, "grossProfit": 9458000000, "grossProfitRatio": 0.6498557097705098, "researchAndDevelopmentExpenses": 2842000000, "generalAndAdministrativeExpenses": 1979000000, "sellingAndMarketingExpenses": 0.0, "otherExpenses": 97000000, "operatingExpenses": 4918000000, "costAndExpenses": 10014000000, "interestExpense": 53000000, "depreciationAndAmortization": 2198000000, "ebitda": 6738000000, "ebitdaratio": 0.462965507764, "operatingIncome": 4540000000, "operatingIncomeRatio": 0.311941734231, "totalOtherIncomeExpensesNet": 0.0, "incomeBeforeTax": 4550000000, "incomeBeforeTaxRatio": 0.312628830562, "incomeTaxExpense": 1233000000, "netIncome": 3317000000, "netIncomeRatio": 0.227909852961, "eps": 0.68, "epsdiluted": 0.66, "weightedAverageShsOut": 4945000000, "weightedAverageShsOutDil": 5095000000, "link": "https://www.sec.gov/Archives/edgar/data/50863/000005086314000069/0000050863-14-000069-index.htm", "finalLink": "https://www.sec.gov/Archives/edgar/data/50863/000005086314000069/a10qdocument9272014.htm"}, {"date": "2014-06-28", "symbol": "INTC", "fillingDate": "2014-07-25", "acceptedDate": "2014-07-25 09:02:54", "period": "Q2", "revenue": 13831000000, "costOfRevenue": 4914000000, "grossProfit": 8917000000, "grossProfitRatio": 0.6447111560986191, "researchAndDevelopmentExpenses": 2859000000, "generalAndAdministrativeExpenses": 2061000000, "sellingAndMarketingExpenses": 0.0, "otherExpenses": 153000000, "operatingExpenses": 5073000000, "costAndExpenses": 9987000000, "interestExpense": 49000000, "depreciationAndAmortization": 2170000000, "ebitda": 6014000000, "ebitdaratio": 0.43482033114, "operatingIncome": 3844000000, "operatingIncomeRatio": 0.277926397224, "totalOtherIncomeExpensesNet": 0.0, "incomeBeforeTax": 3922000000, "incomeBeforeTaxRatio": 0.283565902682, "incomeTaxExpense": 1126000000, "netIncome": 2796000000, "netIncomeRatio": 0.202154580291, "eps": 0.56, "epsdiluted": 0.54, "weightedAverageShsOut": 4977000000, "weightedAverageShsOutDil": 5120000000, "link": "https://www.sec.gov/Archives/edgar/data/50863/000005086314000058/0000050863-14-000058-index.htm", "finalLink": "https://www.sec.gov/Archives/edgar/data/50863/000005086314000058/a10qdocument6282014.htm"}, {"date": "2014-03-29", "symbol": "INTC", "fillingDate": "2014-04-25", "acceptedDate": "2014-04-25 09:04:50", "period": "Q1", "revenue": 12764000000, "costOfRevenue": 5151000000, "grossProfit": 7613000000, "grossProfitRatio": 0.596443121278596, "researchAndDevelopmentExpenses": 2846000000, "generalAndAdministrativeExpenses": 2047000000, "sellingAndMarketingExpenses": 0.0, "otherExpenses": 210000000, "operatingExpenses": 5103000000, "costAndExpenses": 10254000000, "interestExpense": 37000000, "depreciationAndAmortization": 2007000000, "ebitda": 4517000000, "ebitdaratio": 0.353885929176, "operatingIncome": 2510000000, "operatingIncomeRatio": 0.196646819179, "totalOtherIncomeExpensesNet": 0.0, "incomeBeforeTax": 2670000000, "incomeBeforeTaxRatio": 0.209182074585, "incomeTaxExpense": 740000000, "netIncome": 1930000000, "netIncomeRatio": 0.151206518333, "eps": 0.39, "epsdiluted": 0.38, "weightedAverageShsOut": 4974000000, "weightedAverageShsOutDil": 5117000000, "link": "https://www.sec.gov/Archives/edgar/data/50863/000005086314000032/0000050863-14-000032-index.htm", "finalLink": "https://www.sec.gov/Archives/edgar/data/50863/000005086314000032/a10qdocument3292014.htm"}, {"date": "2013-12-28", "symbol": "INTC", "fillingDate": "2014-02-14", "acceptedDate": "2014-02-14 09:08:47", "period": "FY", "revenue": 13834000000, "costOfRevenue": 5263000000, "grossProfit": 8571000000, "grossProfitRatio": 0.6195605031082839, "researchAndDevelopmentExpenses": 2826000000, "generalAndAdministrativeExpenses": 2006000000, "sellingAndMarketingExpenses": 0.0, "otherExpenses": 190000000, "operatingExpenses": 5022000000, "costAndExpenses": 10285000000, "interestExpense": 55000000, "depreciationAndAmortization": 1956000000, "ebitda": 5505000000, "ebitdaratio": 0.397932629753, "operatingIncome": 3549000000, "operatingIncomeRatio": 0.256541853405, "totalOtherIncomeExpensesNet": 0.0, "incomeBeforeTax": 3551000000, "incomeBeforeTaxRatio": 0.256686424751, "incomeTaxExpense": 926000000, "netIncome": 2625000000, "netIncomeRatio": 0.189749891571, "eps": 0.53, "epsdiluted": 0.52, "weightedAverageShsOut": 4970000000, "weightedAverageShsOutDil": 5097000000, "link": "https://www.sec.gov/Archives/edgar/data/50863/000005086314000020/0000050863-14-000020-index.htm", "finalLink": "https://www.sec.gov/Archives/edgar/data/50863/000005086314000020/a10kdocument12282013.htm"}, {"date": "2013-09-28", "symbol": "INTC", "fillingDate": "2013-10-28", "acceptedDate": "2013-10-28 08:58:14", "period": "Q3", "revenue": 13483000000, "costOfRevenue": 5069000000, "grossProfit": 8414000000, "grossProfitRatio": 0.6240450938218497, "researchAndDevelopmentExpenses": 2742000000, "generalAndAdministrativeExpenses": 1970000000, "sellingAndMarketingExpenses": 0.0, "otherExpenses": 198000000, "operatingExpenses": 4910000000, "costAndExpenses": 9979000000, "interestExpense": 56000000, "depreciationAndAmortization": 2021000000, "ebitda": 5525000000, "ebitdaratio": 0.409775272565, "operatingIncome": 3504000000, "operatingIncomeRatio": 0.259882815397, "totalOtherIncomeExpensesNet": 0.0, "incomeBeforeTax": 3924000000, "incomeBeforeTaxRatio": 0.291033152859, "incomeTaxExpense": 974000000, "netIncome": 2950000000, "netIncomeRatio": 0.218794036935, "eps": 0.59, "epsdiluted": 0.58, "weightedAverageShsOut": 4969000000, "weightedAverageShsOutDil": 5095000000, "link": "https://www.sec.gov/Archives/edgar/data/50863/000005086313000104/0000050863-13-000104-index.htm", "finalLink": "https://www.sec.gov/Archives/edgar/data/50863/000005086313000104/a10qdocument9282013.htm"}, {"date": "2013-06-29", "symbol": "INTC", "fillingDate": "2013-07-29", "acceptedDate": "2013-07-29 17:04:49", "period": "Q2", "revenue": 12811000000, "costOfRevenue": 5341000000, "grossProfit": 7470000000, "grossProfitRatio": 0.5830926547498244, "researchAndDevelopmentExpenses": 2516000000, "generalAndAdministrativeExpenses": 2165000000, "sellingAndMarketingExpenses": 0.0, "otherExpenses": 70000000, "operatingExpenses": 4751000000, "costAndExpenses": 10092000000, "interestExpense": 60000000, "depreciationAndAmortization": 1991000000, "ebitda": 4710000000, "ebitdaratio": 0.367652798376, "operatingIncome": 2719000000, "operatingIncomeRatio": 0.212239481695, "totalOtherIncomeExpensesNet": 0.0, "incomeBeforeTax": 2693000000, "incomeBeforeTaxRatio": 0.210209975802, "incomeTaxExpense": 693000000, "netIncome": 2000000000, "netIncomeRatio": 0.156115837952, "eps": 0.41, "epsdiluted": 0.39, "weightedAverageShsOut": 4963000000, "weightedAverageShsOutDil": 5093000000, "link": "https://www.sec.gov/Archives/edgar/data/50863/000005086313000087/0000050863-13-000087-index.htm", "finalLink": "https://www.sec.gov/Archives/edgar/data/50863/000005086313000087/a10qdocument6292013.htm"}, {"date": "2013-03-30", "symbol": "INTC", "fillingDate": "2013-04-29", "acceptedDate": "2013-04-29 17:14:42", "period": "Q1", "revenue": 12580000000, "costOfRevenue": 5514000000, "grossProfit": 7066000000, "grossProfitRatio": 0.5616852146263911, "researchAndDevelopmentExpenses": 2527000000, "generalAndAdministrativeExpenses": 1947000000, "sellingAndMarketingExpenses": 0.0, "otherExpenses": 73000000, "operatingExpenses": 4547000000, "costAndExpenses": 10061000000, "interestExpense": 73000000, "depreciationAndAmortization": 2064000000, "ebitda": 4583000000, "ebitdaratio": 0.364308426073, "operatingIncome": 2519000000, "operatingIncomeRatio": 0.200238473768, "totalOtherIncomeExpensesNet": 0.0, "incomeBeforeTax": 2443000000, "incomeBeforeTaxRatio": 0.194197138315, "incomeTaxExpense": 398000000, "netIncome": 2045000000, "netIncomeRatio": 0.162559618442, "eps": 0.41, "epsdiluted": 0.4, "weightedAverageShsOut": 4948000000, "weightedAverageShsOutDil": 5080000000, "link": "https://www.sec.gov/Archives/edgar/data/50863/000005086313000043/0000050863-13-000043-index.htm", "finalLink": "https://www.sec.gov/Archives/edgar/data/50863/000005086313000043/a10qdocument3302013.htm"}, {"date": "2012-12-29", "symbol": "INTC", "fillingDate": "2013-02-19", "acceptedDate": "2013-02-19 17:06:31", "period": "FY", "revenue": 13477000000, "costOfRevenue": 5660000000, "grossProfit": 7817000000, "grossProfitRatio": 0.5800252281665059, "researchAndDevelopmentExpenses": 2629000000, "generalAndAdministrativeExpenses": 1958000000, "sellingAndMarketingExpenses": 0.0, "otherExpenses": 75000000, "operatingExpenses": 4662000000, "costAndExpenses": 10322000000, "interestExpense": 24000000, "depreciationAndAmortization": 2005000000, "ebitda": 5160000000, "ebitdaratio": 0.382874526972, "operatingIncome": 3155000000, "operatingIncomeRatio": 0.234102545077, "totalOtherIncomeExpensesNet": 0.0, "incomeBeforeTax": 3204000000, "incomeBeforeTaxRatio": 0.237738369073, "incomeTaxExpense": 736000000, "netIncome": 2468000000, "netIncomeRatio": 0.183126808637, "eps": 0.49, "epsdiluted": 0.48, "weightedAverageShsOut": 4996000000, "weightedAverageShsOutDil": 5160000000, "link": "https://www.sec.gov/Archives/edgar/data/50863/000119312513065416/0001193125-13-065416-index.htm", "finalLink": "https://www.sec.gov/Archives/edgar/data/50863/000119312513065416/d424446d10k.htm"}, {"date": "2012-09-29", "symbol": "INTC", "fillingDate": "2012-10-31", "acceptedDate": "2012-10-31 17:14:21", "period": "Q3", "revenue": 13457000000, "costOfRevenue": 4942000000, "grossProfit": 8515000000, "grossProfitRatio": 0.6327561863714052, "researchAndDevelopmentExpenses": 2605000000, "generalAndAdministrativeExpenses": 1995000000, "sellingAndMarketingExpenses": 0.0, "otherExpenses": 74000000, "operatingExpenses": 4674000000, "costAndExpenses": 9616000000, "interestExpense": 14000000, "depreciationAndAmortization": 1893000000, "ebitda": 5734000000, "ebitdaratio": 0.426097941592, "operatingIncome": 3841000000, "operatingIncomeRatio": 0.285427658468, "totalOtherIncomeExpensesNet": 0.0, "incomeBeforeTax": 3921000000, "incomeBeforeTaxRatio": 0.291372519878, "incomeTaxExpense": 949000000, "netIncome": 2972000000, "netIncomeRatio": 0.220851601397, "eps": 0.6, "epsdiluted": 0.58, "weightedAverageShsOut": 5006000000, "weightedAverageShsOutDil": 5181000000, "link": "https://www.sec.gov/Archives/edgar/data/50863/000119312512444095/0001193125-12-444095-index.htm", "finalLink": "https://www.sec.gov/Archives/edgar/data/50863/000119312512444095/d427493d10q.htm"}, {"date": "2012-06-30", "symbol": "INTC", "fillingDate": "2012-08-01", "acceptedDate": "2012-08-01 17:08:28", "period": "Q2", "revenue": 13501000000, "costOfRevenue": 4947000000, "grossProfit": 8554000000, "grossProfitRatio": 0.6335826975779572, "researchAndDevelopmentExpenses": 2513000000, "generalAndAdministrativeExpenses": 2131000000, "sellingAndMarketingExpenses": 0.0, "otherExpenses": 78000000, "operatingExpenses": 4722000000, "costAndExpenses": 9669000000, "interestExpense": 21000000, "depreciationAndAmortization": 1839000000, "ebitda": 5671000000, "ebitdaratio": 0.420042959781, "operatingIncome": 3832000000, "operatingIncomeRatio": 0.283830827346, "totalOtherIncomeExpensesNet": 0.0, "incomeBeforeTax": 3934000000, "incomeBeforeTaxRatio": 0.291385823272, "incomeTaxExpense": 1107000000, "netIncome": 2827000000, "netIncomeRatio": 0.209391896897, "eps": 0.56, "epsdiluted": 0.54, "weightedAverageShsOut": 5010000000, "weightedAverageShsOutDil": 5196000000, "link": "https://www.sec.gov/Archives/edgar/data/50863/000119312512329132/0001193125-12-329132-index.htm", "finalLink": "https://www.sec.gov/Archives/edgar/data/50863/000119312512329132/d386477d10q.htm"}, {"date": "2012-03-31", "symbol": "INTC", "fillingDate": "2012-05-04", "acceptedDate": "2012-05-04 17:04:29", "period": "Q1", "revenue": 12906000000, "costOfRevenue": 4641000000, "grossProfit": 8265000000, "grossProfitRatio": 0.6403998140399814, "researchAndDevelopmentExpenses": 2401000000, "generalAndAdministrativeExpenses": 1973000000, "sellingAndMarketingExpenses": 0.0, "otherExpenses": 81000000, "operatingExpenses": 4455000000, "costAndExpenses": 9096000000, "interestExpense": 31000000, "depreciationAndAmortization": 1785000000, "ebitda": 5595000000, "ebitdaratio": 0.433519293352, "operatingIncome": 3810000000, "operatingIncomeRatio": 0.295211529521, "totalOtherIncomeExpensesNet": 0.0, "incomeBeforeTax": 3814000000, "incomeBeforeTaxRatio": 0.295521462885, "incomeTaxExpense": 1076000000, "netIncome": 2738000000, "netIncomeRatio": 0.212149387882, "eps": 0.55, "epsdiluted": 0.53, "weightedAverageShsOut": 4999000000, "weightedAverageShsOutDil": 5192000000, "link": "https://www.sec.gov/Archives/edgar/data/50863/000119312512212253/0001193125-12-212253-index.htm", "finalLink": "https://www.sec.gov/Archives/edgar/data/50863/000119312512212253/d320644d10q.htm"}, {"date": "2011-12-31", "symbol": "INTC", "fillingDate": "2012-02-23", "acceptedDate": "2012-02-23 17:05:25", "period": "FY", "revenue": 13887000000, "costOfRevenue": 4935000000, "grossProfit": 8952000000, "grossProfitRatio": 0.6446316699071074, "researchAndDevelopmentExpenses": 2308000000, "generalAndAdministrativeExpenses": 1973000000, "sellingAndMarketingExpenses": 0.0, "otherExpenses": 72000000, "operatingExpenses": 4353000000, "costAndExpenses": 9288000000, "interestExpense": 35000000, "depreciationAndAmortization": 1589000000, "ebitda": 6188000000, "ebitdaratio": 0.445596601138, "operatingIncome": 4599000000, "operatingIncomeRatio": 0.331173039533, "totalOtherIncomeExpensesNet": 0.0, "incomeBeforeTax": 4587000000, "incomeBeforeTaxRatio": 0.330308922013, "incomeTaxExpense": 1227000000, "netIncome": 3360000000, "netIncomeRatio": 0.241952905595, "eps": 0.66, "epsdiluted": 0.64, "weightedAverageShsOut": 5256000000, "weightedAverageShsOutDil": 5411000000, "link": "https://www.sec.gov/Archives/edgar/data/50863/000119312512075534/0001193125-12-075534-index.htm", "finalLink": "https://www.sec.gov/Archives/edgar/data/50863/000119312512075534/d302695d10k.htm"}, {"date": "2011-10-01", "symbol": "INTC", "fillingDate": "2011-11-04", "acceptedDate": "2011-11-04 17:08:32", "period": "Q3", "revenue": 14233000000, "costOfRevenue": 5215000000, "grossProfit": 9018000000, "grossProfitRatio": 0.6335979765334083, "researchAndDevelopmentExpenses": 2140000000, "generalAndAdministrativeExpenses": 2017000000, "sellingAndMarketingExpenses": 0.0, "otherExpenses": 76000000, "operatingExpenses": 4233000000, "costAndExpenses": 9448000000, "interestExpense": 0.0, "depreciationAndAmortization": 1529000000, "ebitda": 6314000000, "ebitdaratio": 0.443616946533, "operatingIncome": 4785000000, "operatingIncomeRatio": 0.336190543104, "totalOtherIncomeExpensesNet": 0.0, "incomeBeforeTax": 4892000000, "incomeBeforeTaxRatio": 0.343708283566, "incomeTaxExpense": 1424000000, "netIncome": 3468000000, "netIncomeRatio": 0.243659102087, "eps": 0.66, "epsdiluted": 0.64, "weightedAverageShsOut": 5317000000, "weightedAverageShsOutDil": 5466000000, "link": "https://www.sec.gov/Archives/edgar/data/50863/000119312511297669/0001193125-11-297669-index.htm", "finalLink": "https://www.sec.gov/Archives/edgar/data/50863/000119312511297669/d250787d10q.htm"}, {"date": "2011-07-02", "symbol": "INTC", "fillingDate": "2011-08-08", "acceptedDate": "2011-08-08 17:16:00", "period": "Q2", "revenue": 25879000000, "costOfRevenue": 10092000000, "grossProfit": 15787000000, "grossProfitRatio": 0.6100312995092546, "researchAndDevelopmentExpenses": 3902000000, "generalAndAdministrativeExpenses": 3680000000, "sellingAndMarketingExpenses": 0.0, "otherExpenses": 112000000, "operatingExpenses": 7694000000, "costAndExpenses": 17786000000, "interestExpense": 6000000.0, "depreciationAndAmortization": 2946000000, "ebitda": 11039000000, "ebitdaratio": 0.42656207736, "operatingIncome": 8093000000, "operatingIncomeRatio": 0.31272460296, "totalOtherIncomeExpensesNet": 0.0, "incomeBeforeTax": 8302000000, "incomeBeforeTaxRatio": 0.320800649175, "incomeTaxExpense": 2188000000, "netIncome": 6114000000, "netIncomeRatio": 0.236253332818, "eps": 1.14, "epsdiluted": 1.11, "weightedAverageShsOut": 5376000000, "weightedAverageShsOutDil": 5527000000, "link": "https://www.sec.gov/Archives/edgar/data/50863/000095012311074495/0000950123-11-074495-index.htm", "finalLink": "https://www.sec.gov/Archives/edgar/data/50863/000095012311074495/f59247e10vq.htm"}, {"date": "2011-04-02", "symbol": "INTC", "fillingDate": "2011-05-09", "acceptedDate": "2011-05-09 17:08:42", "period": "Q1", "revenue": 12847000000, "costOfRevenue": 4962000000, "grossProfit": 7885000000, "grossProfitRatio": 0.6137619677745777, "researchAndDevelopmentExpenses": 1916000000, "generalAndAdministrativeExpenses": 1775000000, "sellingAndMarketingExpenses": 0.0, "otherExpenses": 36000000, "operatingExpenses": 3727000000, "costAndExpenses": 8689000000, "interestExpense": 0.0, "depreciationAndAmortization": 1287000000, "ebitda": 4158000000, "ebitdaratio": 0.3236553280921616, "operatingIncome": 4158000000, "operatingIncomeRatio": 0.3236553280921616, "totalOtherIncomeExpensesNet": 0.0, "incomeBeforeTax": 4371000000, "incomeBeforeTaxRatio": 0.340235074336421, "incomeTaxExpense": 0.0, "netIncome": 3160000000, "netIncomeRatio": 0.24597182221530317, "eps": 0.0, "epsdiluted": 0.0, "weightedAverageShsOut": 5376000000, "weightedAverageShsOutDil": 5527000000, "link": "https://www.sec.gov/Archives/edgar/data/50863/000095012311047498/0000950123-11-047498-index.htm", "finalLink": "https://www.sec.gov/Archives/edgar/data/50863/000095012311047498/f58500e10vq.htm"}, {"date": "2010-12-25", "symbol": "INTC", "fillingDate": "2011-02-18", "acceptedDate": "2011-02-18 17:20:31", "period": "FY", "revenue": 11457000000, "costOfRevenue": 4051000000, "grossProfit": 7406000000, "grossProfitRatio": 0.6464170376189229, "researchAndDevelopmentExpenses": 1671000000, "generalAndAdministrativeExpenses": 1705000000, "sellingAndMarketingExpenses": 0.0, "otherExpenses": 7000000.0, "operatingExpenses": 3383000000, "costAndExpenses": 7434000000, "interestExpense": 0.0, "depreciationAndAmortization": 1146000000, "ebitda": 4023000000, "ebitdaratio": 0.3511390416339356, "operatingIncome": 4023000000, "operatingIncomeRatio": 0.3511390416339356, "totalOtherIncomeExpensesNet": 0.0, "incomeBeforeTax": 4163000000, "incomeBeforeTaxRatio": 0.363358645369643, "incomeTaxExpense": 0.0, "netIncome": 3180000000, "netIncomeRatio": 0.27755957056821157, "eps": 0.0, "epsdiluted": 0.0, "weightedAverageShsOut": 5376000000, "weightedAverageShsOutDil": 5527000000, "link": "https://www.sec.gov/Archives/edgar/data/50863/000095012311015783/0000950123-11-015783-index.htm", "finalLink": "https://www.sec.gov/Archives/edgar/data/50863/000095012311015783/f56033e10vk.htm"}, {"date": "2010-09-25", "symbol": "INTC", "fillingDate": "2010-11-02", "acceptedDate": "2010-11-02 17:12:31", "period": "Q3", "revenue": 11102000000, "costOfRevenue": 3781000000, "grossProfit": 7321000000, "grossProfitRatio": 0.659430733201225, "researchAndDevelopmentExpenses": 1675000000, "generalAndAdministrativeExpenses": 1506000000, "sellingAndMarketingExpenses": 0.0, "otherExpenses": 4000000.0, "operatingExpenses": 3185000000, "costAndExpenses": 6966000000, "interestExpense": 0.0, "depreciationAndAmortization": 1086000000, "ebitda": 4136000000, "ebitdaratio": 0.37254548729958564, "operatingIncome": 4136000000, "operatingIncomeRatio": 0.37254548729958564, "totalOtherIncomeExpensesNet": 0.0, "incomeBeforeTax": 4251000000, "incomeBeforeTaxRatio": 0.382903981264637, "incomeTaxExpense": 0.0, "netIncome": 2955000000, "netIncomeRatio": 0.26616825797153665, "eps": 0.0, "epsdiluted": 0.0, "weightedAverageShsOut": 5376000000, "weightedAverageShsOutDil": 5527000000, "link": "https://www.sec.gov/Archives/edgar/data/50863/000095012310099521/0000950123-10-099521-index.htm", "finalLink": "https://www.sec.gov/Archives/edgar/data/50863/000095012310099521/f56770e10vq.htm"}, {"date": "2010-06-26", "symbol": "INTC", "fillingDate": "2010-07-30", "acceptedDate": "2010-07-30 17:12:47", "period": "Q2", "revenue": 10765000000, "costOfRevenue": 3530000000, "grossProfit": 7235000000, "grossProfitRatio": 0.672085462145843, "researchAndDevelopmentExpenses": 1666000000, "generalAndAdministrativeExpenses": 1584000000, "sellingAndMarketingExpenses": 0.0, "otherExpenses": 4000000.0, "operatingExpenses": 3254000000, "costAndExpenses": 6784000000, "interestExpense": 0.0, "depreciationAndAmortization": 1086000000, "ebitda": 3981000000, "ebitdaratio": 0.3698095680445889, "operatingIncome": 3981000000, "operatingIncomeRatio": 0.3698095680445889, "totalOtherIncomeExpensesNet": 0.0, "incomeBeforeTax": 4185000000, "incomeBeforeTaxRatio": 0.3887598699489085, "incomeTaxExpense": 0.0, "netIncome": 2887000000, "netIncomeRatio": 0.268183929400836, "eps": 0.0, "epsdiluted": 0.0, "weightedAverageShsOut": 5376000000, "weightedAverageShsOutDil": 5527000000, "link": "https://www.sec.gov/Archives/edgar/data/50863/000095012310070570/0000950123-10-070570-index.htm", "finalLink": "https://www.sec.gov/Archives/edgar/data/50863/000095012310070570/f56011e10vq.htm"}, {"date": "2010-03-27", "symbol": "INTC", "fillingDate": "2010-05-03", "acceptedDate": "2010-05-03 17:17:00", "period": "Q1", "revenue": 10299000000, "costOfRevenue": 3770000000, "grossProfit": 6529000000, "grossProfitRatio": 0.6339450432080784, "researchAndDevelopmentExpenses": 1564000000, "generalAndAdministrativeExpenses": 1514000000, "sellingAndMarketingExpenses": 0.0, "otherExpenses": 3000000.0, "operatingExpenses": 3081000000, "costAndExpenses": 6851000000, "interestExpense": 0.0, "depreciationAndAmortization": 1080000000, "ebitda": 3448000000, "ebitdaratio": 0.3347897854160598, "operatingIncome": 3448000000, "operatingIncomeRatio": 0.3347897854160598, "totalOtherIncomeExpensesNet": 0.0, "incomeBeforeTax": 3446000000, "incomeBeforeTaxRatio": 0.3345955918050296, "incomeTaxExpense": 0.0, "netIncome": 2442000000, "netIncomeRatio": 0.23711039906787068, "eps": 0.0, "epsdiluted": 0.0, "weightedAverageShsOut": 5376000000, "weightedAverageShsOutDil": 5527000000, "link": "https://www.sec.gov/Archives/edgar/data/50863/000095012310042822/0000950123-10-042822-index.htm", "finalLink": "https://www.sec.gov/Archives/edgar/data/50863/000095012310042822/f55272e10vq.htm"}, {"date": "2009-12-26", "symbol": "INTC", "fillingDate": "2010-02-22", "acceptedDate": "2010-02-22 17:14:00", "period": "FY", "revenue": 10569000000, "costOfRevenue": 3729000000, "grossProfit": 6840000000, "grossProfitRatio": 0.647175702526256, "researchAndDevelopmentExpenses": 1603000000, "generalAndAdministrativeExpenses": 2718000000, "sellingAndMarketingExpenses": 0.0, "otherExpenses": 22000000, "operatingExpenses": 4343000000, "costAndExpenses": 8072000000, "interestExpense": 0.0, "depreciationAndAmortization": 1172000000, "ebitda": 3669000000, "ebitdaratio": 0.34714731762702244, "operatingIncome": 2497000000, "operatingIncomeRatio": 0.23625697795439493, "totalOtherIncomeExpensesNet": 0.0, "incomeBeforeTax": 2593000000, "incomeBeforeTaxRatio": 0.2453401457091494, "incomeTaxExpense": 0.0, "netIncome": 2282000000, "netIncomeRatio": 0.21591446683697607, "eps": 0.79, "epsdiluted": 0.79, "weightedAverageShsOut": 5376000000, "weightedAverageShsOutDil": 5527000000, "link": "https://www.sec.gov/Archives/edgar/data/50863/000095012310015237/0000950123-10-015237-index.htm", "finalLink": "https://www.sec.gov/Archives/edgar/data/50863/000095012310015237/f54119e10vk.htm"}, {"date": "2009-09-26", "symbol": "INTC", "fillingDate": "2009-11-02", "acceptedDate": "2009-11-02 17:10:52", "period": "Q3", "revenue": 9389000000, "costOfRevenue": 3985000000, "grossProfit": 5404000000, "grossProfitRatio": 0.5755671530514431, "researchAndDevelopmentExpenses": 1430000000, "generalAndAdministrativeExpenses": 1316000000, "sellingAndMarketingExpenses": 0.0, "otherExpenses": 79000000, "operatingExpenses": 2825000000, "costAndExpenses": 6810000000, "interestExpense": 0.0, "depreciationAndAmortization": 1153000000, "ebitda": 3732000000, "ebitdaratio": 0.39748642027904996, "operatingIncome": 2579000000, "operatingIncomeRatio": 0.2746831398444989, "totalOtherIncomeExpensesNet": 0.0, "incomeBeforeTax": 2532000000, "incomeBeforeTaxRatio": 0.2696772819256577, "incomeTaxExpense": 0.0, "netIncome": 1856000000, "netIncomeRatio": 0.19767813398658005, "eps": 0.37, "epsdiluted": 0.37, "weightedAverageShsOut": 5568000000, "weightedAverageShsOutDil": 5643000000, "link": "https://www.sec.gov/Archives/edgar/data/50863/000095012309056321/0000950123-09-056321-index.htm", "finalLink": "https://www.sec.gov/Archives/edgar/data/50863/000095012309056321/f53311e10vq.htm"}, {"date": "2009-06-27", "symbol": "INTC", "fillingDate": "2009-08-03", "acceptedDate": "2009-08-03 17:08:44", "period": "Q2", "revenue": 8024000000, "costOfRevenue": 3945000000, "grossProfit": 4079000000, "grossProfitRatio": 0.5083499501495513, "researchAndDevelopmentExpenses": 1303000000, "generalAndAdministrativeExpenses": 2697000000, "sellingAndMarketingExpenses": 0.0, "otherExpenses": 91000000, "operatingExpenses": 4091000000, "costAndExpenses": 8036000000, "interestExpense": 0.0, "depreciationAndAmortization": 1211000000, "ebitda": 1199000000, "ebitdaratio": 0.14942671984047856, "operatingIncome": -12000000, "operatingIncomeRatio": -0.0014955134596211367, "totalOtherIncomeExpensesNet": 0.0, "incomeBeforeTax": -50000000, "incomeBeforeTaxRatio": -0.006231306081754736, "incomeTaxExpense": 0.0, "netIncome": -398000000, "netIncomeRatio": -0.0496011964107677, "eps": 0.04, "epsdiluted": 0.04, "weightedAverageShsOut": 5376000000, "weightedAverageShsOutDil": 5527000000, "link": "https://www.sec.gov/Archives/edgar/data/50863/000095012309028975/0000950123-09-028975-index.htm", "finalLink": "https://www.sec.gov/Archives/edgar/data/50863/000095012309028975/f53036e10vq.htm"}, {"date": "2009-03-28", "symbol": "INTC", "fillingDate": "2009-04-30", "acceptedDate": "2009-04-29 18:12:19", "period": "Q1", "revenue": 7145000000, "costOfRevenue": 3907000000, "grossProfit": 3238000000, "grossProfitRatio": 0.45318404478656404, "researchAndDevelopmentExpenses": 1317000000, "generalAndAdministrativeExpenses": 1200000000, "sellingAndMarketingExpenses": 0.0, "otherExpenses": 74000000, "operatingExpenses": 2591000000, "costAndExpenses": 6498000000, "interestExpense": 0.0, "depreciationAndAmortization": 1208000000, "ebitda": 1855000000, "ebitdaratio": 0.2596221133659902, "operatingIncome": 647000000, "operatingIncomeRatio": 0.09055283414975507, "totalOtherIncomeExpensesNet": 0.0, "incomeBeforeTax": 629000000, "incomeBeforeTaxRatio": 0.0880335899230231, "incomeTaxExpense": 0.0, "netIncome": 629000000, "netIncomeRatio": 0.0880335899230231, "eps": 0.11, "epsdiluted": 0.11, "weightedAverageShsOut": 5573000000, "weightedAverageShsOutDil": 5634000000, "link": "https://www.sec.gov/Archives/edgar/data/50863/000095013409008795/0000950134-09-008795-index.htm", "finalLink": "https://www.sec.gov/Archives/edgar/data/50863/000095013409008795/f52211e10vq.htm"}, {"date": "2008-12-27", "symbol": "INTC", "fillingDate": "2009-02-23", "acceptedDate": "2009-02-20 17:44:51", "period": "FY", "revenue": 8226000000, "costOfRevenue": 3857000000, "grossProfit": 4369000000, "grossProfitRatio": 0.5311208363724775, "researchAndDevelopmentExpenses": 1316000000, "generalAndAdministrativeExpenses": 1263000000, "sellingAndMarketingExpenses": 0.0, "otherExpenses": 251000000, "operatingExpenses": 2830000000, "costAndExpenses": 6687000000, "interestExpense": 0.0, "depreciationAndAmortization": 1157000000, "ebitda": 2696000000, "ebitdaratio": 0.3277413080476538, "operatingIncome": 1539000000, "operatingIncomeRatio": 0.18708971553610504, "totalOtherIncomeExpensesNet": 0.0, "incomeBeforeTax": 369000000, "incomeBeforeTaxRatio": 0.044857768052516414, "incomeTaxExpense": 0.0, "netIncome": 234000000, "netIncomeRatio": 0.028446389496717725, "eps": 0.93, "epsdiluted": 0.93, "weightedAverageShsOut": 5663000000, "weightedAverageShsOutDil": 5748000000, "link": "https://www.sec.gov/Archives/edgar/data/50863/000089161809000047/0000891618-09-000047-index.htm", "finalLink": "https://www.sec.gov/Archives/edgar/data/50863/000089161809000047/f50771e10vk.htm"}, {"date": "2008-09-27", "symbol": "INTC", "fillingDate": "2008-10-31", "acceptedDate": "2008-10-30 17:58:57", "period": "Q3", "revenue": 10217000000, "costOfRevenue": 4198000000, "grossProfit": 6019000000, "grossProfitRatio": 0.5891161789174905, "researchAndDevelopmentExpenses": 1471000000, "generalAndAdministrativeExpenses": 1416000000, "sellingAndMarketingExpenses": 0.0, "otherExpenses": 34000000, "operatingExpenses": 2921000000, "costAndExpenses": 7119000000, "interestExpense": 0.0, "depreciationAndAmortization": 1059000000, "ebitda": 4157000000, "ebitdaratio": 0.4068709014387785, "operatingIncome": 3098000000, "operatingIncomeRatio": 0.303220123323872, "totalOtherIncomeExpensesNet": 0.0, "incomeBeforeTax": 2833000000, "incomeBeforeTaxRatio": 0.2772829597729275, "incomeTaxExpense": 0.0, "netIncome": 2014000000, "netIncomeRatio": 0.19712244298717824, "eps": 0.89, "epsdiluted": 0.89, "weightedAverageShsOut": 5696000000, "weightedAverageShsOutDil": 5790000000, "link": "https://www.sec.gov/Archives/edgar/data/50863/000095013408018805/0000950134-08-018805-index.htm", "finalLink": "https://www.sec.gov/Archives/edgar/data/50863/000095013408018805/f50051e10vq.htm"}, {"date": "2008-06-28", "symbol": "INTC", "fillingDate": "2008-08-01", "acceptedDate": "2008-07-31 17:55:30", "period": "Q2", "revenue": 9470000000, "costOfRevenue": 4221000000, "grossProfit": 5249000000, "grossProfitRatio": 0.5542766631467793, "researchAndDevelopmentExpenses": 1468000000, "generalAndAdministrativeExpenses": 1430000000, "sellingAndMarketingExpenses": 0.0, "otherExpenses": 96000000, "operatingExpenses": 2994000000, "costAndExpenses": 7215000000, "interestExpense": 0.0, "depreciationAndAmortization": 1042000000, "ebitda": 3297000000, "ebitdaratio": 0.3481520591341077, "operatingIncome": 2255000000, "operatingIncomeRatio": 0.23812038014783526, "totalOtherIncomeExpensesNet": 0.0, "incomeBeforeTax": 2313000000, "incomeBeforeTaxRatio": 0.24424498416050686, "incomeTaxExpense": 0.0, "netIncome": 1601000000, "netIncomeRatio": 0.16906019007391762, "eps": 0.53, "epsdiluted": 0.53, "weightedAverageShsOut": 5743000000, "weightedAverageShsOutDil": 5840000000, "link": "https://www.sec.gov/Archives/edgar/data/50863/000089161808000380/0000891618-08-000380-index.htm", "finalLink": "https://www.sec.gov/Archives/edgar/data/50863/000089161808000380/f42344e10vq.htm"}, {"date": "2008-03-29", "symbol": "INTC", "fillingDate": "2008-05-02", "acceptedDate": "2008-05-01 18:03:09", "period": "Q1", "revenue": 9673000000, "costOfRevenue": 4466000000, "grossProfit": 5207000000, "grossProfitRatio": 0.5383024914711051, "researchAndDevelopmentExpenses": 1467000000, "generalAndAdministrativeExpenses": 1349000000, "sellingAndMarketingExpenses": 0.0, "otherExpenses": 329000000, "operatingExpenses": 3145000000, "costAndExpenses": 7611000000, "interestExpense": 0.0, "depreciationAndAmortization": 1102000000, "ebitda": 3164000000, "ebitdaratio": 0.32709604052517316, "operatingIncome": 2062000000, "operatingIncomeRatio": 0.21317068127778352, "totalOtherIncomeExpensesNet": 0.0, "incomeBeforeTax": 2171000000, "incomeBeforeTaxRatio": 0.2244391605499845, "incomeTaxExpense": 0.0, "netIncome": 1443000000, "netIncomeRatio": 0.1491781246769358, "eps": 0.25, "epsdiluted": 0.25, "weightedAverageShsOut": 5787000000, "weightedAverageShsOutDil": 5879000000, "link": "https://www.sec.gov/Archives/edgar/data/50863/000095013408008205/0000950134-08-008205-index.htm", "finalLink": "https://www.sec.gov/Archives/edgar/data/50863/000095013408008205/f40150e10vq.htm"}, {"date": "2007-12-29", "symbol": "INTC", "fillingDate": "2008-02-20", "acceptedDate": "2008-02-19 19:50:19", "period": "FY", "revenue": 10712000000, "costOfRevenue": 4486000000, "grossProfit": 6226000000, "grossProfitRatio": 0.5812173263629574, "researchAndDevelopmentExpenses": 1481000000, "generalAndAdministrativeExpenses": 1462000000, "sellingAndMarketingExpenses": 0.0, "otherExpenses": 236000000, "operatingExpenses": 3179000000, "costAndExpenses": 7665000000, "interestExpense": 0.0, "depreciationAndAmortization": 1108000000, "ebitda": 4155000000, "ebitdaratio": 0.38788274831964153, "operatingIncome": 3047000000, "operatingIncomeRatio": 0.28444734876773714, "totalOtherIncomeExpensesNet": 0.0, "incomeBeforeTax": 3261000000, "incomeBeforeTaxRatio": 0.3044249439880508, "incomeTaxExpense": 0.0, "netIncome": 2271000000, "netIncomeRatio": 0.21200522778192682, "eps": 1.2, "epsdiluted": 1.2, "weightedAverageShsOut": 5816000000, "weightedAverageShsOutDil": 5936000000, "link": "https://www.sec.gov/Archives/edgar/data/50863/000089161808000106/0000891618-08-000106-index.htm", "finalLink": "https://www.sec.gov/Archives/edgar/data/50863/000089161808000106/f36442e10vk.htm"}, {"date": "2007-09-29", "symbol": "INTC", "fillingDate": "2007-11-02", "acceptedDate": "2007-11-01 17:46:47", "period": "Q3", "revenue": 10090000000, "costOfRevenue": 4919000000, "grossProfit": 5171000000, "grossProfitRatio": 0.5124876114965312, "researchAndDevelopmentExpenses": 1521000000, "generalAndAdministrativeExpenses": 1378000000, "sellingAndMarketingExpenses": 0.0, "otherExpenses": 128000000, "operatingExpenses": 3027000000, "costAndExpenses": 7946000000, "interestExpense": 0.0, "depreciationAndAmortization": 1098000000, "ebitda": 3242000000, "ebitdaratio": 0.32130822596630326, "operatingIncome": 2144000000, "operatingIncomeRatio": 0.21248761149653123, "totalOtherIncomeExpensesNet": 0.0, "incomeBeforeTax": 2503000000, "incomeBeforeTaxRatio": 0.24806739345887016, "incomeTaxExpense": 0.0, "netIncome": 1791000000, "netIncomeRatio": 0.17750247770069374, "eps": 0.81, "epsdiluted": 0.81, "weightedAverageShsOut": 5808000000, "weightedAverageShsOutDil": 5919000000, "link": "https://www.sec.gov/Archives/edgar/data/50863/000089161807000624/0000891618-07-000624-index.htm", "finalLink": "https://www.sec.gov/Archives/edgar/data/50863/000089161807000624/f34863e10vq.htm"}, {"date": "2007-06-30", "symbol": "INTC", "fillingDate": "2007-08-06", "acceptedDate": "2007-08-03 17:45:31", "period": "Q2", "revenue": 8680000000, "costOfRevenue": 4605000000, "grossProfit": 4075000000, "grossProfitRatio": 0.4694700460829493, "researchAndDevelopmentExpenses": 1353000000, "generalAndAdministrativeExpenses": 1284000000, "sellingAndMarketingExpenses": 0.0, "otherExpenses": 88000000, "operatingExpenses": 2725000000, "costAndExpenses": 7330000000, "interestExpense": 0.0, "depreciationAndAmortization": 1153000000, "ebitda": 2503000000, "ebitdaratio": 0.2883640552995392, "operatingIncome": 1350000000, "operatingIncomeRatio": 0.15552995391705068, "totalOtherIncomeExpensesNet": 0.0, "incomeBeforeTax": 1529000000, "incomeBeforeTaxRatio": 0.1761520737327189, "incomeTaxExpense": 0.0, "netIncome": 1278000000, "netIncomeRatio": 0.14723502304147465, "eps": 0.5, "epsdiluted": 0.5, "weightedAverageShsOut": 5793000000, "weightedAverageShsOutDil": 5895000000, "link": "https://www.sec.gov/Archives/edgar/data/50863/000095013407016808/0000950134-07-016808-index.htm", "finalLink": "https://www.sec.gov/Archives/edgar/data/50863/000095013407016808/f32127e10vq.htm"}, {"date": "2007-03-31", "symbol": "INTC", "fillingDate": "2007-05-03", "acceptedDate": "2007-05-02 18:03:01", "period": "Q1", "revenue": 8852000000, "costOfRevenue": 4420000000, "grossProfit": 4432000000, "grossProfitRatio": 0.5006778129236331, "researchAndDevelopmentExpenses": 1400000000, "generalAndAdministrativeExpenses": 1277000000, "sellingAndMarketingExpenses": 0.0, "otherExpenses": 80000000, "operatingExpenses": 2757000000, "costAndExpenses": 7177000000, "interestExpense": 0.0, "depreciationAndAmortization": 1187000000, "ebitda": 2862000000, "ebitdaratio": 0.32331676457297787, "operatingIncome": 1675000000, "operatingIncomeRatio": 0.18922277451423408, "totalOtherIncomeExpensesNet": 0.0, "incomeBeforeTax": 1873000000, "incomeBeforeTaxRatio": 0.21159060099412563, "incomeTaxExpense": 0.0, "netIncome": 1636000000, "netIncomeRatio": 0.18481699051061906, "eps": 0.28, "epsdiluted": 0.28, "weightedAverageShsOut": 5777000000, "weightedAverageShsOutDil": 5874000000, "link": "https://www.sec.gov/Archives/edgar/data/50863/000095013407009935/0000950134-07-009935-index.htm", "finalLink": "https://www.sec.gov/Archives/edgar/data/50863/000095013407009935/f29491e10vq.htm"}, {"date": "2006-12-30", "symbol": "INTC", "fillingDate": "2007-02-26", "acceptedDate": "2007-02-23 17:40:01", "period": "FY", "revenue": 9694000000, "costOfRevenue": 4884000000, "grossProfit": 4810000000, "grossProfitRatio": 0.4961832061068702, "researchAndDevelopmentExpenses": 1426000000, "generalAndAdministrativeExpenses": 1434000000, "sellingAndMarketingExpenses": 0.0, "otherExpenses": 462000000, "operatingExpenses": 3322000000, "costAndExpenses": 8206000000, "interestExpense": 0.0, "depreciationAndAmortization": 1166000000, "ebitda": 2654000000, "ebitdaratio": 0.2737775943882814, "operatingIncome": 1488000000, "operatingIncomeRatio": 0.1534970084588405, "totalOtherIncomeExpensesNet": 0.0, "incomeBeforeTax": 2127000000, "incomeBeforeTaxRatio": 0.21941407055910872, "incomeTaxExpense": 0.0, "netIncome": 1501000000, "netIncomeRatio": 0.15483804415102126, "eps": 0.87, "epsdiluted": 0.87, "weightedAverageShsOut": 5797000000, "weightedAverageShsOutDil": 5797000000, "link": "https://www.sec.gov/Archives/edgar/data/50863/000089161807000111/0000891618-07-000111-index.htm", "finalLink": "https://www.sec.gov/Archives/edgar/data/50863/000089161807000111/f23627e10vk.htm"}, {"date": "2006-09-30", "symbol": "INTC", "fillingDate": "2006-11-03", "acceptedDate": "2006-11-02 18:34:41", "period": "Q3", "revenue": 8739000000, "costOfRevenue": 4445000000, "grossProfit": 4294000000, "grossProfitRatio": 0.49136056757066027, "researchAndDevelopmentExpenses": 1389000000, "generalAndAdministrativeExpenses": 1425000000, "sellingAndMarketingExpenses": 0.0, "otherExpenses": 106000000, "operatingExpenses": 2920000000, "costAndExpenses": 7365000000, "interestExpense": 0.0, "depreciationAndAmortization": 1193000000, "ebitda": 2567000000, "ebitdaratio": 0.2937407025975512, "operatingIncome": 1374000000, "operatingIncomeRatio": 0.15722622725712324, "totalOtherIncomeExpensesNet": 0.0, "incomeBeforeTax": 1814000000, "incomeBeforeTaxRatio": 0.20757523744135484, "incomeTaxExpense": 0.0, "netIncome": 1301000000, "netIncomeRatio": 0.14887286874928482, "eps": 0.61, "epsdiluted": 0.61, "weightedAverageShsOut": 5808000000, "weightedAverageShsOutDil": 5808000000, "link": "https://www.sec.gov/Archives/edgar/data/50863/000089161806000457/0000891618-06-000457-index.htm", "finalLink": "https://www.sec.gov/Archives/edgar/data/50863/000089161806000457/f23624e10vq.htm"}, {"date": "2006-07-01", "symbol": "INTC", "fillingDate": "2006-08-02", "acceptedDate": "2006-08-01 19:18:39", "period": "Q2", "revenue": 8009000000, "costOfRevenue": 3838000000, "grossProfit": 4171000000, "grossProfitRatio": 0.5207891122487202, "researchAndDevelopmentExpenses": 1496000000, "generalAndAdministrativeExpenses": 1593000000, "sellingAndMarketingExpenses": 0.0, "otherExpenses": 10000000, "operatingExpenses": 3099000000, "costAndExpenses": 6937000000, "interestExpense": 0.0, "depreciationAndAmortization": 1156000000, "ebitda": 2228000000, "ebitdaratio": 0.278187039580472, "operatingIncome": 1072000000, "operatingIncomeRatio": 0.13384941940317144, "totalOtherIncomeExpensesNet": 0.0, "incomeBeforeTax": 1253000000, "incomeBeforeTaxRatio": 0.15644899488075914, "incomeTaxExpense": 0.0, "netIncome": 885000000, "netIncomeRatio": 0.11050068672743164, "eps": 0.38, "epsdiluted": 0.38, "weightedAverageShsOut": 5827000000, "weightedAverageShsOutDil": 5827000000, "link": "https://www.sec.gov/Archives/edgar/data/50863/000089161806000309/0000891618-06-000309-index.htm", "finalLink": "https://www.sec.gov/Archives/edgar/data/50863/000089161806000309/f22070e10vq.htm"}, {"date": "2006-04-01", "symbol": "INTC", "fillingDate": "2006-05-08", "acceptedDate": "2006-05-05 17:40:58", "period": "Q1", "revenue": 8940000000, "costOfRevenue": 3997000000, "grossProfit": 4943000000, "grossProfitRatio": 0.5529082774049217, "researchAndDevelopmentExpenses": 1562000000, "generalAndAdministrativeExpenses": 1644000000, "sellingAndMarketingExpenses": 0.0, "otherExpenses": 19000000, "operatingExpenses": 3225000000, "costAndExpenses": 7222000000, "interestExpense": 0.0, "depreciationAndAmortization": 1139000000, "ebitda": 2857000000, "ebitdaratio": 0.3195749440715884, "operatingIncome": 1718000000, "operatingIncomeRatio": 0.19217002237136466, "totalOtherIncomeExpensesNet": 0.0, "incomeBeforeTax": 1874000000, "incomeBeforeTaxRatio": 0.20961968680089485, "incomeTaxExpense": 0.0, "netIncome": 1357000000, "netIncomeRatio": 0.1517897091722595, "eps": 0.23, "epsdiluted": 0.23, "weightedAverageShsOut": 5854000000, "weightedAverageShsOutDil": 5854000000, "link": "https://www.sec.gov/Archives/edgar/data/50863/000089161806000189/0000891618-06-000189-index.htm", "finalLink": "https://www.sec.gov/Archives/edgar/data/50863/000089161806000189/f19747e10vq.htm"}, {"date": "2005-12-31", "symbol": "INTC", "fillingDate": "2006-02-27", "acceptedDate": "2006-02-24 17:40:44", "period": "FY", "revenue": 10201000000, "costOfRevenue": 3901000000, "grossProfit": 6300000000, "grossProfitRatio": 0.6175865111263602, "researchAndDevelopmentExpenses": 1362000000, "generalAndAdministrativeExpenses": 1606000000, "sellingAndMarketingExpenses": 0.0, "otherExpenses": 23000000, "operatingExpenses": 2991000000, "costAndExpenses": 6892000000, "interestExpense": 0.0, "depreciationAndAmortization": 1050000000, "ebitda": 4359000000, "ebitdaratio": 0.42731104793647684, "operatingIncome": 3309000000, "operatingIncomeRatio": 0.32437996274875014, "totalOtherIncomeExpensesNet": 0.0, "incomeBeforeTax": 3462000000, "incomeBeforeTaxRatio": 0.33937849230467604, "incomeTaxExpense": 0.0, "netIncome": 2453000000, "netIncomeRatio": 0.2404666209195177, "eps": 1.42, "epsdiluted": 1.42, "weightedAverageShsOut": 6106000000, "weightedAverageShsOutDil": 6106000000, "link": "https://www.sec.gov/Archives/edgar/data/50863/000089161806000089/0000891618-06-000089-index.htm", "finalLink": "https://www.sec.gov/Archives/edgar/data/50863/000089161806000089/f12963e10vk.htm"}, {"date": "2005-10-01", "symbol": "INTC", "fillingDate": "2005-11-01", "acceptedDate": "2005-10-31 18:08:48", "period": "Q3", "revenue": 9960000000, "costOfRevenue": 4012000000, "grossProfit": 5948000000, "grossProfitRatio": 0.5971887550200803, "researchAndDevelopmentExpenses": 1341000000, "generalAndAdministrativeExpenses": 1478000000, "sellingAndMarketingExpenses": 0.0, "otherExpenses": 29000000, "operatingExpenses": 2848000000, "costAndExpenses": 6860000000, "interestExpense": 0.0, "depreciationAndAmortization": 1055000000, "ebitda": 4155000000, "ebitdaratio": 0.4171686746987952, "operatingIncome": 3100000000, "operatingIncomeRatio": 0.3112449799196787, "totalOtherIncomeExpensesNet": 0.0, "incomeBeforeTax": 3243000000, "incomeBeforeTaxRatio": 0.3256024096385542, "incomeTaxExpense": 0.0, "netIncome": 1995000000, "netIncomeRatio": 0.2003012048192771, "eps": 1.01, "epsdiluted": 1.01, "weightedAverageShsOut": 6139000000, "weightedAverageShsOutDil": 6139000000, "link": "https://www.sec.gov/Archives/edgar/data/50863/000089161805000821/0000891618-05-000821-index.htm", "finalLink": "https://www.sec.gov/Archives/edgar/data/50863/000089161805000821/f12965e10vq.htm"}, {"date": "2005-07-02", "symbol": "INTC", "fillingDate": "2005-08-08", "acceptedDate": "2005-08-05 17:42:09", "period": "Q2", "revenue": 9231000000, "costOfRevenue": 4028000000, "grossProfit": 5203000000, "grossProfitRatio": 0.5636442422272776, "researchAndDevelopmentExpenses": 1176000000, "generalAndAdministrativeExpenses": 1342000000, "sellingAndMarketingExpenses": 0.0, "otherExpenses": 36000000, "operatingExpenses": 2554000000, "costAndExpenses": 6582000000, "interestExpense": 0.0, "depreciationAndAmortization": 1051000000, "ebitda": 3700000000, "ebitdaratio": 0.4008233127505146, "operatingIncome": 2649000000, "operatingIncomeRatio": 0.28696782580435487, "totalOtherIncomeExpensesNet": 0.0, "incomeBeforeTax": 2754000000, "incomeBeforeTaxRatio": 0.2983425414364641, "incomeTaxExpense": 0.0, "netIncome": 2038000000, "netIncomeRatio": 0.22077781388798615, "eps": 0.68, "epsdiluted": 0.68, "weightedAverageShsOut": 6177000000, "weightedAverageShsOutDil": 6177000000, "link": "https://www.sec.gov/Archives/edgar/data/50863/000119312505159285/0001193125-05-159285-index.htm", "finalLink": "https://www.sec.gov/Archives/edgar/data/50863/000119312505159285/d10q.htm"}, {"date": "2005-04-02", "symbol": "INTC", "fillingDate": "2005-05-11", "acceptedDate": "2005-05-10 17:52:22", "period": "Q1", "revenue": 9434000000, "costOfRevenue": 3836000000, "grossProfit": 5598000000, "grossProfitRatio": 0.5933856264574942, "researchAndDevelopmentExpenses": 1266000000, "generalAndAdministrativeExpenses": 1262000000, "sellingAndMarketingExpenses": 0.0, "otherExpenses": 38000000, "operatingExpenses": 2566000000, "costAndExpenses": 6402000000, "interestExpense": 0.0, "depreciationAndAmortization": 1189000000, "ebitda": 4221000000, "ebitdaratio": 0.44742421030315876, "operatingIncome": 3032000000, "operatingIncomeRatio": 0.32139071443714223, "totalOtherIncomeExpensesNet": 0.0, "incomeBeforeTax": 3151000000, "incomeBeforeTaxRatio": 0.3340046639813441, "incomeTaxExpense": 0.0, "netIncome": 2178000000, "netIncomeRatio": 0.23086707653169386, "eps": 0.35, "epsdiluted": 0.35, "weightedAverageShsOut": 6211000000, "weightedAverageShsOutDil": 6211000000, "link": "https://www.sec.gov/Archives/edgar/data/50863/000119312505103060/0001193125-05-103060-index.htm", "finalLink": "https://www.sec.gov/Archives/edgar/data/50863/000119312505103060/d10q.htm"}, {"date": "2004-12-25", "symbol": "INTC", "fillingDate": "2005-02-22", "acceptedDate": "2005-02-18 17:51:02", "period": "FY", "revenue": 9598000000, "costOfRevenue": 4221000000, "grossProfit": 5377000000, "grossProfitRatio": 0.5602208793498645, "researchAndDevelopmentExpenses": 1214000000, "generalAndAdministrativeExpenses": 1225000000, "sellingAndMarketingExpenses": 0.0, "otherExpenses": 38000000, "operatingExpenses": 2477000000, "costAndExpenses": 6698000000, "interestExpense": 0.0, "depreciationAndAmortization": 1144000000, "ebitda": 4044000000, "ebitdaratio": 0.42133777870389666, "operatingIncome": 2900000000, "operatingIncomeRatio": 0.302146280475099, "totalOtherIncomeExpensesNet": 0.0, "incomeBeforeTax": 3027000000, "incomeBeforeTaxRatio": 0.31537820379245673, "incomeTaxExpense": 0.0, "netIncome": 2123000000, "netIncomeRatio": 0.221191914982288, "eps": 1.17, "epsdiluted": 1.17, "weightedAverageShsOut": 6400000000, "weightedAverageShsOutDil": 6400000000, "link": "https://www.sec.gov/Archives/edgar/data/50863/000119312505033162/0001193125-05-033162-index.htm", "finalLink": "https://www.sec.gov/Archives/edgar/data/50863/000119312505033162/d10k.htm"}, {"date": "2004-09-25", "symbol": "INTC", "fillingDate": "2004-11-04", "acceptedDate": "2004-11-03 18:07:54", "period": "Q3", "revenue": 8471000000, "costOfRevenue": 3752000000, "grossProfit": 4719000000, "grossProfitRatio": 0.5570770865305159, "researchAndDevelopmentExpenses": 1183000000, "generalAndAdministrativeExpenses": 1123000000, "sellingAndMarketingExpenses": 0.0, "otherExpenses": 40000000, "operatingExpenses": 2346000000, "costAndExpenses": 6098000000, "interestExpense": 0.0, "depreciationAndAmortization": 1155000000, "ebitda": 3528000000, "ebitdaratio": 0.4164797544563806, "operatingIncome": 2373000000, "operatingIncomeRatio": 0.28013221579506553, "totalOtherIncomeExpensesNet": 0.0, "incomeBeforeTax": 2426000000, "incomeBeforeTaxRatio": 0.28638885609727305, "incomeTaxExpense": 0.0, "netIncome": 1906000000, "netIncomeRatio": 0.22500295124542558, "eps": 0.84, "epsdiluted": 0.84, "weightedAverageShsOut": 6435000000, "weightedAverageShsOutDil": 6435000000, "link": "https://www.sec.gov/Archives/edgar/data/50863/000119312504185001/0001193125-04-185001-index.htm", "finalLink": "https://www.sec.gov/Archives/edgar/data/50863/000119312504185001/d10q.htm"}, {"date": "2004-06-26", "symbol": "INTC", "fillingDate": "2004-08-02", "acceptedDate": "2004-07-30 17:49:53", "period": "Q2", "revenue": 8049000000, "costOfRevenue": 3269000000, "grossProfit": 4780000000, "grossProfitRatio": 0.593862591626289, "researchAndDevelopmentExpenses": 1186000000, "generalAndAdministrativeExpenses": 1170000000, "sellingAndMarketingExpenses": 0.0, "otherExpenses": 43000000, "operatingExpenses": 2399000000, "costAndExpenses": 5668000000, "interestExpense": 0.0, "depreciationAndAmortization": 1151000000, "ebitda": 3532000000, "ebitdaratio": 0.43881227481674745, "operatingIncome": 2381000000, "operatingIncomeRatio": 0.29581314448999874, "totalOtherIncomeExpensesNet": 0.0, "incomeBeforeTax": 2420000000, "incomeBeforeTaxRatio": 0.3006584668902969, "incomeTaxExpense": 0.0, "netIncome": 1757000000, "netIncomeRatio": 0.21828798608522798, "eps": 0.54, "epsdiluted": 0.54, "weightedAverageShsOut": 6464000000, "weightedAverageShsOutDil": 6464000000, "link": "https://www.sec.gov/Archives/edgar/data/50863/000119312504128340/0001193125-04-128340-index.htm", "finalLink": "https://www.sec.gov/Archives/edgar/data/50863/000119312504128340/d10q.htm"}, {"date": "2004-03-27", "symbol": "INTC", "fillingDate": "2004-05-03", "acceptedDate": "2004-04-30 17:48:59", "period": "Q1", "revenue": 8091000000, "costOfRevenue": 3221000000, "grossProfit": 4870000000, "grossProfitRatio": 0.6019033494005686, "researchAndDevelopmentExpenses": 1195000000, "generalAndAdministrativeExpenses": 1141000000, "sellingAndMarketingExpenses": 0.0, "otherExpenses": 58000000, "operatingExpenses": 2394000000, "costAndExpenses": 5615000000, "interestExpense": 0.0, "depreciationAndAmortization": 1140000000, "ebitda": 3616000000, "ebitdaratio": 0.44691632678284515, "operatingIncome": 2476000000, "operatingIncomeRatio": 0.30601903349400567, "totalOtherIncomeExpensesNet": 0.0, "incomeBeforeTax": 2544000000, "incomeBeforeTaxRatio": 0.314423433444568, "incomeTaxExpense": 0.0, "netIncome": 1730000000, "netIncomeRatio": 0.21381782227165988, "eps": 0.27, "epsdiluted": 0.27, "weightedAverageShsOut": 6480000000, "weightedAverageShsOutDil": 6480000000, "link": "https://www.sec.gov/Archives/edgar/data/50863/000119312504075690/0001193125-04-075690-index.htm", "finalLink": "https://www.sec.gov/Archives/edgar/data/50863/000119312504075690/d10q.htm"}, {"date": "2003-12-27", "symbol": "INTC", "fillingDate": "2004-02-23", "acceptedDate": "2004-02-20 17:50:23", "period": "FY", "revenue": 8741000000, "costOfRevenue": 3185000000, "grossProfit": 5556000000, "grossProfitRatio": 0.6356252145063493, "researchAndDevelopmentExpenses": 1177000000, "generalAndAdministrativeExpenses": 1135000000, "sellingAndMarketingExpenses": 0.0, "otherExpenses": 682000000, "operatingExpenses": 2994000000, "costAndExpenses": 6179000000, "interestExpense": 0.0, "depreciationAndAmortization": 1177000000, "ebitda": 3739000000, "ebitdaratio": 0.42775426152614116, "operatingIncome": 2562000000, "operatingIncomeRatio": 0.2931014758036838, "totalOtherIncomeExpensesNet": 0.0, "incomeBeforeTax": 2580000000, "incomeBeforeTaxRatio": 0.295160736757808, "incomeTaxExpense": 0.0, "netIncome": 2173000000, "netIncomeRatio": 0.24859855851733212, "eps": 0.86, "epsdiluted": 0.86, "weightedAverageShsOut": 6527000000, "weightedAverageShsOutDil": 6527000000, "link": "https://www.sec.gov/Archives/edgar/data/50863/000119312504027430/0001193125-04-027430-index.htm", "finalLink": "https://www.sec.gov/Archives/edgar/data/50863/000119312504027430/d10k.htm"}, {"date": "2003-09-27", "symbol": "INTC", "fillingDate": "2003-11-05", "acceptedDate": "2003-11-04 18:52:49", "period": "Q3", "revenue": 7833000000, "costOfRevenue": 3275000000, "grossProfit": 4558000000, "grossProfitRatio": 0.5818971020043406, "researchAndDevelopmentExpenses": 1135000000, "generalAndAdministrativeExpenses": 1046000000, "sellingAndMarketingExpenses": 0.0, "otherExpenses": 73000000, "operatingExpenses": 2254000000, "costAndExpenses": 5529000000, "interestExpense": 0.0, "depreciationAndAmortization": 1167000000, "ebitda": 3471000000, "ebitdaratio": 0.4431252393718882, "operatingIncome": 2304000000, "operatingIncomeRatio": 0.2941401761777097, "totalOtherIncomeExpensesNet": 0.0, "incomeBeforeTax": 2275000000, "incomeBeforeTaxRatio": 0.290437890974084, "incomeTaxExpense": 0.0, "netIncome": 1657000000, "netIncomeRatio": 0.21154091663475041, "eps": 0.53, "epsdiluted": 0.53, "weightedAverageShsOut": 6532000000, "weightedAverageShsOutDil": 6532000000, "link": "https://www.sec.gov/Archives/edgar/data/50863/000119312503072669/0001193125-03-072669-index.htm", "finalLink": "https://www.sec.gov/Archives/edgar/data/50863/000119312503072669/d10q.htm"}, {"date": "2003-06-28", "symbol": "INTC", "fillingDate": "2003-08-06", "acceptedDate": "2003-08-06 17:09:13", "period": "Q2", "revenue": 6816000000, "costOfRevenue": 3348000000, "grossProfit": 3468000000, "grossProfitRatio": 0.5088028169014085, "researchAndDevelopmentExpenses": 1029000000, "generalAndAdministrativeExpenses": 1079000000, "sellingAndMarketingExpenses": 0.0, "otherExpenses": 84000000, "operatingExpenses": 2192000000, "costAndExpenses": 5540000000, "interestExpense": 0.0, "depreciationAndAmortization": 1162000000, "ebitda": 2438000000, "ebitdaratio": 0.35768779342723006, "operatingIncome": 1276000000, "operatingIncomeRatio": 0.18720657276995306, "totalOtherIncomeExpensesNet": 0.0, "incomeBeforeTax": 1271000000, "incomeBeforeTaxRatio": 0.1864730046948357, "incomeTaxExpense": 0.0, "netIncome": 896000000, "netIncomeRatio": 0.13145539906103287, "eps": 0.28, "epsdiluted": 0.28, "weightedAverageShsOut": 6540000000, "weightedAverageShsOutDil": 6540000000, "link": "https://www.sec.gov/Archives/edgar/data/50863/000110465903016885/0001104659-03-016885-index.htm", "finalLink": "https://www.sec.gov/Archives/edgar/data/50863/000110465903016885/a03-1769_110q.htm"}, {"date": "2003-03-29", "symbol": "INTC", "fillingDate": "2003-05-07", "acceptedDate": "2003-05-06 18:42:18", "period": "Q1", "revenue": 6751000000, "costOfRevenue": 3239000000, "grossProfit": 3512000000, "grossProfitRatio": 0.5202192267812176, "researchAndDevelopmentExpenses": 1019000000, "generalAndAdministrativeExpenses": 1018000000, "sellingAndMarketingExpenses": 0.0, "otherExpenses": 84000000, "operatingExpenses": 2121000000, "costAndExpenses": 5360000000, "interestExpense": 0.0, "depreciationAndAmortization": 1145000000, "ebitda": 2536000000, "ebitdaratio": 0.3756480521404236, "operatingIncome": 1391000000, "operatingIncomeRatio": 0.20604354910383646, "totalOtherIncomeExpensesNet": 0.0, "incomeBeforeTax": 1316000000, "incomeBeforeTaxRatio": 0.1949340838394312, "incomeTaxExpense": 0.0, "netIncome": 915000000, "netIncomeRatio": 0.13553547622574433, "eps": 0.14, "epsdiluted": 0.14, "weightedAverageShsOut": 6556000000, "weightedAverageShsOutDil": 6556000000, "link": "https://www.sec.gov/Archives/edgar/data/50863/000110465903008285/0001104659-03-008285-index.htm", "finalLink": "https://www.sec.gov/Archives/edgar/data/50863/000110465903008285/j9952_10q.htm"}, {"date": "2002-12-28", "symbol": "INTC", "fillingDate": "2003-03-11", "acceptedDate": "2003-03-10 19:12:43", "period": "FY", "revenue": 7160000000, "costOfRevenue": 3464000000, "grossProfit": 3696000000, "grossProfitRatio": 0.5162011173184358, "researchAndDevelopmentExpenses": 1022000000, "generalAndAdministrativeExpenses": 1104000000, "sellingAndMarketingExpenses": 0.0, "otherExpenses": -9876000000, "operatingExpenses": -7750000000, "costAndExpenses": 5696000000, "interestExpense": 0.0, "depreciationAndAmortization": 1244000000, "ebitda": 2708000000, "ebitdaratio": 0.3782122905027933, "operatingIncome": 1464000000, "operatingIncomeRatio": 0.20446927374301677, "totalOtherIncomeExpensesNet": 0.0, "incomeBeforeTax": 1347000000, "incomeBeforeTaxRatio": 0.18812849162011172, "incomeTaxExpense": 0.0, "netIncome": 1049000000, "netIncomeRatio": 0.14650837988826815, "eps": 0.47, "epsdiluted": 0.47, "weightedAverageShsOut": 6651000000, "weightedAverageShsOutDil": 6651000000, "link": "https://www.sec.gov/Archives/edgar/data/50863/000104746903008257/0001047469-03-008257-index.htm", "finalLink": "https://www.sec.gov/Archives/edgar/data/50863/000104746903008257/a2104280z10-k.htm"}, {"date": "2002-09-28", "symbol": "INTC", "fillingDate": "2002-11-06", "acceptedDate": "2002-11-05 21:28:46", "period": "Q3", "revenue": 6504000000, "costOfRevenue": 3331000000, "grossProfit": 3173000000, "grossProfitRatio": 0.4878536285362854, "researchAndDevelopmentExpenses": 2998000000, "generalAndAdministrativeExpenses": 1095000000, "sellingAndMarketingExpenses": 0.0, "otherExpenses": 1447000000, "operatingExpenses": 5540000000, "costAndExpenses": 5540000000, "interestExpense": 0.0, "depreciationAndAmortization": 1136000000, "ebitda": 2100000000, "ebitdaratio": 0.32287822878228783, "operatingIncome": 964000000, "operatingIncomeRatio": 0.14821648216482164, "totalOtherIncomeExpensesNet": 0.0, "incomeBeforeTax": 917000000, "incomeBeforeTaxRatio": 0.14099015990159902, "incomeTaxExpense": 0.0, "netIncome": 686000000, "netIncomeRatio": 0.10547355473554736, "eps": 0.31, "epsdiluted": 0.31, "weightedAverageShsOut": 6669000000, "weightedAverageShsOutDil": 6669000000, "link": "https://www.sec.gov/Archives/edgar/data/50863/000005086302000121/0000050863-02-000121-index.htm", "finalLink": "https://www.sec.gov/Archives/edgar/data/50863/000005086302000121/q30210q.htm"}, {"date": "2002-06-29", "symbol": "INTC", "fillingDate": "2002-08-08", "acceptedDate": "2002-08-07 19:32:20", "period": "Q2", "revenue": 6319000000, "costOfRevenue": 3350000000, "grossProfit": 2969000000, "grossProfitRatio": 0.4698528248140529, "researchAndDevelopmentExpenses": -968000000, "generalAndAdministrativeExpenses": 1063000000, "sellingAndMarketingExpenses": 0.0, "otherExpenses": 5585000000, "operatingExpenses": 5680000000, "costAndExpenses": 5680000000, "interestExpense": 0.0, "depreciationAndAmortization": 1135000000, "ebitda": 1774000000, "ebitdaratio": 0.2807406235163792, "operatingIncome": 639000000, "operatingIncomeRatio": 0.10112359550561797, "totalOtherIncomeExpensesNet": 0.0, "incomeBeforeTax": 623000000, "incomeBeforeTaxRatio": 0.09859154929577464, "incomeTaxExpense": 0.0, "netIncome": 446000000, "netIncomeRatio": 0.07058078809938281, "eps": 0.21, "epsdiluted": 0.21, "weightedAverageShsOut": 6681000000, "weightedAverageShsOutDil": 6681000000, "link": "https://www.sec.gov/Archives/edgar/data/50863/000005086302000079/0000050863-02-000079-index.htm", "finalLink": "https://www.sec.gov/Archives/edgar/data/50863/000005086302000079/q20210qcomplete.htm"}, {"date": "2002-03-30", "symbol": "INTC", "fillingDate": "2002-05-07", "acceptedDate": "2002-05-07 16:38:34", "period": "Q1", "revenue": 6781000000, "costOfRevenue": 3301000000, "grossProfit": 3480000000, "grossProfitRatio": 0.5131986432679546, "researchAndDevelopmentExpenses": 982000000, "generalAndAdministrativeExpenses": 1072000000, "sellingAndMarketingExpenses": 0.0, "otherExpenses": 3412000000, "operatingExpenses": 5466000000, "costAndExpenses": 5466000000, "interestExpense": 0.0, "depreciationAndAmortization": 1161000000, "ebitda": 2476000000, "ebitdaratio": 0.3651378852676596, "operatingIncome": 1315000000, "operatingIncomeRatio": 0.19392419997050583, "totalOtherIncomeExpensesNet": 0.0, "incomeBeforeTax": 1317000000, "incomeBeforeTaxRatio": 0.1942191417195104, "incomeTaxExpense": 0.0, "netIncome": 936000000, "netIncomeRatio": 0.1380327385341395, "eps": 0.14, "epsdiluted": 0.14, "weightedAverageShsOut": 6684000000, "weightedAverageShsOutDil": 6684000000, "link": "https://www.sec.gov/Archives/edgar/data/50863/000005086302000046/0000050863-02-000046-index.htm", "finalLink": "https://www.sec.gov/Archives/edgar/data/50863/000005086302000046/q10210qcomplete.htm"}, {"date": "2001-12-29", "symbol": "INTC", "fillingDate": "2002-03-13", "acceptedDate": "2002-03-13 00:00:00", "period": "FY", "revenue": 6983000000, "costOfRevenue": 3402000000, "grossProfit": 3581000000, "grossProfitRatio": 0.5128168408993269, "researchAndDevelopmentExpenses": 952000000, "generalAndAdministrativeExpenses": 1071000000, "sellingAndMarketingExpenses": 0.0, "otherExpenses": 3952000000, "operatingExpenses": 5975000000, "costAndExpenses": 5975000000, "interestExpense": 0.0, "depreciationAndAmortization": 1093000000, "ebitda": 2101000000, "ebitdaratio": 0.30087355005012173, "operatingIncome": 1008000000, "operatingIncomeRatio": 0.1443505656594587, "totalOtherIncomeExpensesNet": 0.0, "incomeBeforeTax": 794000000, "incomeBeforeTaxRatio": 0.11370471144207361, "incomeTaxExpense": 0.0, "netIncome": 504000000, "netIncomeRatio": 0.07217528282972935, "eps": 0.19, "epsdiluted": 0.19, "weightedAverageShsOut": 6716000000, "weightedAverageShsOutDil": 6716000000, "link": "https://www.sec.gov/Archives/edgar/data/50863/000091205702009698/0000912057-02-009698-index.htm", "finalLink": "https://www.sec.gov/Archives/edgar/data/50863/000091205702009698/a2072777z10-k.htm"}, {"date": "2001-09-29", "symbol": "INTC", "fillingDate": "2001-11-07", "acceptedDate": "2001-11-07 00:00:00", "period": "Q3", "revenue": 13222000000, "costOfRevenue": 6778000000, "grossProfit": 6444000000, "grossProfitRatio": 0.48736953562244745, "researchAndDevelopmentExpenses": 1925000000, "generalAndAdministrativeExpenses": 2219000000, "sellingAndMarketingExpenses": 0.0, "otherExpenses": 8047000000, "operatingExpenses": 12191000000, "costAndExpenses": 12191000000, "interestExpense": 0.0, "depreciationAndAmortization": 1054000000, "ebitda": 2085000000, "ebitdaratio": 0.15769172591135985, "operatingIncome": 1031000000, "operatingIncomeRatio": 0.07797610043866283, "totalOtherIncomeExpensesNet": 0.0, "incomeBeforeTax": 1043000000, "incomeBeforeTaxRatio": 0.07888367871728937, "incomeTaxExpense": 0.0, "netIncome": 591000000, "netIncomeRatio": 0.04469823022235668, "eps": 0.12, "epsdiluted": 0.12, "weightedAverageShsOut": 6721000000, "weightedAverageShsOutDil": 6721000000, "link": "https://www.sec.gov/Archives/edgar/data/50863/000005086301500150/0000050863-01-500150-index.htm", "finalLink": "https://www.sec.gov/Archives/edgar/data/50863/000005086301500150/q30110qfinal.htm"}, {"date": "2001-06-30", "symbol": "INTC", "fillingDate": "2001-08-08", "acceptedDate": "2001-08-08 00:00:00", "period": "Q2", "revenue": 6334000000, "costOfRevenue": 82000000, "grossProfit": 6252000000, "grossProfitRatio": 0.9870539943163877, "researchAndDevelopmentExpenses": 919000000, "generalAndAdministrativeExpenses": 19000000, "sellingAndMarketingExpenses": 0.0, "otherExpenses": 139000000, "operatingExpenses": 82000000, "costAndExpenses": 82000000, "interestExpense": 0.0, "depreciationAndAmortization": 1050000000, "ebitda": 625000000, "ebitdaratio": 0.20003157562361856, "operatingIncome": 217000000, "operatingIncomeRatio": 1.239067055393586, "totalOtherIncomeExpensesNet": 0.0, "incomeBeforeTax": 346000000, "incomeBeforeTaxRatio": 1.6326530612244898, "incomeTaxExpense": 0.0, "netIncome": 196000000, "netIncomeRatio": 0.8425655976676385, "eps": 0.03, "epsdiluted": 0.03, "weightedAverageShsOut": 6725000000, "weightedAverageShsOutDil": 6725000000, "link": "https://www.sec.gov/Archives/edgar/data/50863/000005086301500101/0000050863-01-500101-index.htm", "finalLink": "https://www.sec.gov/Archives/edgar/data/50863/000005086301500101/q20110qt.htm"}, {"date": "2001-03-31", "symbol": "INTC", "fillingDate": "2001-05-09", "acceptedDate": "2001-05-09 00:00:00", "period": "Q1", "revenue": 6677000000, "costOfRevenue": 3225000000, "grossProfit": 3452000000, "grossProfitRatio": 0.5169986520892617, "researchAndDevelopmentExpenses": 995000000, "generalAndAdministrativeExpenses": 1155000000, "sellingAndMarketingExpenses": 0.0, "otherExpenses": 3885000000, "operatingExpenses": 6035000000, "costAndExpenses": 6035000000, "interestExpense": 0.0, "depreciationAndAmortization": 934000000, "ebitda": 1576000000, "ebitdaratio": 0.23603414707203835, "operatingIncome": 642000000, "operatingIncomeRatio": 0.09615096600269582, "totalOtherIncomeExpensesNet": 0.0, "incomeBeforeTax": 906000000, "incomeBeforeTaxRatio": 0.13568968099445858, "incomeTaxExpense": 0.0, "netIncome": 485000000, "netIncomeRatio": 0.07263741201138235, "eps": 0.07, "epsdiluted": 0.07, "weightedAverageShsOut": 6721000000, "weightedAverageShsOutDil": 6721000000, "link": "https://www.sec.gov/Archives/edgar/data/50863/000005086301500065/0000050863-01-500065-index.htm", "finalLink": "https://www.sec.gov/Archives/edgar/data/50863/000005086301500065/q10110qfnl.htm"}]