[{"date": "2020-04-30", "symbol": "INTU", "fillingDate": "2020-05-21", "acceptedDate": "2020-05-21 16:22:09", "period": "Q3", "revenue": 3002000000, "costOfRevenue": 16000000, "grossProfit": 2986000000, "grossProfitRatio": 0.9946702198534311, "researchAndDevelopmentExpenses": 332000000, "generalAndAdministrativeExpenses": 181000000, "sellingAndMarketingExpenses": 648000000, "otherExpenses": 0.0, "operatingExpenses": 1161000000, "costAndExpenses": 1589000000, "interestExpense": 0.0, "depreciationAndAmortization": 54000000, "ebitda": 1467000000, "ebitdaratio": 0.488674217189, "operatingIncome": 1413000000, "operatingIncomeRatio": 0.470686209194, "totalOtherIncomeExpensesNet": -3000000.0, "incomeBeforeTax": 1408000000, "incomeBeforeTaxRatio": 0.469020652898, "incomeTaxExpense": 324000000, "netIncome": 1084000000, "netIncomeRatio": 0.36109260493, "eps": 4.15, "epsdiluted": 4.11, "weightedAverageShsOut": 261000000, "weightedAverageShsOutDil": 264000000, "link": "https://www.sec.gov/Archives/edgar/data/896878/000089687820000065/0000896878-20-000065-index.htm", "finalLink": "https://www.sec.gov/Archives/edgar/data/896878/000089687820000065/a10-qdocumentxfy20q3.htm"}, {"date": "2020-01-31", "symbol": "INTU", "fillingDate": "2020-02-24", "acceptedDate": "2020-02-24 16:43:37", "period": "Q2", "revenue": 1696000000, "costOfRevenue": 41000000, "grossProfit": 1655000000, "grossProfitRatio": 0.9758254716981132, "researchAndDevelopmentExpenses": 333000000, "generalAndAdministrativeExpenses": 159000000, "sellingAndMarketingExpenses": 593000000, "otherExpenses": 0.0, "operatingExpenses": 1085000000, "costAndExpenses": 1426000000, "interestExpense": 0.0, "depreciationAndAmortization": 57000000, "ebitda": 327000000, "ebitdaratio": 0.192806603774, "operatingIncome": 270000000, "operatingIncomeRatio": 0.159198113208, "totalOtherIncomeExpensesNet": 15000000, "incomeBeforeTax": 282000000, "incomeBeforeTaxRatio": 0.166273584906, "incomeTaxExpense": 42000000, "netIncome": 240000000, "netIncomeRatio": 0.141509433962, "eps": 0.92, "epsdiluted": 0.91, "weightedAverageShsOut": 261000000, "weightedAverageShsOutDil": 264000000, "link": "https://www.sec.gov/Archives/edgar/data/896878/000089687820000027/0000896878-20-000027-index.htm", "finalLink": "https://www.sec.gov/Archives/edgar/data/896878/000089687820000027/a10-qdocumentxfy20q2.htm"}, {"date": "2019-10-31", "symbol": "INTU", "fillingDate": "2019-11-21", "acceptedDate": "2019-11-21 16:50:58", "period": "Q1", "revenue": 1165000000, "costOfRevenue": 284000000, "grossProfit": 881000000, "grossProfitRatio": 0.7562231759656652, "researchAndDevelopmentExpenses": 334000000, "generalAndAdministrativeExpenses": 146000000, "sellingAndMarketingExpenses": 383000000, "otherExpenses": 0.0, "operatingExpenses": 863000000, "costAndExpenses": 1155000000, "interestExpense": 0.0, "depreciationAndAmortization": 57000000, "ebitda": 67000000, "ebitdaratio": 0.0575107296137, "operatingIncome": 10000000, "operatingIncomeRatio": 0.00858369098712, "totalOtherIncomeExpensesNet": 14000000, "incomeBeforeTax": 22000000, "incomeBeforeTaxRatio": 0.0188841201717, "incomeTaxExpense": -35000000, "netIncome": 57000000, "netIncomeRatio": 0.0489270386266, "eps": 0.22, "epsdiluted": 0.22, "weightedAverageShsOut": 261000000, "weightedAverageShsOutDil": 264000000, "link": "https://www.sec.gov/Archives/edgar/data/896878/000089687819000174/0000896878-19-000174-index.htm", "finalLink": "https://www.sec.gov/Archives/edgar/data/896878/000089687819000132/fy19q410-kdocument.htm"}, {"date": "2019-07-31", "symbol": "INTU", "fillingDate": "2019-08-30", "acceptedDate": "2019-08-30 16:30:04", "period": "FY", "revenue": 994000000, "costOfRevenue": 17000000, "grossProfit": 977000000, "grossProfitRatio": 0.9828973843058351, "researchAndDevelopmentExpenses": 333000000, "generalAndAdministrativeExpenses": 150000000, "sellingAndMarketingExpenses": 381000000, "otherExpenses": 0.0, "operatingExpenses": 864000000, "costAndExpenses": 1147000000, "interestExpense": 0.0, "depreciationAndAmortization": 59000000, "ebitda": -105000000, "ebitdaratio": -0.1056338028169014, "operatingIncome": -164000000, "operatingIncomeRatio": -0.16498993963782696, "totalOtherIncomeExpensesNet": 19000000, "incomeBeforeTax": -137000000, "incomeBeforeTaxRatio": -0.13782696177062373, "incomeTaxExpense": -93000000, "netIncome": -44000000, "netIncomeRatio": -0.04426559356136821, "eps": -0.17, "epsdiluted": -0.17, "weightedAverageShsOut": 260000000, "weightedAverageShsOutDil": 264000000, "link": "https://www.sec.gov/Archives/edgar/data/896878/000089687819000132/0000896878-19-000132-index.htm", "finalLink": "https://www.sec.gov/Archives/edgar/data/896878/000089687819000132/fy19q410-kdocument.htm"}, {"date": "2019-04-30", "symbol": "INTU", "fillingDate": "2019-05-23", "acceptedDate": "2019-05-23 16:08:01", "period": "Q3", "revenue": 3272000000, "costOfRevenue": 19000000, "grossProfit": 3253000000, "grossProfitRatio": 0.9941931540342298, "researchAndDevelopmentExpenses": 311000000, "generalAndAdministrativeExpenses": 170000000, "sellingAndMarketingExpenses": 652000000, "otherExpenses": 0.0, "operatingExpenses": 1133000000, "costAndExpenses": 1488000000, "interestExpense": 0.0, "depreciationAndAmortization": 54000000, "ebitda": 1838000000, "ebitdaratio": 0.56173594132, "operatingIncome": 1784000000, "operatingIncomeRatio": 0.545232273839, "totalOtherIncomeExpensesNet": 17000000, "incomeBeforeTax": 1797000000, "incomeBeforeTaxRatio": 0.549205378973, "incomeTaxExpense": 419000000, "netIncome": 1378000000, "netIncomeRatio": 0.421149144254, "eps": 5.3, "epsdiluted": 5.22, "weightedAverageShsOut": 260000000, "weightedAverageShsOutDil": 264000000, "link": "https://www.sec.gov/Archives/edgar/data/896878/000089687819000077/0000896878-19-000077-index.htm", "finalLink": "https://www.sec.gov/Archives/edgar/data/896878/000089687819000077/a10-qdocumentxfy19q3.htm"}, {"date": "2019-01-31", "symbol": "INTU", "fillingDate": "2019-02-22", "acceptedDate": "2019-02-22 13:47:45", "period": "Q2", "revenue": 1502000000, "costOfRevenue": 26000000, "grossProfit": 1476000000, "grossProfitRatio": 0.9826897470039947, "researchAndDevelopmentExpenses": 295000000, "generalAndAdministrativeExpenses": 140000000, "sellingAndMarketingExpenses": 548000000, "otherExpenses": 0.0, "operatingExpenses": 983000000, "costAndExpenses": 1269000000, "interestExpense": 0.0, "depreciationAndAmortization": 55000000, "ebitda": 288000000, "ebitdaratio": 0.191744340879, "operatingIncome": 233000000, "operatingIncomeRatio": 0.155126498003, "totalOtherIncomeExpensesNet": 6000000.0, "incomeBeforeTax": 235000000, "incomeBeforeTaxRatio": 0.156458055925, "incomeTaxExpense": 46000000, "netIncome": 189000000, "netIncomeRatio": 0.125832223702, "eps": 0.73, "epsdiluted": 0.71, "weightedAverageShsOut": 260000000, "weightedAverageShsOutDil": 264000000, "link": "https://www.sec.gov/Archives/edgar/data/896878/000089687819000042/0000896878-19-000042-index.htm", "finalLink": "https://www.sec.gov/Archives/edgar/data/896878/000089687819000042/a10-qdocumentxfy19q2.htm"}, {"date": "2018-10-31", "symbol": "INTU", "fillingDate": "2018-11-20", "acceptedDate": "2018-11-20 15:15:13", "period": "Q1", "revenue": 1016000000, "costOfRevenue": 15000000, "grossProfit": 1001000000, "grossProfitRatio": 0.985236220472441, "researchAndDevelopmentExpenses": 294000000, "generalAndAdministrativeExpenses": 137000000, "sellingAndMarketingExpenses": 346000000, "otherExpenses": 0.0, "operatingExpenses": 777000000, "costAndExpenses": 1026000000, "interestExpense": 0.0, "depreciationAndAmortization": 57000000, "ebitda": 47000000, "ebitdaratio": 0.0462598425197, "operatingIncome": -14000000, "operatingIncomeRatio": -0.013779527559055118, "totalOtherIncomeExpensesNet": 0.0, "incomeBeforeTax": -14000000, "incomeBeforeTaxRatio": -0.013779527559055118, "incomeTaxExpense": -48000000, "netIncome": 34000000, "netIncomeRatio": 0.0334645669291, "eps": 0.13, "epsdiluted": 0.13, "weightedAverageShsOut": 260000000, "weightedAverageShsOutDil": 264000000, "link": "https://www.sec.gov/Archives/edgar/data/896878/000089687818000212/0000896878-18-000212-index.htm", "finalLink": "https://www.sec.gov/Archives/edgar/data/896878/000089687818000171/fy18q410-kdocument.htm"}, {"date": "2018-07-31", "symbol": "INTU", "fillingDate": "2018-08-31", "acceptedDate": "2018-08-31 17:05:17", "period": "FY", "revenue": 988000000, "costOfRevenue": 25000000, "grossProfit": 963000000, "grossProfitRatio": 0.9746963562753036, "researchAndDevelopmentExpenses": 311000000, "generalAndAdministrativeExpenses": 217000000, "sellingAndMarketingExpenses": 308000000, "otherExpenses": 26000000, "operatingExpenses": 836000000, "costAndExpenses": 1069000000, "interestExpense": 0.0, "depreciationAndAmortization": 62000000, "ebitda": -19000000, "ebitdaratio": -0.019230769230769232, "operatingIncome": -81000000, "operatingIncomeRatio": -0.08198380566801619, "totalOtherIncomeExpensesNet": 11000000, "incomeBeforeTax": -74000000, "incomeBeforeTaxRatio": -0.07489878542510121, "incomeTaxExpense": -123000000, "netIncome": 49000000, "netIncomeRatio": 0.0495951417004, "eps": 0.18, "epsdiluted": 0.17, "weightedAverageShsOut": 256000000, "weightedAverageShsOutDil": 261000000, "link": "https://www.sec.gov/Archives/edgar/data/896878/000089687818000171/0000896878-18-000171-index.htm", "finalLink": "https://www.sec.gov/Archives/edgar/data/896878/000089687818000171/fy18q410-kdocument.htm"}, {"date": "2018-04-30", "symbol": "INTU", "fillingDate": "2018-05-22", "acceptedDate": "2018-05-22 16:16:15", "period": "Q3", "revenue": 2925000000, "costOfRevenue": 27000000, "grossProfit": 2898000000, "grossProfitRatio": 0.9907692307692307, "researchAndDevelopmentExpenses": 296000000, "generalAndAdministrativeExpenses": 159000000, "sellingAndMarketingExpenses": 549000000, "otherExpenses": -8000000.0, "operatingExpenses": 1004000000, "costAndExpenses": 1310000000, "interestExpense": 0.0, "depreciationAndAmortization": 64000000, "ebitda": 1679000000, "ebitdaratio": 0.574017094017, "operatingIncome": 1615000000, "operatingIncomeRatio": 0.552136752137, "totalOtherIncomeExpensesNet": 7000000.0, "incomeBeforeTax": 1617000000, "incomeBeforeTaxRatio": 0.552820512821, "incomeTaxExpense": 417000000, "netIncome": 1200000000, "netIncomeRatio": 0.410256410256, "eps": 4.69, "epsdiluted": 4.62, "weightedAverageShsOut": 256000000, "weightedAverageShsOutDil": 260000000, "link": "https://www.sec.gov/Archives/edgar/data/896878/000089687818000075/0000896878-18-000075-index.htm", "finalLink": "https://www.sec.gov/Archives/edgar/data/896878/000089687818000075/a10-qdocumentxfy18q3.htm"}, {"date": "2018-01-31", "symbol": "INTU", "fillingDate": "2018-02-22", "acceptedDate": "2018-02-22 16:18:32", "period": "Q2", "revenue": 1165000000, "costOfRevenue": 36000000, "grossProfit": 1129000000, "grossProfitRatio": 0.9690987124463519, "researchAndDevelopmentExpenses": 286000000, "generalAndAdministrativeExpenses": 143000000, "sellingAndMarketingExpenses": 469000000, "otherExpenses": 5000000.0, "operatingExpenses": 898000000, "costAndExpenses": 1145000000, "interestExpense": 0.0, "depreciationAndAmortization": 62000000, "ebitda": 82000000, "ebitdaratio": 0.0703862660944, "operatingIncome": 20000000, "operatingIncomeRatio": 0.0171673819742, "totalOtherIncomeExpensesNet": 5000000.0, "incomeBeforeTax": 19000000, "incomeBeforeTaxRatio": 0.0163090128755, "incomeTaxExpense": 40000000, "netIncome": -21000000, "netIncomeRatio": -0.018025751072961373, "eps": -0.08, "epsdiluted": -0.08, "weightedAverageShsOut": 256000000, "weightedAverageShsOutDil": 256000000, "link": "https://www.sec.gov/Archives/edgar/data/896878/000089687818000036/0000896878-18-000036-index.htm", "finalLink": "https://www.sec.gov/Archives/edgar/data/896878/000089687818000036/fy18q210-qdocument.htm"}, {"date": "2017-10-31", "symbol": "INTU", "fillingDate": "2017-11-20", "acceptedDate": "2017-11-20 16:11:50", "period": "Q1", "revenue": 886000000, "costOfRevenue": 24000000, "grossProfit": 862000000, "grossProfitRatio": 0.9729119638826185, "researchAndDevelopmentExpenses": 293000000, "generalAndAdministrativeExpenses": 145000000, "sellingAndMarketingExpenses": 308000000, "otherExpenses": 3000000.0, "operatingExpenses": 746000000, "costAndExpenses": 943000000, "interestExpense": 0.0, "depreciationAndAmortization": 65000000, "ebitda": 8000000.0, "ebitdaratio": 0.00902934537246, "operatingIncome": -59000000, "operatingIncomeRatio": -0.06659142212189616, "totalOtherIncomeExpensesNet": 3000000.0, "incomeBeforeTax": -59000000, "incomeBeforeTaxRatio": -0.06659142212189616, "incomeTaxExpense": -42000000, "netIncome": -17000000, "netIncomeRatio": -0.019187358916478554, "eps": -0.07, "epsdiluted": -0.07, "weightedAverageShsOut": 256000000, "weightedAverageShsOutDil": 256000000, "link": "https://www.sec.gov/Archives/edgar/data/896878/000089687817000170/0000896878-17-000170-index.htm", "finalLink": "https://www.sec.gov/Archives/edgar/data/896878/000089687817000130/fy17q410-kdocument.htm"}, {"date": "2017-07-31", "symbol": "INTU", "fillingDate": "2017-09-01", "acceptedDate": "2017-09-01 16:13:14", "period": "FY", "revenue": 842000000, "costOfRevenue": 25000000, "grossProfit": 817000000, "grossProfitRatio": 0.9703087885985748, "researchAndDevelopmentExpenses": 263000000, "generalAndAdministrativeExpenses": 141000000, "sellingAndMarketingExpenses": 265000000, "otherExpenses": 3000000.0, "operatingExpenses": 669000000, "costAndExpenses": 852000000, "interestExpense": 0.0, "depreciationAndAmortization": 62000000, "ebitda": 52000000, "ebitdaratio": 0.061757719715, "operatingIncome": -10000000, "operatingIncomeRatio": -0.011876484560570071, "totalOtherIncomeExpensesNet": 3000000.0, "incomeBeforeTax": -10000000, "incomeBeforeTaxRatio": -0.011876484560570071, "incomeTaxExpense": -34000000, "netIncome": 24000000, "netIncomeRatio": 0.0285035629454, "eps": 0.1, "epsdiluted": 0.09, "weightedAverageShsOut": 257000000, "weightedAverageShsOutDil": 261000000, "link": "https://www.sec.gov/Archives/edgar/data/896878/000089687817000130/0000896878-17-000130-index.htm", "finalLink": "https://www.sec.gov/Archives/edgar/data/896878/000089687817000130/fy17q410-kdocument.htm"}, {"date": "2017-04-30", "symbol": "INTU", "fillingDate": "2017-05-23", "acceptedDate": "2017-05-23 16:07:30", "period": "Q3", "revenue": 2541000000, "costOfRevenue": 29000000, "grossProfit": 2512000000, "grossProfitRatio": 0.9885871704053523, "researchAndDevelopmentExpenses": 246000000, "generalAndAdministrativeExpenses": 146000000, "sellingAndMarketingExpenses": 467000000, "otherExpenses": 3000000.0, "operatingExpenses": 859000000, "costAndExpenses": 1097000000, "interestExpense": 0.0, "depreciationAndAmortization": 62000000, "ebitda": 1506000000, "ebitdaratio": 0.592680047226, "operatingIncome": 1444000000, "operatingIncomeRatio": 0.568280204644, "totalOtherIncomeExpensesNet": 3000000.0, "incomeBeforeTax": 1439000000, "incomeBeforeTaxRatio": 0.566312475403, "incomeTaxExpense": 475000000, "netIncome": 964000000, "netIncomeRatio": 0.37937819756, "eps": 3.75, "epsdiluted": 3.7, "weightedAverageShsOut": 257000000, "weightedAverageShsOutDil": 261000000, "link": "https://www.sec.gov/Archives/edgar/data/896878/000089687817000048/0000896878-17-000048-index.htm", "finalLink": "https://www.sec.gov/Archives/edgar/data/896878/000089687817000048/fy17q310qdocument.htm"}, {"date": "2017-01-31", "symbol": "INTU", "fillingDate": "2017-02-23", "acceptedDate": "2017-02-23 16:22:43", "period": "Q2", "revenue": 1016000000, "costOfRevenue": 37000000, "grossProfit": 979000000, "grossProfitRatio": 0.9635826771653543, "researchAndDevelopmentExpenses": 243000000, "generalAndAdministrativeExpenses": 140000000, "sellingAndMarketingExpenses": 405000000, "otherExpenses": -1000000.0, "operatingExpenses": 788000000, "costAndExpenses": 994000000, "interestExpense": 0.0, "depreciationAndAmortization": 57000000, "ebitda": 79000000, "ebitdaratio": 0.0777559055118, "operatingIncome": 22000000, "operatingIncomeRatio": 0.0216535433071, "totalOtherIncomeExpensesNet": -1000000.0, "incomeBeforeTax": 10000000, "incomeBeforeTaxRatio": 0.00984251968504, "incomeTaxExpense": -3000000.0, "netIncome": 13000000, "netIncomeRatio": 0.0127952755906, "eps": 0.05, "epsdiluted": 0.05, "weightedAverageShsOut": 257000000, "weightedAverageShsOutDil": 257000000, "link": "https://www.sec.gov/Archives/edgar/data/896878/000089687817000030/0000896878-17-000030-index.htm", "finalLink": "https://www.sec.gov/Archives/edgar/data/896878/000089687817000030/fy17q210qdocument.htm"}, {"date": "2016-10-31", "symbol": "INTU", "fillingDate": "2016-11-18", "acceptedDate": "2016-11-18 14:38:16", "period": "Q1", "revenue": 778000000, "costOfRevenue": 29000000, "grossProfit": 749000000, "grossProfitRatio": 0.9627249357326478, "researchAndDevelopmentExpenses": 246000000, "generalAndAdministrativeExpenses": 126000000, "sellingAndMarketingExpenses": 283000000, "otherExpenses": -2000000.0, "operatingExpenses": 655000000, "costAndExpenses": 839000000, "interestExpense": 0.0, "depreciationAndAmortization": 55000000, "ebitda": -6000000.0, "ebitdaratio": -0.007712082262210797, "operatingIncome": -61000000, "operatingIncomeRatio": -0.07840616966580977, "totalOtherIncomeExpensesNet": -2000000.0, "incomeBeforeTax": -72000000, "incomeBeforeTaxRatio": -0.09254498714652956, "incomeTaxExpense": -42000000, "netIncome": -30000000, "netIncomeRatio": -0.038560411311053984, "eps": -0.12, "epsdiluted": -0.12, "weightedAverageShsOut": 258000000, "weightedAverageShsOutDil": 258000000, "link": "https://www.sec.gov/Archives/edgar/data/896878/000089687816000316/0000896878-16-000316-index.htm", "finalLink": "https://www.sec.gov/Archives/edgar/data/896878/000089687816000286/fy16q410-kdocument.htm"}, {"date": "2016-07-31", "symbol": "INTU", "fillingDate": "2016-09-01", "acceptedDate": "2016-09-01 16:23:59", "period": "FY", "revenue": 754000000, "costOfRevenue": 32000000, "grossProfit": 722000000, "grossProfitRatio": 0.9575596816976127, "researchAndDevelopmentExpenses": 235000000, "generalAndAdministrativeExpenses": 132000000, "sellingAndMarketingExpenses": 266000000, "otherExpenses": 3000000.0, "operatingExpenses": 633000000, "costAndExpenses": 810000000, "interestExpense": 0.0, "depreciationAndAmortization": 63000000, "ebitda": 7000000.0, "ebitdaratio": 0.00928381962865, "operatingIncome": -56000000, "operatingIncomeRatio": -0.07427055702917772, "totalOtherIncomeExpensesNet": 3000000.0, "incomeBeforeTax": -62000000, "incomeBeforeTaxRatio": -0.08222811671087533, "incomeTaxExpense": -22000000, "netIncome": -40000000, "netIncomeRatio": -0.05305039787798409, "eps": -0.13, "epsdiluted": -0.12, "weightedAverageShsOut": 262000000, "weightedAverageShsOutDil": 265000000, "link": "https://www.sec.gov/Archives/edgar/data/896878/000089687816000286/0000896878-16-000286-index.htm", "finalLink": "https://www.sec.gov/Archives/edgar/data/896878/000089687816000286/fy16q410-kdocument.htm"}, {"date": "2016-04-30", "symbol": "INTU", "fillingDate": "2016-05-24", "acceptedDate": "2016-05-24 16:12:42", "period": "Q3", "revenue": 2304000000, "costOfRevenue": 30000000, "grossProfit": 2274000000, "grossProfitRatio": 0.9869791666666666, "researchAndDevelopmentExpenses": 228000000, "generalAndAdministrativeExpenses": 149000000, "sellingAndMarketingExpenses": 423000000, "otherExpenses": 2000000.0, "operatingExpenses": 800000000, "costAndExpenses": 1019000000, "interestExpense": 0.0, "depreciationAndAmortization": 62000000, "ebitda": 1347000000, "ebitdaratio": 0.584635416667, "operatingIncome": 1285000000, "operatingIncomeRatio": 0.557725694444, "totalOtherIncomeExpensesNet": 2000000.0, "incomeBeforeTax": 1277000000, "incomeBeforeTaxRatio": 0.554253472222, "incomeTaxExpense": 429000000, "netIncome": 1026000000, "netIncomeRatio": 0.4453125, "eps": 3.89, "epsdiluted": 3.84, "weightedAverageShsOut": 264000000, "weightedAverageShsOutDil": 267000000, "link": "https://www.sec.gov/Archives/edgar/data/896878/000089687816000225/0000896878-16-000225-index.htm", "finalLink": "https://www.sec.gov/Archives/edgar/data/896878/000089687816000225/fy16q310qdocument.htm"}, {"date": "2016-01-31", "symbol": "INTU", "fillingDate": "2016-02-25", "acceptedDate": "2016-02-25 16:35:26", "period": "Q2", "revenue": 923000000, "costOfRevenue": 40000000, "grossProfit": 883000000, "grossProfitRatio": 0.9566630552546046, "researchAndDevelopmentExpenses": 205000000, "generalAndAdministrativeExpenses": 120000000, "sellingAndMarketingExpenses": 356000000, "otherExpenses": -5000000.0, "operatingExpenses": 681000000, "costAndExpenses": 881000000, "interestExpense": 0.0, "depreciationAndAmortization": 58000000, "ebitda": 100000000, "ebitdaratio": 0.108342361863, "operatingIncome": 42000000, "operatingIncomeRatio": 0.0455037919827, "totalOtherIncomeExpensesNet": -5000000.0, "incomeBeforeTax": 28000000, "incomeBeforeTaxRatio": 0.0303358613218, "incomeTaxExpense": -1000000.0, "netIncome": 24000000, "netIncomeRatio": 0.0260021668472, "eps": 0.08, "epsdiluted": 0.08, "weightedAverageShsOut": 267000000, "weightedAverageShsOutDil": 267000000, "link": "https://www.sec.gov/Archives/edgar/data/896878/000089687816000197/0000896878-16-000197-index.htm", "finalLink": "https://www.sec.gov/Archives/edgar/data/896878/000089687816000197/fy16q210qdocument.htm"}, {"date": "2015-10-31", "symbol": "INTU", "fillingDate": "2015-11-20", "acceptedDate": "2015-11-20 14:50:05", "period": "Q1", "revenue": 713000000, "costOfRevenue": 29000000, "grossProfit": 684000000, "grossProfitRatio": 0.9593267882187938, "researchAndDevelopmentExpenses": 213000000, "generalAndAdministrativeExpenses": 117000000, "sellingAndMarketingExpenses": 244000000, "otherExpenses": -4000000.0, "operatingExpenses": 574000000, "costAndExpenses": 742000000, "interestExpense": 0.0, "depreciationAndAmortization": 55000000, "ebitda": 26000000, "ebitdaratio": 0.0364656381487, "operatingIncome": -29000000, "operatingIncomeRatio": -0.04067321178120617, "totalOtherIncomeExpensesNet": -4000000.0, "incomeBeforeTax": -40000000, "incomeBeforeTaxRatio": -0.056100981767180924, "incomeTaxExpense": -9000000.0, "netIncome": -31000000, "netIncomeRatio": -0.043478260869565216, "eps": -0.11, "epsdiluted": -0.11, "weightedAverageShsOut": 272000000, "weightedAverageShsOutDil": 272000000, "link": "https://www.sec.gov/Archives/edgar/data/896878/000089687815000140/0000896878-15-000140-index.htm", "finalLink": "https://www.sec.gov/Archives/edgar/data/896878/000089687815000116/fy15q410-kdocument.htm"}, {"date": "2015-07-31", "symbol": "INTU", "fillingDate": "2015-09-01", "acceptedDate": "2015-09-01 16:06:33", "period": "FY", "revenue": 518000000, "costOfRevenue": 26000000, "grossProfit": 492000000, "grossProfitRatio": 0.9498069498069498, "researchAndDevelopmentExpenses": 181000000, "generalAndAdministrativeExpenses": 106000000, "sellingAndMarketingExpenses": 183000000, "otherExpenses": 0.0, "operatingExpenses": 470000000, "costAndExpenses": 474000000, "interestExpense": 0.0, "depreciationAndAmortization": 61000000, "ebitda": 105000000, "ebitdaratio": 0.202702702703, "operatingIncome": 44000000, "operatingIncomeRatio": 0.0849420849421, "totalOtherIncomeExpensesNet": -2000000.0, "incomeBeforeTax": 36000000, "incomeBeforeTaxRatio": 0.0694980694981, "incomeTaxExpense": -26000000, "netIncome": 14000000, "netIncomeRatio": 0.027027027027, "eps": 0.06, "epsdiluted": 0.06, "weightedAverageShsOut": 281000000, "weightedAverageShsOutDil": 286000000, "link": "https://www.sec.gov/Archives/edgar/data/896878/000089687815000116/0000896878-15-000116-index.htm", "finalLink": "https://www.sec.gov/Archives/edgar/data/896878/000089687815000116/fy15q410-kdocument.htm"}, {"date": "2015-04-30", "symbol": "INTU", "fillingDate": "2015-05-22", "acceptedDate": "2015-05-22 14:11:51", "period": "Q3", "revenue": 2194000000, "costOfRevenue": 35000000, "grossProfit": 2159000000, "grossProfitRatio": 0.9840474020054695, "researchAndDevelopmentExpenses": 217000000, "generalAndAdministrativeExpenses": 135000000, "sellingAndMarketingExpenses": 448000000, "otherExpenses": 0.0, "operatingExpenses": 800000000, "costAndExpenses": 1288000000, "interestExpense": 0.0, "depreciationAndAmortization": 59000000, "ebitda": 965000000, "ebitdaratio": 0.439835916135, "operatingIncome": 906000000, "operatingIncomeRatio": 0.412944393801, "totalOtherIncomeExpensesNet": 1000000.0, "incomeBeforeTax": 900000000, "incomeBeforeTaxRatio": 0.410209662716, "incomeTaxExpense": 399000000, "netIncome": 501000000, "netIncomeRatio": 0.228350045579, "eps": 1.77, "epsdiluted": 1.75, "weightedAverageShsOut": 282000000, "weightedAverageShsOutDil": 288000000, "link": "https://www.sec.gov/Archives/edgar/data/896878/000089687815000050/0000896878-15-000050-index.htm", "finalLink": "https://www.sec.gov/Archives/edgar/data/896878/000089687815000050/fy15q310qdocument.htm"}, {"date": "2015-01-31", "symbol": "INTU", "fillingDate": "2015-02-19", "acceptedDate": "2015-02-19 16:13:19", "period": "Q2", "revenue": 808000000, "costOfRevenue": 44000000, "grossProfit": 764000000, "grossProfitRatio": 0.9455445544554455, "researchAndDevelopmentExpenses": 200000000, "generalAndAdministrativeExpenses": 118000000, "sellingAndMarketingExpenses": 376000000, "otherExpenses": 0.0, "operatingExpenses": 694000000, "costAndExpenses": 906000000, "interestExpense": 0.0, "depreciationAndAmortization": 57000000, "ebitda": -41000000, "ebitdaratio": -0.050742574257425746, "operatingIncome": -98000000, "operatingIncomeRatio": -0.12128712871287128, "totalOtherIncomeExpensesNet": 2000000.0, "incomeBeforeTax": -103000000, "incomeBeforeTaxRatio": -0.12747524752475248, "incomeTaxExpense": -37000000, "netIncome": -66000000, "netIncomeRatio": -0.08168316831683169, "eps": -0.24, "epsdiluted": -0.24, "weightedAverageShsOut": 285000000, "weightedAverageShsOutDil": 285000000, "link": "https://www.sec.gov/Archives/edgar/data/896878/000089687815000034/0000896878-15-000034-index.htm", "finalLink": "https://www.sec.gov/Archives/edgar/data/896878/000089687815000034/fy15q210qdocument.htm"}, {"date": "2014-10-31", "symbol": "INTU", "fillingDate": "2014-11-21", "acceptedDate": "2014-11-21 13:52:08", "period": "Q1", "revenue": 672000000, "costOfRevenue": 34000000, "grossProfit": 638000000, "grossProfitRatio": 0.9494047619047619, "researchAndDevelopmentExpenses": 200000000, "generalAndAdministrativeExpenses": 124000000, "sellingAndMarketingExpenses": 281000000, "otherExpenses": 0.0, "operatingExpenses": 605000000, "costAndExpenses": 786000000, "interestExpense": 0.0, "depreciationAndAmortization": 54000000, "ebitda": -60000000, "ebitdaratio": -0.08928571428571429, "operatingIncome": -114000000, "operatingIncomeRatio": -0.16964285714285715, "totalOtherIncomeExpensesNet": 0.0, "incomeBeforeTax": -121000000, "incomeBeforeTaxRatio": -0.1800595238095238, "incomeTaxExpense": -37000000, "netIncome": -84000000, "netIncomeRatio": -0.125, "eps": -0.29, "epsdiluted": -0.29, "weightedAverageShsOut": 286000000, "weightedAverageShsOutDil": 286000000, "link": "https://www.sec.gov/Archives/edgar/data/896878/000089687814000187/0000896878-14-000187-index.htm", "finalLink": "https://www.sec.gov/Archives/edgar/data/896878/000089687814000163/fy14q410-kdocument.htm"}, {"date": "2014-07-31", "symbol": "INTU", "fillingDate": "2014-09-12", "acceptedDate": "2014-09-12 15:19:09", "period": "FY", "revenue": 714000000, "costOfRevenue": 33000000, "grossProfit": 681000000, "grossProfitRatio": 0.9537815126050421, "researchAndDevelopmentExpenses": 210000000, "generalAndAdministrativeExpenses": 117000000, "sellingAndMarketingExpenses": 259000000, "otherExpenses": 0.0, "operatingExpenses": 586000000, "costAndExpenses": 771000000, "interestExpense": 0.0, "depreciationAndAmortization": 50000000, "ebitda": -7000000.0, "ebitdaratio": -0.00980392156862745, "operatingIncome": -57000000, "operatingIncomeRatio": -0.07983193277310924, "totalOtherIncomeExpensesNet": 23000000, "incomeBeforeTax": -41000000, "incomeBeforeTaxRatio": -0.05742296918767507, "incomeTaxExpense": -12000000, "netIncome": -29000000, "netIncomeRatio": -0.04061624649859944, "eps": -0.1, "epsdiluted": -0.1, "weightedAverageShsOut": 285000000, "weightedAverageShsOutDil": 291000000, "link": "https://www.sec.gov/Archives/edgar/data/896878/000089687814000163/0000896878-14-000163-index.htm", "finalLink": "https://www.sec.gov/Archives/edgar/data/896878/000089687814000163/fy14q410-kdocument.htm"}, {"date": "2014-04-30", "symbol": "INTU", "fillingDate": "2014-05-21", "acceptedDate": "2014-05-21 13:35:27", "period": "Q3", "revenue": 2388000000, "costOfRevenue": 34000000, "grossProfit": 2354000000, "grossProfitRatio": 0.9857621440536013, "researchAndDevelopmentExpenses": 186000000, "generalAndAdministrativeExpenses": 121000000, "sellingAndMarketingExpenses": 412000000, "otherExpenses": 0.0, "operatingExpenses": 719000000, "costAndExpenses": 894000000, "interestExpense": 0.0, "depreciationAndAmortization": 47000000, "ebitda": 1541000000, "ebitdaratio": 0.645309882747, "operatingIncome": 1494000000, "operatingIncomeRatio": 0.625628140704, "totalOtherIncomeExpensesNet": 3000000.0, "incomeBeforeTax": 1489000000, "incomeBeforeTaxRatio": 0.623534338358, "incomeTaxExpense": 505000000, "netIncome": 984000000, "netIncomeRatio": 0.412060301508, "eps": 3.45, "epsdiluted": 3.39, "weightedAverageShsOut": 285000000, "weightedAverageShsOutDil": 291000000, "link": "https://www.sec.gov/Archives/edgar/data/896878/000089687814000051/0000896878-14-000051-index.htm", "finalLink": "https://www.sec.gov/Archives/edgar/data/896878/000089687814000051/fy14q310qdocument.htm"}, {"date": "2014-01-31", "symbol": "INTU", "fillingDate": "2014-02-21", "acceptedDate": "2014-02-21 14:15:19", "period": "Q2", "revenue": 782000000, "costOfRevenue": 45000000, "grossProfit": 737000000, "grossProfitRatio": 0.9424552429667519, "researchAndDevelopmentExpenses": 186000000, "generalAndAdministrativeExpenses": 109000000, "sellingAndMarketingExpenses": 352000000, "otherExpenses": 0.0, "operatingExpenses": 647000000, "costAndExpenses": 828000000, "interestExpense": 0.0, "depreciationAndAmortization": 50000000, "ebitda": 4000000.0, "ebitdaratio": 0.00511508951407, "operatingIncome": -46000000, "operatingIncomeRatio": -0.058823529411764705, "totalOtherIncomeExpensesNet": 0.0, "incomeBeforeTax": -54000000, "incomeBeforeTaxRatio": -0.06905370843989769, "incomeTaxExpense": -40000000, "netIncome": -37000000, "netIncomeRatio": -0.04731457800511509, "eps": -0.13, "epsdiluted": -0.13, "weightedAverageShsOut": 286000000, "weightedAverageShsOutDil": 286000000, "link": "https://www.sec.gov/Archives/edgar/data/896878/000089687814000040/0000896878-14-000040-index.htm", "finalLink": "https://www.sec.gov/Archives/edgar/data/896878/000089687814000040/fy14q210qdocument.htm"}, {"date": "2013-10-31", "symbol": "INTU", "fillingDate": "2013-11-22", "acceptedDate": "2013-11-22 14:26:08", "period": "Q1", "revenue": 622000000, "costOfRevenue": 29000000, "grossProfit": 593000000, "grossProfitRatio": 0.9533762057877814, "researchAndDevelopmentExpenses": 176000000, "generalAndAdministrativeExpenses": 118000000, "sellingAndMarketingExpenses": 258000000, "otherExpenses": 0.0, "operatingExpenses": 552000000, "costAndExpenses": 699000000, "interestExpense": 0.0, "depreciationAndAmortization": 50000000, "ebitda": -27000000, "ebitdaratio": -0.04340836012861737, "operatingIncome": -77000000, "operatingIncomeRatio": -0.12379421221864952, "totalOtherIncomeExpensesNet": 5000000.0, "incomeBeforeTax": -80000000, "incomeBeforeTaxRatio": -0.12861736334405144, "incomeTaxExpense": -23000000, "netIncome": -11000000, "netIncomeRatio": -0.017684887459807074, "eps": -0.04, "epsdiluted": -0.04, "weightedAverageShsOut": 288000000, "weightedAverageShsOutDil": 288000000, "link": "https://www.sec.gov/Archives/edgar/data/896878/000089687813000163/0000896878-13-000163-index.htm", "finalLink": "https://www.sec.gov/Archives/edgar/data/896878/000089687813000149/fy13q410-kdocument.htm"}, {"date": "2013-07-31", "symbol": "INTU", "fillingDate": "2013-09-13", "acceptedDate": "2013-09-13 16:00:38", "period": "FY", "revenue": 378000000, "costOfRevenue": 28000000, "grossProfit": 350000000, "grossProfitRatio": 0.9259259259259259, "researchAndDevelopmentExpenses": 151000000, "generalAndAdministrativeExpenses": 107000000, "sellingAndMarketingExpenses": 190000000, "otherExpenses": 0.0, "operatingExpenses": 448000000, "costAndExpenses": 416000000, "interestExpense": 0.0, "depreciationAndAmortization": 63000000, "ebitda": 25000000, "ebitdaratio": 0.0661375661376, "operatingIncome": -38000000, "operatingIncomeRatio": -0.10052910052910052, "totalOtherIncomeExpensesNet": 1000000.0, "incomeBeforeTax": -44000000, "incomeBeforeTaxRatio": -0.1164021164021164, "incomeTaxExpense": -25000000, "netIncome": -16000000, "netIncomeRatio": -0.042328042328042326, "eps": -0.06, "epsdiluted": -0.06, "weightedAverageShsOut": 297000000, "weightedAverageShsOutDil": 303000000, "link": "https://www.sec.gov/Archives/edgar/data/896878/000089687813000149/0000896878-13-000149-index.htm", "finalLink": "https://www.sec.gov/Archives/edgar/data/896878/000089687813000149/fy13q410-kdocument.htm"}, {"date": "2013-04-30", "symbol": "INTU", "fillingDate": "2013-05-30", "acceptedDate": "2013-05-30 14:09:24", "period": "Q3", "revenue": 2178000000, "costOfRevenue": 30000000, "grossProfit": 2148000000, "grossProfitRatio": 0.9862258953168044, "researchAndDevelopmentExpenses": 177000000, "generalAndAdministrativeExpenses": 108000000, "sellingAndMarketingExpenses": 406000000, "otherExpenses": 0.0, "operatingExpenses": 691000000, "costAndExpenses": 931000000, "interestExpense": 0.0, "depreciationAndAmortization": 57000000, "ebitda": 1304000000, "ebitdaratio": 0.598714416896, "operatingIncome": 1247000000, "operatingIncomeRatio": 0.572543617998, "totalOtherIncomeExpensesNet": 3000000.0, "incomeBeforeTax": 1242000000, "incomeBeforeTaxRatio": 0.570247933884, "incomeTaxExpense": 420000000, "netIncome": 822000000, "netIncomeRatio": 0.37741046832, "eps": 2.77, "epsdiluted": 2.72, "weightedAverageShsOut": 296000000, "weightedAverageShsOutDil": 303000000, "link": "https://www.sec.gov/Archives/edgar/data/896878/000089687813000068/0000896878-13-000068-index.htm", "finalLink": "https://www.sec.gov/Archives/edgar/data/896878/000089687813000068/fy13q310qdocument.htm"}, {"date": "2013-01-31", "symbol": "INTU", "fillingDate": "2013-03-01", "acceptedDate": "2013-03-01 14:40:26", "period": "Q2", "revenue": 968000000, "costOfRevenue": 40000000, "grossProfit": 928000000, "grossProfitRatio": 0.9586776859504132, "researchAndDevelopmentExpenses": 179000000, "generalAndAdministrativeExpenses": 109000000, "sellingAndMarketingExpenses": 372000000, "otherExpenses": 0.0, "operatingExpenses": 660000000, "costAndExpenses": 875000000, "interestExpense": 0.0, "depreciationAndAmortization": 58000000, "ebitda": 151000000, "ebitdaratio": 0.155991735537, "operatingIncome": 93000000, "operatingIncomeRatio": 0.0960743801653, "totalOtherIncomeExpensesNet": 1000000.0, "incomeBeforeTax": 87000000, "incomeBeforeTaxRatio": 0.0898760330579, "incomeTaxExpense": 16000000, "netIncome": 71000000, "netIncomeRatio": 0.073347107438, "eps": 0.24, "epsdiluted": 0.23, "weightedAverageShsOut": 296000000, "weightedAverageShsOutDil": 302000000, "link": "https://www.sec.gov/Archives/edgar/data/896878/000089687813000052/0000896878-13-000052-index.htm", "finalLink": "https://www.sec.gov/Archives/edgar/data/896878/000089687813000052/fy13q210qdocument.htm"}, {"date": "2012-10-31", "symbol": "INTU", "fillingDate": "2012-11-29", "acceptedDate": "2012-11-29 14:02:37", "period": "Q1", "revenue": 647000000, "costOfRevenue": 32000000, "grossProfit": 615000000, "grossProfitRatio": 0.9505409582689336, "researchAndDevelopmentExpenses": 178000000, "generalAndAdministrativeExpenses": 98000000, "sellingAndMarketingExpenses": 251000000, "otherExpenses": 0.0, "operatingExpenses": 527000000, "costAndExpenses": 716000000, "interestExpense": 0.0, "depreciationAndAmortization": 54000000, "ebitda": -15000000, "ebitdaratio": -0.023183925811437404, "operatingIncome": -69000000, "operatingIncomeRatio": -0.10664605873261206, "totalOtherIncomeExpensesNet": 2000000.0, "incomeBeforeTax": -75000000, "incomeBeforeTaxRatio": -0.11591962905718702, "incomeTaxExpense": -24000000, "netIncome": -19000000, "netIncomeRatio": -0.02936630602782071, "eps": -0.06, "epsdiluted": -0.06, "weightedAverageShsOut": 296000000, "weightedAverageShsOutDil": 296000000, "link": "https://www.sec.gov/Archives/edgar/data/896878/000089687812000176/0000896878-12-000176-index.htm", "finalLink": "https://www.sec.gov/Archives/edgar/data/896878/000089687812000146/intu-2012731x10k.htm"}, {"date": "2012-07-31", "symbol": "INTU", "fillingDate": "2012-09-13", "acceptedDate": "2012-09-13 15:49:12", "period": "FY", "revenue": 593000000, "costOfRevenue": 29000000, "grossProfit": 564000000, "grossProfitRatio": 0.9510961214165261, "researchAndDevelopmentExpenses": 167000000, "generalAndAdministrativeExpenses": 99000000, "sellingAndMarketingExpenses": 173000000, "otherExpenses": 0.0, "operatingExpenses": 439000000, "costAndExpenses": 621000000, "interestExpense": 0.0, "depreciationAndAmortization": 57000000, "ebitda": 29000000, "ebitdaratio": 0.0489038785835, "operatingIncome": -28000000, "operatingIncomeRatio": -0.047217537942664416, "totalOtherIncomeExpensesNet": 1000000.0, "incomeBeforeTax": -34000000, "incomeBeforeTaxRatio": -0.05733558178752108, "incomeTaxExpense": -13000000, "netIncome": 4000000.0, "netIncomeRatio": 0.00674536256324, "eps": 0.02, "epsdiluted": 0.02, "weightedAverageShsOut": 296000000, "weightedAverageShsOutDil": 305000000, "link": "https://www.sec.gov/Archives/edgar/data/896878/000089687812000146/0000896878-12-000146-index.htm", "finalLink": "https://www.sec.gov/Archives/edgar/data/896878/000089687812000146/intu-2012731x10k.htm"}, {"date": "2012-04-30", "symbol": "INTU", "fillingDate": "2012-05-25", "acceptedDate": "2012-05-25 15:52:42", "period": "Q3", "revenue": 1945000000, "costOfRevenue": 32000000, "grossProfit": 1913000000, "grossProfitRatio": 0.983547557840617, "researchAndDevelopmentExpenses": 167000000, "generalAndAdministrativeExpenses": 102000000, "sellingAndMarketingExpenses": 365000000, "otherExpenses": 0.0, "operatingExpenses": 634000000, "costAndExpenses": 838000000, "interestExpense": 0.0, "depreciationAndAmortization": 52000000, "ebitda": 1159000000, "ebitdaratio": 0.59588688946, "operatingIncome": 1107000000, "operatingIncomeRatio": 0.569151670951, "totalOtherIncomeExpensesNet": 9000000.0, "incomeBeforeTax": 1104000000, "incomeBeforeTaxRatio": 0.567609254499, "incomeTaxExpense": 370000000, "netIncome": 734000000, "netIncomeRatio": 0.377377892031, "eps": 2.47, "epsdiluted": 2.4, "weightedAverageShsOut": 297000000, "weightedAverageShsOutDil": 306000000, "link": "https://www.sec.gov/Archives/edgar/data/896878/000089687812000070/0000896878-12-000070-index.htm", "finalLink": "https://www.sec.gov/Archives/edgar/data/896878/000089687812000070/intu043012-10q.htm"}, {"date": "2012-01-31", "symbol": "INTU", "fillingDate": "2012-02-29", "acceptedDate": "2012-02-29 14:36:22", "period": "Q2", "revenue": 1019000000, "costOfRevenue": 52000000, "grossProfit": 967000000, "grossProfitRatio": 0.9489695780176644, "researchAndDevelopmentExpenses": 168000000, "generalAndAdministrativeExpenses": 95000000, "sellingAndMarketingExpenses": 344000000, "otherExpenses": 0.0, "operatingExpenses": 607000000, "costAndExpenses": 827000000, "interestExpense": 0.0, "depreciationAndAmortization": 61000000, "ebitda": 253000000, "ebitdaratio": 0.248282630029, "operatingIncome": 192000000, "operatingIncomeRatio": 0.188420019627, "totalOtherIncomeExpensesNet": 3000000.0, "incomeBeforeTax": 179000000, "incomeBeforeTaxRatio": 0.175662414132, "incomeTaxExpense": 61000000, "netIncome": 118000000, "netIncomeRatio": 0.115799803729, "eps": 0.39, "epsdiluted": 0.39, "weightedAverageShsOut": 298000000, "weightedAverageShsOutDil": 307000000, "link": "https://www.sec.gov/Archives/edgar/data/896878/000089687812000048/0000896878-12-000048-index.htm", "finalLink": "https://www.sec.gov/Archives/edgar/data/896878/000089687812000048/intu013112-10q.htm"}, {"date": "2011-10-31", "symbol": "INTU", "fillingDate": "2011-12-01", "acceptedDate": "2011-12-01 15:06:54", "period": "Q1", "revenue": 594000000, "costOfRevenue": 32000000, "grossProfit": 562000000, "grossProfitRatio": 0.9461279461279462, "researchAndDevelopmentExpenses": 167000000, "generalAndAdministrativeExpenses": 92000000, "sellingAndMarketingExpenses": 236000000, "otherExpenses": 0.0, "operatingExpenses": 495000000, "costAndExpenses": 688000000, "interestExpense": 0.0, "depreciationAndAmortization": 72000000, "ebitda": -26000000, "ebitdaratio": -0.04377104377104377, "operatingIncome": -98000000, "operatingIncomeRatio": -0.16498316498316498, "totalOtherIncomeExpensesNet": 11000000, "incomeBeforeTax": -98000000, "incomeBeforeTaxRatio": -0.16498316498316498, "incomeTaxExpense": -34000000, "netIncome": -64000000, "netIncomeRatio": -0.10774410774410774, "eps": -0.21, "epsdiluted": -0.21, "weightedAverageShsOut": 300000000, "weightedAverageShsOutDil": 300000000, "link": "https://www.sec.gov/Archives/edgar/data/896878/000089687811000117/0000896878-11-000117-index.htm", "finalLink": "https://www.sec.gov/Archives/edgar/data/896878/000089687811000093/intu-2011731x10k.htm"}, {"date": "2011-07-31", "symbol": "INTU", "fillingDate": "2011-09-14", "acceptedDate": "2011-09-14 14:52:15", "period": "FY", "revenue": 3851000000, "costOfRevenue": 144000000, "grossProfit": 3707000000, "grossProfitRatio": 0.9626071150350558, "researchAndDevelopmentExpenses": 634000000, "generalAndAdministrativeExpenses": 354000000, "sellingAndMarketingExpenses": 1111000000, "otherExpenses": 0.0, "operatingExpenses": 2099000000, "costAndExpenses": 2844000000, "interestExpense": 0.0, "depreciationAndAmortization": 241000000, "ebitda": 1248000000, "ebitdaratio": 0.324071669696, "operatingIncome": 1007000000, "operatingIncomeRatio": 0.261490521942, "totalOtherIncomeExpensesNet": -1000000.0, "incomeBeforeTax": 966000000, "incomeBeforeTaxRatio": 0.25084393664, "incomeTaxExpense": 332000000, "netIncome": 634000000, "netIncomeRatio": 0.164632562971, "eps": 2.07, "epsdiluted": 2.0, "weightedAverageShsOut": 307000000, "weightedAverageShsOutDil": 317000000, "link": "https://www.sec.gov/Archives/edgar/data/896878/000089687811000093/0000896878-11-000093-index.htm", "finalLink": "https://www.sec.gov/Archives/edgar/data/896878/000089687811000093/intu-2011731x10k.htm"}, {"date": "2011-04-30", "symbol": "INTU", "fillingDate": "2011-06-01", "acceptedDate": "2011-06-01 13:49:31", "period": "Q3", "revenue": 1848000000, "costOfRevenue": 164000000, "grossProfit": 1684000000, "grossProfitRatio": 0.9112554112554112, "researchAndDevelopmentExpenses": 164000000, "generalAndAdministrativeExpenses": 93000000, "sellingAndMarketingExpenses": 351000000, "otherExpenses": 0.0, "operatingExpenses": 608000000, "costAndExpenses": 787000000, "interestExpense": 0.0, "depreciationAndAmortization": 42000000, "ebitda": 1103000000, "ebitdaratio": 0.5968614718614719, "operatingIncome": 1061000000, "operatingIncomeRatio": 0.5741341991341992, "totalOtherIncomeExpensesNet": 6000000.0, "incomeBeforeTax": 12000000, "incomeBeforeTaxRatio": 0.5692640692640693, "incomeTaxExpense": 12000000, "netIncome": 688000000, "netIncomeRatio": 0.3722943722943723, "eps": 2.23, "epsdiluted": 2.23, "weightedAverageShsOut": 307000000, "weightedAverageShsOutDil": 317000000, "link": "https://www.sec.gov/Archives/edgar/data/896878/000095012311055705/0000950123-11-055705-index.htm", "finalLink": "https://www.sec.gov/Archives/edgar/data/896878/000095012311055705/f58545e10vq.htm"}, {"date": "2011-01-31", "symbol": "INTU", "fillingDate": "2011-03-01", "acceptedDate": "2011-03-01 13:39:21", "period": "Q2", "revenue": 878000000, "costOfRevenue": 175000000, "grossProfit": 703000000, "grossProfitRatio": 0.8006833712984055, "researchAndDevelopmentExpenses": 158000000, "generalAndAdministrativeExpenses": 88000000, "sellingAndMarketingExpenses": 330000000, "otherExpenses": 0.0, "operatingExpenses": 576000000, "costAndExpenses": 767000000, "interestExpense": 0.0, "depreciationAndAmortization": 41000000, "ebitda": 152000000, "ebitdaratio": 0.17312072892938496, "operatingIncome": 111000000, "operatingIncomeRatio": 0.1264236902050114, "totalOtherIncomeExpensesNet": 6000000.0, "incomeBeforeTax": 102000000, "incomeBeforeTaxRatio": 0.11617312072892938, "incomeTaxExpense": -12000000, "netIncome": 73000000, "netIncomeRatio": 0.08314350797266515, "eps": 0.01, "epsdiluted": 0.01, "weightedAverageShsOut": 307000000, "weightedAverageShsOutDil": 317000000, "link": "https://www.sec.gov/Archives/edgar/data/896878/000095012311020460/0000950123-11-020460-index.htm", "finalLink": "https://www.sec.gov/Archives/edgar/data/896878/000095012311020460/f57991e10vq.htm"}, {"date": "2010-10-31", "symbol": "INTU", "fillingDate": "2010-12-06", "acceptedDate": "2010-12-06 15:25:01", "period": "Q1", "revenue": 532000000, "costOfRevenue": 155000000, "grossProfit": 377000000, "grossProfitRatio": 0.7086466165413534, "researchAndDevelopmentExpenses": 156000000, "generalAndAdministrativeExpenses": 90000000, "sellingAndMarketingExpenses": 220000000, "otherExpenses": 0.0, "operatingExpenses": 466000000, "costAndExpenses": 636000000, "interestExpense": 0.0, "depreciationAndAmortization": 37000000, "ebitda": -67000000, "ebitdaratio": -0.12593984962406016, "operatingIncome": -104000000, "operatingIncomeRatio": -0.19548872180451127, "totalOtherIncomeExpensesNet": 8000000.0, "incomeBeforeTax": -111000000, "incomeBeforeTaxRatio": -0.20864661654135339, "incomeTaxExpense": 0.0, "netIncome": -70000000, "netIncomeRatio": -0.13157894736842105, "eps": 0.0, "epsdiluted": 0.0, "weightedAverageShsOut": 307000000, "weightedAverageShsOutDil": 316000000, "link": "https://www.sec.gov/Archives/edgar/data/896878/000095012310111135/0000950123-10-111135-index.htm", "finalLink": "https://www.sec.gov/Archives/edgar/data/896878/000095012310086635/f55303e10vk.htm"}, {"date": "2010-07-31", "symbol": "INTU", "fillingDate": "2010-09-16", "acceptedDate": "2010-09-16 14:33:26", "period": "FY", "revenue": 537000000, "costOfRevenue": 146000000, "grossProfit": 391000000, "grossProfitRatio": 0.7281191806331471, "researchAndDevelopmentExpenses": 147000000, "generalAndAdministrativeExpenses": 81000000, "sellingAndMarketingExpenses": 210000000, "otherExpenses": 0.0, "operatingExpenses": 438000000, "costAndExpenses": 601000000, "interestExpense": 0.0, "depreciationAndAmortization": 37000000, "ebitda": -27000000, "ebitdaratio": -0.05027932960893855, "operatingIncome": -64000000, "operatingIncomeRatio": -0.1191806331471136, "totalOtherIncomeExpensesNet": 1000000.0, "incomeBeforeTax": -78000000, "incomeBeforeTaxRatio": -0.1452513966480447, "incomeTaxExpense": -30000000, "netIncome": -48000000, "netIncomeRatio": -0.0893854748603352, "eps": 1.71, "epsdiluted": 1.71, "weightedAverageShsOut": 307000000, "weightedAverageShsOutDil": 316000000, "link": "https://www.sec.gov/Archives/edgar/data/896878/000095012310086635/0000950123-10-086635-index.htm", "finalLink": "https://www.sec.gov/Archives/edgar/data/896878/000095012310086635/f55303e10vk.htm"}, {"date": "2010-04-30", "symbol": "INTU", "fillingDate": "2010-05-28", "acceptedDate": "2010-05-28 15:56:39", "period": "Q3", "revenue": 1607000000, "costOfRevenue": 152000000, "grossProfit": 1455000000, "grossProfitRatio": 0.9054138145612943, "researchAndDevelopmentExpenses": 141000000, "generalAndAdministrativeExpenses": 102000000, "sellingAndMarketingExpenses": 309000000, "otherExpenses": 0.0, "operatingExpenses": 552000000, "costAndExpenses": 719000000, "interestExpense": 0.0, "depreciationAndAmortization": 36000000, "ebitda": 924000000, "ebitdaratio": 0.5749844430616055, "operatingIncome": 888000000, "operatingIncomeRatio": 0.552582451773491, "totalOtherIncomeExpensesNet": 5000000.0, "incomeBeforeTax": 878000000, "incomeBeforeTaxRatio": 0.5463596764156814, "incomeTaxExpense": 302000000, "netIncome": 576000000, "netIncomeRatio": 0.358431860609832, "eps": 1.86, "epsdiluted": 1.86, "weightedAverageShsOut": 317000000, "weightedAverageShsOutDil": 317000000, "link": "https://www.sec.gov/Archives/edgar/data/896878/000095012310054230/0000950123-10-054230-index.htm", "finalLink": "https://www.sec.gov/Archives/edgar/data/896878/000095012310054230/f55269e10vq.htm"}, {"date": "2010-01-31", "symbol": "INTU", "fillingDate": "2010-03-01", "acceptedDate": "2010-03-01 13:21:12", "period": "Q", "revenue": 818000000, "costOfRevenue": 152000000, "grossProfit": 666000000, "grossProfitRatio": 0.8141809290953546, "researchAndDevelopmentExpenses": 142000000, "generalAndAdministrativeExpenses": 87000000, "sellingAndMarketingExpenses": 272000000, "otherExpenses": -5000000.0, "operatingExpenses": 501000000, "costAndExpenses": 680000000, "interestExpense": 0.0, "depreciationAndAmortization": -2431000.0, "ebitda": 146569000, "ebitdaratio": 0.0946587537092, "operatingIncome": 149000000, "operatingIncomeRatio": 0.0420211012199, "totalOtherIncomeExpensesNet": 2000000.0, "incomeBeforeTax": 125000000, "incomeBeforeTaxRatio": 0.0429277942631, "incomeTaxExpense": 4000000.0, "netIncome": 114000000, "netIncomeRatio": 0.0382789317507, "eps": -0.22, "epsdiluted": -0.22, "weightedAverageShsOut": 320000000, "weightedAverageShsOutDil": 320000000, "link": "https://www.sec.gov/Archives/edgar/data/896878/000095012310019101/0000950123-10-019101-index.htm", "finalLink": "https://www.sec.gov/Archives/edgar/data/896878/000095012310019101/f54355e10vq.htm"}, {"date": "2009-10-31", "symbol": "INTU", "fillingDate": "2009-12-04", "acceptedDate": "2009-12-04 13:01:57", "period": "Q1", "revenue": 493000000, "costOfRevenue": 154000000, "grossProfit": 339000000, "grossProfitRatio": 0.6876267748478702, "researchAndDevelopmentExpenses": 143000000, "generalAndAdministrativeExpenses": 78000000, "sellingAndMarketingExpenses": 185000000, "otherExpenses": 5000000.0, "operatingExpenses": 406000000, "costAndExpenses": 592000000, "interestExpense": 16000000, "depreciationAndAmortization": 39000000, "ebitda": -71000000, "ebitdaratio": -0.1440162271805274, "operatingIncome": -110000000, "operatingIncomeRatio": -0.2231237322515213, "totalOtherIncomeExpensesNet": 5000000.0, "incomeBeforeTax": -110000000, "incomeBeforeTaxRatio": -0.2231237322515213, "incomeTaxExpense": 0.0, "netIncome": -68000000, "netIncomeRatio": -0.13793103448275862, "eps": -0.21, "epsdiluted": -0.21, "weightedAverageShsOut": 320000000, "weightedAverageShsOutDil": 320000000, "link": "https://www.sec.gov/Archives/edgar/data/896878/000095012309068379/0000950123-09-068379-index.htm", "finalLink": "https://www.sec.gov/Archives/edgar/data/896878/000095012309043307/f51041e10vk.htm"}, {"date": "2009-07-31", "symbol": "INTU", "fillingDate": "2009-09-15", "acceptedDate": "2009-09-15 16:14:18", "period": "FY", "revenue": 475774000, "costOfRevenue": 149765000, "grossProfit": 326009000, "grossProfitRatio": 0.685218191830575, "researchAndDevelopmentExpenses": 153900000, "generalAndAdministrativeExpenses": 76581000, "sellingAndMarketingExpenses": 186005000, "otherExpenses": 0.0, "operatingExpenses": 416486000, "costAndExpenses": 591303000, "interestExpense": 15125000, "depreciationAndAmortization": 43828000, "ebitda": -71701000, "ebitdaratio": -0.15070390563586913, "operatingIncome": -115529000, "operatingIncomeRatio": -0.24282327323477113, "totalOtherIncomeExpensesNet": 11172000, "incomeBeforeTax": -119482000, "incomeBeforeTaxRatio": -0.2511318399071828, "incomeTaxExpense": -49179000, "netIncome": -70675000, "netIncomeRatio": -0.14854741957315867, "eps": 1.39, "epsdiluted": 1.39, "weightedAverageShsOut": 321612230, "weightedAverageShsOutDil": 321612230, "link": "https://www.sec.gov/Archives/edgar/data/896878/000095012309043307/0000950123-09-043307-index.htm", "finalLink": "https://www.sec.gov/Archives/edgar/data/896878/000095012309043307/f51041e10vk.htm"}, {"date": "2009-04-30", "symbol": "INTU", "fillingDate": "2009-05-29", "acceptedDate": "2009-05-29 16:11:22", "period": "Q3", "revenue": 1434408000, "costOfRevenue": 157692000, "grossProfit": 1276716000, "grossProfitRatio": 0.8900647514514699, "researchAndDevelopmentExpenses": 132866000, "generalAndAdministrativeExpenses": 75335000, "sellingAndMarketingExpenses": 278609000, "otherExpenses": 0.0, "operatingExpenses": 486810000, "costAndExpenses": 670346000, "interestExpense": 12642000, "depreciationAndAmortization": 36130000, "ebitda": 800192000, "ebitdaratio": 0.5578552266858523, "operatingIncome": 764062000, "operatingIncomeRatio": 0.5326671351526204, "totalOtherIncomeExpensesNet": 5977000.0, "incomeBeforeTax": 757904000, "incomeBeforeTaxRatio": 0.5283740748796716, "incomeTaxExpense": 272868000, "netIncome": 484820000, "netIncomeRatio": 0.33799309540939537, "eps": 1.61, "epsdiluted": 1.61, "weightedAverageShsOut": 321897000, "weightedAverageShsOutDil": 321897000, "link": "https://www.sec.gov/Archives/edgar/data/896878/000095013409011617/0000950134-09-011617-index.htm", "finalLink": "https://www.sec.gov/Archives/edgar/data/896878/000095013409011617/f52152e10vq.htm"}, {"date": "2009-01-31", "symbol": "INTU", "fillingDate": "2009-03-02", "acceptedDate": "2009-03-02 13:59:46", "period": "Q2", "revenue": 790976000, "costOfRevenue": 163137000, "grossProfit": 627839000, "grossProfitRatio": 0.7937522756695525, "researchAndDevelopmentExpenses": 143249000, "generalAndAdministrativeExpenses": 71088000, "sellingAndMarketingExpenses": 276374000, "otherExpenses": 1868000.0, "operatingExpenses": 490711000, "costAndExpenses": 681419000, "interestExpense": 11686000, "depreciationAndAmortization": 35574000, "ebitda": 145131000, "ebitdaratio": 0.1834834432397443, "operatingIncome": 109557000, "operatingIncomeRatio": 0.1385086273161259, "totalOtherIncomeExpensesNet": 6190000.0, "incomeBeforeTax": 104061000, "incomeBeforeTaxRatio": 0.1315602496156647, "incomeTaxExpense": -18467000, "netIncome": 85040000, "netIncomeRatio": 0.1075127437494943, "eps": 0.1, "epsdiluted": 0.1, "weightedAverageShsOut": 321900000, "weightedAverageShsOutDil": 321900000, "link": "https://www.sec.gov/Archives/edgar/data/896878/000095013409004209/0000950134-09-004209-index.htm", "finalLink": "https://www.sec.gov/Archives/edgar/data/896878/000095013409004209/f50807e10vq.htm"}, {"date": "2008-10-31", "symbol": "INTU", "fillingDate": "2008-12-04", "acceptedDate": "2008-12-04 14:26:54", "period": "Q1", "revenue": 481379000, "costOfRevenue": 145108000, "grossProfit": 336271000, "grossProfitRatio": 0.6985576853165593, "researchAndDevelopmentExpenses": 136217000, "generalAndAdministrativeExpenses": 65097000, "sellingAndMarketingExpenses": 186186000, "otherExpenses": -1868000.0, "operatingExpenses": 387500000, "costAndExpenses": 557409000, "interestExpense": 11731000, "depreciationAndAmortization": 33585000, "ebitda": -42445000, "ebitdaratio": -0.08817376744727128, "operatingIncome": -76030000, "operatingIncomeRatio": -0.1579420789024864, "totalOtherIncomeExpensesNet": -1868000.0, "incomeBeforeTax": -89052000, "incomeBeforeTaxRatio": -0.18499352900728946, "incomeTaxExpense": 0.0, "netIncome": -52144000, "netIncomeRatio": -0.10832213287243524, "eps": -0.16, "epsdiluted": -0.16, "weightedAverageShsOut": 323269000, "weightedAverageShsOutDil": 323269000, "link": "https://www.sec.gov/Archives/edgar/data/896878/000095013408021624/0000950134-08-021624-index.htm", "finalLink": "https://www.sec.gov/Archives/edgar/data/896878/000095013408016540/f42782e10vk.htm"}, {"date": "2008-07-31", "symbol": "INTU", "fillingDate": "2008-09-12", "acceptedDate": "2008-09-12 13:43:38", "period": "FY", "revenue": 478154000, "costOfRevenue": 137380000, "grossProfit": 340774000, "grossProfitRatio": 0.7126867076297595, "researchAndDevelopmentExpenses": 156730000, "generalAndAdministrativeExpenses": 72029000, "sellingAndMarketingExpenses": 180188000, "otherExpenses": 0.0, "operatingExpenses": 408947000, "costAndExpenses": 480790000, "interestExpense": 11901000, "depreciationAndAmortization": 31030000, "ebitda": -63135000, "ebitdaratio": -0.13203905018048578, "operatingIncome": -94165000, "operatingIncomeRatio": -0.1969344604457978, "totalOtherIncomeExpensesNet": 14043000, "incomeBeforeTax": -91796000, "incomeBeforeTaxRatio": -0.191979989710428, "incomeTaxExpense": -30260000, "netIncome": -61860000, "netIncomeRatio": -0.12937254524692882, "eps": 1.37, "epsdiluted": 1.37, "weightedAverageShsOut": 348001459, "weightedAverageShsOutDil": 348001459, "link": "https://www.sec.gov/Archives/edgar/data/896878/000095013408016540/0000950134-08-016540-index.htm", "finalLink": "https://www.sec.gov/Archives/edgar/data/896878/000095013408016540/f42782e10vk.htm"}, {"date": "2008-04-30", "symbol": "INTU", "fillingDate": "2008-05-30", "acceptedDate": "2008-05-30 13:03:48", "period": "Q3", "revenue": 1313008000, "costOfRevenue": 340240000, "grossProfit": 972768000, "grossProfitRatio": 0.7408698195288985, "researchAndDevelopmentExpenses": 149985000, "generalAndAdministrativeExpenses": 79150000, "sellingAndMarketingExpenses": 246095000, "otherExpenses": 0.0, "operatingExpenses": 475230000, "costAndExpenses": 638507000, "interestExpense": 12830000, "depreciationAndAmortization": 31420000, "ebitda": 705921000, "ebitdaratio": 0.5376364805088774, "operatingIncome": 674501000, "operatingIncomeRatio": 0.5137066948563909, "totalOtherIncomeExpensesNet": 10361000, "incomeBeforeTax": 686125000, "incomeBeforeTaxRatio": 0.5225596492938352, "incomeTaxExpense": 241612000, "netIncome": 444179000, "netIncomeRatio": 0.33829116044989826, "eps": 1.55, "epsdiluted": 1.55, "weightedAverageShsOut": 330862000, "weightedAverageShsOutDil": 330862000, "link": "https://www.sec.gov/Archives/edgar/data/896878/000095013408010488/0000950134-08-010488-index.htm", "finalLink": "https://www.sec.gov/Archives/edgar/data/896878/000095013408010488/f40119e10vq.htm"}, {"date": "2008-01-31", "symbol": "INTU", "fillingDate": "2008-02-29", "acceptedDate": "2008-02-29 14:10:45", "period": "Q2", "revenue": 834874000, "costOfRevenue": 40574000, "grossProfit": 794300000, "grossProfitRatio": 0.9514010497392421, "researchAndDevelopmentExpenses": 149767000, "generalAndAdministrativeExpenses": 66672000, "sellingAndMarketingExpenses": 263705000, "otherExpenses": 0.0, "operatingExpenses": 480144000, "costAndExpenses": 661244000, "interestExpense": 13510000, "depreciationAndAmortization": 27900000, "ebitda": 201530000, "ebitdaratio": 0.24138971868808945, "operatingIncome": 173630000, "operatingIncomeRatio": 0.20797150228657257, "totalOtherIncomeExpensesNet": 4925000.0, "incomeBeforeTax": 179049000, "incomeBeforeTaxRatio": 0.21446230209588513, "incomeTaxExpense": 34227000, "netIncome": 115247000, "netIncomeRatio": 0.13804118944894678, "eps": 0.2, "epsdiluted": 0.2, "weightedAverageShsOut": 334362000, "weightedAverageShsOutDil": 334362000, "link": "https://www.sec.gov/Archives/edgar/data/896878/000095013408003821/0000950134-08-003821-index.htm", "finalLink": "https://www.sec.gov/Archives/edgar/data/896878/000095013408003821/f37882e10vq.htm"}, {"date": "2007-10-31", "symbol": "INTU", "fillingDate": "2007-11-30", "acceptedDate": "2007-11-30 14:17:50", "period": "Q1", "revenue": 444938000, "costOfRevenue": 131201000, "grossProfit": 313737000, "grossProfitRatio": 0.7051252084560096, "researchAndDevelopmentExpenses": 149336000, "generalAndAdministrativeExpenses": 77115000, "sellingAndMarketingExpenses": 169659000, "otherExpenses": 0.0, "operatingExpenses": 396110000, "costAndExpenses": 548137000, "interestExpense": 14049000, "depreciationAndAmortization": 26222000, "ebitda": -76977000, "ebitdaratio": -0.17300612669630375, "operatingIncome": -103199000, "operatingIncomeRatio": -0.23194018042963288, "totalOtherIncomeExpensesNet": 17191000, "incomeBeforeTax": -75393000, "incomeBeforeTaxRatio": -0.16944608012801785, "incomeTaxExpense": 0.0, "netIncome": -20804000, "netIncomeRatio": -0.04675707626680571, "eps": -0.14, "epsdiluted": -0.14, "weightedAverageShsOut": 337584000, "weightedAverageShsOutDil": 337584000, "link": "https://www.sec.gov/Archives/edgar/data/896878/000095013407024741/0000950134-07-024741-index.htm", "finalLink": "https://www.sec.gov/Archives/edgar/data/896878/000095013407020001/f33044e10vk.htm"}, {"date": "2007-07-31", "symbol": "INTU", "fillingDate": "2007-09-14", "acceptedDate": "2007-09-14 16:56:26", "period": "FY", "revenue": 393172000, "costOfRevenue": 95435000, "grossProfit": 297737000, "grossProfitRatio": 0.7572690832510962, "researchAndDevelopmentExpenses": 117696000, "generalAndAdministrativeExpenses": 67404000, "sellingAndMarketingExpenses": 149316000, "otherExpenses": 0.0, "operatingExpenses": 334416000, "costAndExpenses": 447197000, "interestExpense": 14268000, "depreciationAndAmortization": 25609000, "ebitda": -28416000, "ebitdaratio": -0.07227371226842197, "operatingIncome": -54025000, "operatingIncomeRatio": -0.13740805550751325, "totalOtherIncomeExpensesNet": 20386000, "incomeBeforeTax": -16231000, "incomeBeforeTaxRatio": -0.041282186930910646, "incomeTaxExpense": -5432000.0, "netIncome": -13640000, "netIncomeRatio": -0.03469219578199872, "eps": 1.29, "epsdiluted": 1.29, "weightedAverageShsOut": 341087596, "weightedAverageShsOutDil": 341087596, "link": "https://www.sec.gov/Archives/edgar/data/896878/000095013407020001/0000950134-07-020001-index.htm", "finalLink": "https://www.sec.gov/Archives/edgar/data/896878/000095013407020001/f33044e10vk.htm"}, {"date": "2007-04-30", "symbol": "INTU", "fillingDate": "2007-05-30", "acceptedDate": "2007-05-30 15:55:11", "period": "Q3", "revenue": 1154397000, "costOfRevenue": 138824000, "grossProfit": 1015573000, "grossProfitRatio": 0.8797432772261189, "researchAndDevelopmentExpenses": 119132000, "generalAndAdministrativeExpenses": 77685000, "sellingAndMarketingExpenses": 216514000, "otherExpenses": 0.0, "operatingExpenses": 413331000, "costAndExpenses": 575632000, "interestExpense": 12823000, "depreciationAndAmortization": 25230000, "ebitda": 603995000, "ebitdaratio": 0.5232125516611703, "operatingIncome": 578765000, "operatingIncomeRatio": 0.5013569855084516, "totalOtherIncomeExpensesNet": 10967000, "incomeBeforeTax": 577256000, "incomeBeforeTaxRatio": 0.5000498095542522, "incomeTaxExpense": 208634000, "netIncome": 367211000, "netIncomeRatio": 0.31809767350400253, "eps": 1.32, "epsdiluted": 1.32, "weightedAverageShsOut": 344351000, "weightedAverageShsOutDil": 344351000, "link": "https://www.sec.gov/Archives/edgar/data/896878/000095013407012588/0000950134-07-012588-index.htm", "finalLink": "https://www.sec.gov/Archives/edgar/data/896878/000095013407012588/f30406e10vq.htm"}, {"date": "2007-01-31", "symbol": "INTU", "fillingDate": "2007-03-02", "acceptedDate": "2007-03-02 16:35:28", "period": "Q2", "revenue": 763307000, "costOfRevenue": 138546000, "grossProfit": 624761000, "grossProfitRatio": 0.8184924283414144, "researchAndDevelopmentExpenses": 115474000, "generalAndAdministrativeExpenses": 68606000, "sellingAndMarketingExpenses": 221440000, "otherExpenses": 0.0, "operatingExpenses": 405520000, "costAndExpenses": 548983000, "interestExpense": 0.0, "depreciationAndAmortization": 21061000, "ebitda": 235385000, "ebitdaratio": 0.308375267094367, "operatingIncome": 214324000, "operatingIncomeRatio": 0.28078348554382443, "totalOtherIncomeExpensesNet": 11046000, "incomeBeforeTax": 225370000, "incomeBeforeTaxRatio": 0.2952547271281411, "incomeTaxExpense": 48405000, "netIncome": 145362000, "netIncomeRatio": 0.19043713735102652, "eps": 0.25, "epsdiluted": 0.25, "weightedAverageShsOut": 346700000, "weightedAverageShsOutDil": 346700000, "link": "https://www.sec.gov/Archives/edgar/data/896878/000095013407004697/0000950134-07-004697-index.htm", "finalLink": "https://www.sec.gov/Archives/edgar/data/896878/000095013407004697/f26891e10vq.htm"}, {"date": "2006-10-31", "symbol": "INTU", "fillingDate": "2006-12-01", "acceptedDate": "2006-12-01 14:13:26", "period": "Q1", "revenue": 362071000, "costOfRevenue": 105715000, "grossProfit": 256356000, "grossProfitRatio": 0.7080268787061101, "researchAndDevelopmentExpenses": 120214000, "generalAndAdministrativeExpenses": 77388000, "sellingAndMarketingExpenses": 155098000, "otherExpenses": 0.0, "operatingExpenses": 352700000, "costAndExpenses": 463565000, "interestExpense": 0.0, "depreciationAndAmortization": 22275000, "ebitda": -79219000, "ebitdaratio": -0.21879410391884466, "operatingIncome": -101494000, "operatingIncomeRatio": -0.2803151868003789, "totalOtherIncomeExpensesNet": 10290000, "incomeBeforeTax": -89983000, "incomeBeforeTaxRatio": -0.24852307972745677, "incomeTaxExpense": 0.0, "netIncome": -58930000, "netIncomeRatio": -0.1627581330733475, "eps": -0.17, "epsdiluted": -0.17, "weightedAverageShsOut": 346647058, "weightedAverageShsOutDil": 346647058, "link": "https://www.sec.gov/Archives/edgar/data/896878/000095013406022487/0000950134-06-022487-index.htm", "finalLink": "https://www.sec.gov/Archives/edgar/data/896878/000095013406017817/f23541e10vk.htm"}, {"date": "2006-07-31", "symbol": "INTU", "fillingDate": "2006-09-15", "acceptedDate": "2006-09-15 13:08:46", "period": "FY", "revenue": 2194466000, "costOfRevenue": 91447000, "grossProfit": 2103019000, "grossProfitRatio": 0.9583283586986538, "researchAndDevelopmentExpenses": 104284000, "generalAndAdministrativeExpenses": 67391000, "sellingAndMarketingExpenses": 132069000, "otherExpenses": 0.0, "operatingExpenses": 303744000, "costAndExpenses": 399839000, "interestExpense": 0.0, "depreciationAndAmortization": 25359000, "ebitda": -31555000, "ebitdaratio": -0.01437935242560149, "operatingIncome": -56914000, "operatingIncomeRatio": -0.02593523891461522, "totalOtherIncomeExpensesNet": 22721000, "incomeBeforeTax": -33937000, "incomeBeforeTaxRatio": -0.015464810117814538, "incomeTaxExpense": -15774000, "netIncome": -18854000, "netIncomeRatio": -0.008591611808977674, "eps": 1.09, "epsdiluted": 1.09, "weightedAverageShsOut": 382534862, "weightedAverageShsOutDil": 382534862, "link": "https://www.sec.gov/Archives/edgar/data/896878/000095013406017817/0000950134-06-017817-index.htm", "finalLink": "https://www.sec.gov/Archives/edgar/data/896878/000095013406017817/f23541e10vk.htm"}, {"date": "2006-04-30", "symbol": "INTU", "fillingDate": "2006-06-09", "acceptedDate": "2006-06-09 15:23:16", "period": "Q3", "revenue": 147837000, "costOfRevenue": 334742000, "grossProfit": -186905000, "grossProfitRatio": -1.2642640205090743, "researchAndDevelopmentExpenses": 294699000, "generalAndAdministrativeExpenses": 202901000, "sellingAndMarketingExpenses": 531987000, "otherExpenses": 0.0, "operatingExpenses": 1029587000, "costAndExpenses": 1382920000, "interestExpense": 0.0, "depreciationAndAmortization": 23117000, "ebitda": 639575000, "ebitdaratio": 4.326217388069293, "operatingIncome": 616458000, "operatingIncomeRatio": 4.169849225836563, "totalOtherIncomeExpensesNet": 20317000, "incomeBeforeTax": 644148000, "incomeBeforeTaxRatio": 4.3571501045069905, "incomeTaxExpense": 247864000, "netIncome": 435817000, "netIncomeRatio": 2.9479561949985458, "eps": 2.27, "epsdiluted": 2.27, "weightedAverageShsOut": 191989867, "weightedAverageShsOutDil": 191989867, "link": "https://www.sec.gov/Archives/edgar/data/896878/000095013406011375/0000950134-06-011375-index.htm", "finalLink": "https://www.sec.gov/Archives/edgar/data/896878/000095013406011375/f21016e10vq.htm"}, {"date": "2006-01-31", "symbol": "INTU", "fillingDate": "2006-03-09", "acceptedDate": "2006-03-09 08:12:08", "period": "Q2", "revenue": 742704000, "costOfRevenue": 135132000, "grossProfit": 607572000, "grossProfitRatio": 0.8180540295999483, "researchAndDevelopmentExpenses": 100084000, "generalAndAdministrativeExpenses": 65297000, "sellingAndMarketingExpenses": 196903000, "otherExpenses": 0.0, "operatingExpenses": 362284000, "costAndExpenses": 503732000, "interestExpense": 0.0, "depreciationAndAmortization": 22616000, "ebitda": 261588000, "ebitdaratio": 0.3522103018160667, "operatingIncome": 238972000, "operatingIncomeRatio": 0.3217594088627502, "totalOtherIncomeExpensesNet": 5322000.0, "incomeBeforeTax": 247321000, "incomeBeforeTaxRatio": 0.3330007647730455, "incomeTaxExpense": 57635000, "netIncome": 182973000, "netIncomeRatio": 0.24636059587668843, "eps": 0.56, "epsdiluted": 0.56, "weightedAverageShsOut": 244944642, "weightedAverageShsOutDil": 244944642, "link": "https://www.sec.gov/Archives/edgar/data/896878/000095013406004606/0000950134-06-004606-index.htm", "finalLink": "https://www.sec.gov/Archives/edgar/data/896878/000095013406004606/f17250e10vq.htm"}, {"date": "2005-10-31", "symbol": "INTU", "fillingDate": "2005-12-05", "acceptedDate": "2005-12-05 16:57:11", "period": "Q1", "revenue": 304071000, "costOfRevenue": 91679000, "grossProfit": 212392000, "grossProfitRatio": 0.698494759447629, "researchAndDevelopmentExpenses": 97280000, "generalAndAdministrativeExpenses": 63595000, "sellingAndMarketingExpenses": 147430000, "otherExpenses": 0.0, "operatingExpenses": 308305000, "costAndExpenses": 406692000, "interestExpense": 0.0, "depreciationAndAmortization": 23145000, "ebitda": -79476000, "ebitdaratio": -0.26137316613554074, "operatingIncome": -102621000, "operatingIncomeRatio": -0.33749025720966486, "totalOtherIncomeExpensesNet": 6304000.0, "incomeBeforeTax": -92050000, "incomeBeforeTaxRatio": -0.3027253503293639, "incomeTaxExpense": 0.0, "netIncome": -45804000, "netIncomeRatio": -0.1506358712274436, "eps": -0.33, "epsdiluted": -0.33, "weightedAverageShsOut": 138800000, "weightedAverageShsOutDil": 138800000, "link": "https://www.sec.gov/Archives/edgar/data/896878/000095013405022611/0000950134-05-022611-index.htm", "finalLink": "https://www.sec.gov/Archives/edgar/data/896878/000095013405018355/f10990e10vk.htm"}, {"date": "2005-07-31", "symbol": "INTU", "fillingDate": "2005-09-26", "acceptedDate": "2005-09-26 17:21:19", "period": "FY", "revenue": 259569000, "costOfRevenue": 75453000, "grossProfit": 184116000, "grossProfitRatio": 0.7093142863747212, "researchAndDevelopmentExpenses": 72969000, "generalAndAdministrativeExpenses": 46785000, "sellingAndMarketingExpenses": 109224000, "otherExpenses": 0.0, "operatingExpenses": 228978000, "costAndExpenses": 308494000, "interestExpense": 0.0, "depreciationAndAmortization": 22583000, "ebitda": -26342000, "ebitdaratio": -0.10148361322037686, "operatingIncome": -48925000, "operatingIncomeRatio": -0.1884855279328425, "totalOtherIncomeExpensesNet": 13893000, "incomeBeforeTax": -30149000, "incomeBeforeTaxRatio": -0.11615023365656145, "incomeTaxExpense": 1748000.0, "netIncome": -19996000, "netIncomeRatio": -0.07703539328656349, "eps": 2.03, "epsdiluted": 2.03, "weightedAverageShsOut": 187993596, "weightedAverageShsOutDil": 187993596, "link": "https://www.sec.gov/Archives/edgar/data/896878/000095013405018355/0000950134-05-018355-index.htm", "finalLink": "https://www.sec.gov/Archives/edgar/data/896878/000095013405018355/f10990e10vk.htm"}, {"date": "2005-04-30", "symbol": "INTU", "fillingDate": "2005-06-07", "acceptedDate": "2005-06-07 16:18:35", "period": "Q3", "revenue": 849505000, "costOfRevenue": 103121000, "grossProfit": 746384000, "grossProfitRatio": 0.8786104849294589, "researchAndDevelopmentExpenses": 79422000, "generalAndAdministrativeExpenses": 70508000, "sellingAndMarketingExpenses": 163064000, "otherExpenses": 0.0, "operatingExpenses": 312994000, "costAndExpenses": 423439000, "interestExpense": 0.0, "depreciationAndAmortization": 32600000, "ebitda": 458666000, "ebitdaratio": 0.5399214836875592, "operatingIncome": 426066000, "operatingIncomeRatio": 0.5015461945485901, "totalOtherIncomeExpensesNet": 5802000.0, "incomeBeforeTax": 431992000, "incomeBeforeTaxRatio": 0.5085220216479008, "incomeTaxExpense": 131485000, "netIncome": 300507000, "netIncomeRatio": 0.35374365071423947, "eps": 2.19, "epsdiluted": 2.19, "weightedAverageShsOut": 183389497, "weightedAverageShsOutDil": 183389497, "link": "https://www.sec.gov/Archives/edgar/data/896878/000095013405011508/0000950134-05-011508-index.htm", "finalLink": "https://www.sec.gov/Archives/edgar/data/896878/000095013405011508/f08658e10vq.htm"}, {"date": "2005-01-31", "symbol": "INTU", "fillingDate": "2005-03-08", "acceptedDate": "2005-03-07 20:31:20", "period": "Q2", "revenue": 662639000, "costOfRevenue": 117607000, "grossProfit": 545032000, "grossProfitRatio": 0.8225172378927289, "researchAndDevelopmentExpenses": 77743000, "generalAndAdministrativeExpenses": 57371000, "sellingAndMarketingExpenses": 177985000, "otherExpenses": 0.0, "operatingExpenses": 313099000, "costAndExpenses": 438317000, "interestExpense": 0.0, "depreciationAndAmortization": 23359000, "ebitda": 247681000, "ebitdaratio": 0.3737796899971176, "operatingIncome": 224322000, "operatingIncomeRatio": 0.3385282182304392, "totalOtherIncomeExpensesNet": 3088000.0, "incomeBeforeTax": 227470000, "incomeBeforeTaxRatio": 0.3432789195927194, "incomeTaxExpense": 47841000, "netIncome": 147252000, "netIncomeRatio": 0.22222054542518627, "eps": 0.57, "epsdiluted": 0.57, "weightedAverageShsOut": 177396491, "weightedAverageShsOutDil": 177396491, "link": "https://www.sec.gov/Archives/edgar/data/896878/000095013405004338/0000950134-05-004338-index.htm", "finalLink": "https://www.sec.gov/Archives/edgar/data/896878/000095013405004338/f05664e10vq.htm"}, {"date": "2004-10-31", "symbol": "INTU", "fillingDate": "2004-12-10", "acceptedDate": "2004-12-10 12:29:16", "period": "Q1", "revenue": 265990000, "costOfRevenue": 76472000, "grossProfit": 189518000, "grossProfitRatio": 0.7125004699424791, "researchAndDevelopmentExpenses": 75107000, "generalAndAdministrativeExpenses": 50843000, "sellingAndMarketingExpenses": 133135000, "otherExpenses": 0.0, "operatingExpenses": 259085000, "costAndExpenses": 343355000, "interestExpense": 0.0, "depreciationAndAmortization": 21428000, "ebitda": -55937000, "ebitdaratio": -0.21029737960073688, "operatingIncome": -77365000, "operatingIncomeRatio": -0.2908567991277868, "totalOtherIncomeExpensesNet": 3951000.0, "incomeBeforeTax": -73256000, "incomeBeforeTaxRatio": -0.2754088499567653, "incomeTaxExpense": 0.0, "netIncome": -46136000, "netIncomeRatio": -0.1734501297041242, "eps": -0.22, "epsdiluted": -0.22, "weightedAverageShsOut": 209709090, "weightedAverageShsOutDil": 209709090, "link": "https://www.sec.gov/Archives/edgar/data/896878/000095013404019005/0000950134-04-019005-index.htm", "finalLink": "https://www.sec.gov/Archives/edgar/data/896878/000095013404014081/f00874e10vk.htm"}, {"date": "2004-07-31", "symbol": "INTU", "fillingDate": "2004-09-24", "acceptedDate": "2004-09-24 12:44:51", "period": "FY", "revenue": 275893000, "costOfRevenue": 75632000, "grossProfit": 200261000, "grossProfitRatio": 0.7258647374163172, "researchAndDevelopmentExpenses": 65298000, "generalAndAdministrativeExpenses": 47040000, "sellingAndMarketingExpenses": 73837000, "otherExpenses": 0.0, "operatingExpenses": 186175000, "costAndExpenses": 331893000, "interestExpense": 0.0, "depreciationAndAmortization": 67569000, "ebitda": 11569000, "ebitdaratio": 0.041932923270978244, "operatingIncome": -56000000, "operatingIncomeRatio": -0.20297724117683305, "totalOtherIncomeExpensesNet": 11410000, "incomeBeforeTax": -43205000, "incomeBeforeTaxRatio": -0.15660056616151913, "incomeTaxExpense": -1101000.0, "netIncome": -42104000, "netIncomeRatio": -0.1526098886162389, "eps": 1.62, "epsdiluted": 1.62, "weightedAverageShsOut": 195697530, "weightedAverageShsOutDil": 195697530, "link": "https://www.sec.gov/Archives/edgar/data/896878/000095013404014081/0000950134-04-014081-index.htm", "finalLink": "https://www.sec.gov/Archives/edgar/data/896878/000095013404014081/f00874e10vk.htm"}, {"date": "2004-04-30", "symbol": "INTU", "fillingDate": "2004-06-14", "acceptedDate": "2004-06-14 12:21:08", "period": "Q3", "revenue": 712953000, "costOfRevenue": 96071000, "grossProfit": 616882000, "grossProfitRatio": 0.8652491819236331, "researchAndDevelopmentExpenses": 71167000, "generalAndAdministrativeExpenses": 44214000, "sellingAndMarketingExpenses": 95710000, "otherExpenses": 0.0, "operatingExpenses": 211091000, "costAndExpenses": 365822000, "interestExpense": 0.0, "depreciationAndAmortization": 3422000.0, "ebitda": 350553000, "ebitdaratio": 0.4916915981838915, "operatingIncome": 347131000, "operatingIncomeRatio": 0.4868918428002968, "totalOtherIncomeExpensesNet": 4774000.0, "incomeBeforeTax": 352012000, "incomeBeforeTaxRatio": 0.4937380163909823, "incomeTaxExpense": 87979000, "netIncome": 264033000, "netIncomeRatio": 0.37033717510130404, "eps": 1.82, "epsdiluted": 1.82, "weightedAverageShsOut": 197326373, "weightedAverageShsOutDil": 197326373, "link": "https://www.sec.gov/Archives/edgar/data/896878/000095013404008758/0000950134-04-008758-index.htm", "finalLink": "https://www.sec.gov/Archives/edgar/data/896878/000095013404008758/f99137e10vq.htm"}, {"date": "2004-01-31", "symbol": "INTU", "fillingDate": "2004-03-09", "acceptedDate": "2004-03-09 07:32:17", "period": "Q2", "revenue": 636289000, "costOfRevenue": 147274000, "grossProfit": 489015000, "grossProfitRatio": 0.7685422818876328, "researchAndDevelopmentExpenses": 73333000, "generalAndAdministrativeExpenses": 48131000, "sellingAndMarketingExpenses": 107640000, "otherExpenses": 0.0, "operatingExpenses": 229104000, "costAndExpenses": 417679000, "interestExpense": 0.0, "depreciationAndAmortization": 3324000.0, "ebitda": 221934000, "ebitdaratio": 0.3487943371644017, "operatingIncome": 218610000, "operatingIncomeRatio": 0.34357029588756055, "totalOtherIncomeExpensesNet": 7170000.0, "incomeBeforeTax": 225870000, "incomeBeforeTaxRatio": 0.35498020553553494, "incomeTaxExpense": 48992000, "netIncome": 149066000, "netIncomeRatio": 0.23427404842767988, "eps": 0.48, "epsdiluted": 0.48, "weightedAverageShsOut": 198127083, "weightedAverageShsOutDil": 198127083, "link": "https://www.sec.gov/Archives/edgar/data/896878/000095013404003115/0000950134-04-003115-index.htm", "finalLink": "https://www.sec.gov/Archives/edgar/data/896878/000095013404003115/f96197e10vq.htm"}, {"date": "2003-10-31", "symbol": "INTU", "fillingDate": "2003-12-05", "acceptedDate": "2003-12-05 14:32:36", "period": "Q1", "revenue": 242528000, "costOfRevenue": 42620000, "grossProfit": 199908000, "grossProfitRatio": 0.8242677134186568, "researchAndDevelopmentExpenses": 71331000, "generalAndAdministrativeExpenses": 43695000, "sellingAndMarketingExpenses": 91949000, "otherExpenses": 0.0, "operatingExpenses": 206975000, "costAndExpenses": 331942000, "interestExpense": 0.0, "depreciationAndAmortization": 3289000.0, "ebitda": -86125000, "ebitdaratio": -0.35511363636363635, "operatingIncome": -89414000, "operatingIncomeRatio": -0.36867495711835335, "totalOtherIncomeExpensesNet": 7490000.0, "incomeBeforeTax": -81777000, "incomeBeforeTaxRatio": -0.3371858094735453, "incomeTaxExpense": 0.0, "netIncome": -53965000, "netIncomeRatio": -0.22251039055284338, "eps": -0.27, "epsdiluted": -0.27, "weightedAverageShsOut": 199870370, "weightedAverageShsOutDil": 199870370, "link": "https://www.sec.gov/Archives/edgar/data/896878/000089161803006189/0000891618-03-006189-index.htm", "finalLink": "https://www.sec.gov/Archives/edgar/data/896878/000089161803004854/f90545e10vk.htm"}, {"date": "2003-07-31", "symbol": "INTU", "fillingDate": "2003-09-19", "acceptedDate": "2003-09-19 17:08:12", "period": "FY", "revenue": 245097000, "costOfRevenue": 69561000, "grossProfit": 175536000, "grossProfitRatio": 0.7161899166452466, "researchAndDevelopmentExpenses": 63612000, "generalAndAdministrativeExpenses": 36591000, "sellingAndMarketingExpenses": 68664000, "otherExpenses": 0.0, "operatingExpenses": 168867000, "costAndExpenses": 285614000, "interestExpense": 0.0, "depreciationAndAmortization": 3639000.0, "ebitda": -36878000, "ebitdaratio": -0.15046287796260255, "operatingIncome": -40517000, "operatingIncomeRatio": -0.16531006091465827, "totalOtherIncomeExpensesNet": 13945000, "incomeBeforeTax": -25754000, "incomeBeforeTaxRatio": -0.10507676552548582, "incomeTaxExpense": -1066000.0, "netIncome": -24688000, "netIncomeRatio": -0.10072746708446044, "eps": 1.28, "epsdiluted": 1.28, "weightedAverageShsOut": 267995312, "weightedAverageShsOutDil": 267995312, "link": "https://www.sec.gov/Archives/edgar/data/896878/000089161803004854/0000891618-03-004854-index.htm", "finalLink": "https://www.sec.gov/Archives/edgar/data/896878/000089161803004854/f90545e10vk.htm"}, {"date": "2003-04-30", "symbol": "INTU", "fillingDate": "2003-05-30", "acceptedDate": "2003-05-30 17:26:51", "period": "Q3", "revenue": 634698000, "costOfRevenue": 88706000, "grossProfit": 545992000, "grossProfitRatio": 0.860239042820365, "researchAndDevelopmentExpenses": 62002000, "generalAndAdministrativeExpenses": 34243000, "sellingAndMarketingExpenses": 83108000, "otherExpenses": 0.0, "operatingExpenses": 179353000, "costAndExpenses": 326171000, "interestExpense": 0.0, "depreciationAndAmortization": 3662000.0, "ebitda": 312189000, "ebitdaratio": 0.4918701492678408, "operatingIncome": 308527000, "operatingIncomeRatio": 0.48610047613195567, "totalOtherIncomeExpensesNet": 8193000.0, "incomeBeforeTax": 323734000, "incomeBeforeTaxRatio": 0.5100599025048134, "incomeTaxExpense": 100766000, "netIncome": 293977000, "netIncomeRatio": 0.4631761877302276, "eps": 1.39, "epsdiluted": 1.39, "weightedAverageShsOut": 264548201, "weightedAverageShsOutDil": 264548201, "link": "https://www.sec.gov/Archives/edgar/data/896878/000089161803002791/0000891618-03-002791-index.htm", "finalLink": "https://www.sec.gov/Archives/edgar/data/896878/000089161803002791/f90505e10vq.htm"}, {"date": "2003-01-31", "symbol": "INTU", "fillingDate": "2003-02-28", "acceptedDate": "2003-02-28 13:09:58", "period": "Q2", "revenue": 547666000, "costOfRevenue": 114384000, "grossProfit": 433282000, "grossProfitRatio": 0.7911427768019195, "researchAndDevelopmentExpenses": 64525000, "generalAndAdministrativeExpenses": 37860000, "sellingAndMarketingExpenses": 93816000, "otherExpenses": 0.0, "operatingExpenses": 196201000, "costAndExpenses": 377796000, "interestExpense": 0.0, "depreciationAndAmortization": 3518000.0, "ebitda": 173388000, "ebitdaratio": 0.3165944206870611, "operatingIncome": 169870000, "operatingIncomeRatio": 0.31017079752988136, "totalOtherIncomeExpensesNet": 8220000.0, "incomeBeforeTax": 180917000, "incomeBeforeTaxRatio": 0.3303418506900191, "incomeTaxExpense": 29936000, "netIncome": 128430000, "netIncomeRatio": 0.2345042416363258, "eps": 0.32, "epsdiluted": 0.32, "weightedAverageShsOut": 230453125, "weightedAverageShsOutDil": 230453125, "link": "https://www.sec.gov/Archives/edgar/data/896878/000089161803001077/0000891618-03-001077-index.htm", "finalLink": "https://www.sec.gov/Archives/edgar/data/896878/000089161803001077/f87144e10vq.htm"}, {"date": "2002-10-31", "symbol": "INTU", "fillingDate": "2002-12-05", "acceptedDate": "2002-12-05 13:34:50", "period": "Q1", "revenue": 223282000, "costOfRevenue": 71313000, "grossProfit": 151969000, "grossProfitRatio": 0.6806146487401582, "researchAndDevelopmentExpenses": 65682000, "generalAndAdministrativeExpenses": 40161000, "sellingAndMarketingExpenses": 78801000, "otherExpenses": 0.0, "operatingExpenses": 184644000, "costAndExpenses": 317930000, "interestExpense": 0.0, "depreciationAndAmortization": 2977000.0, "ebitda": -91671000, "ebitdaratio": -0.4105615320536362, "operatingIncome": -94648000, "operatingIncomeRatio": -0.4238944473804427, "totalOtherIncomeExpensesNet": 8336000.0, "incomeBeforeTax": -86059000, "incomeBeforeTaxRatio": -0.38542739674492343, "incomeTaxExpense": 0.0, "netIncome": -54685000, "netIncomeRatio": -0.24491450273644988, "eps": -0.29, "epsdiluted": -0.29, "weightedAverageShsOut": 188568965, "weightedAverageShsOutDil": 188568965, "link": "https://www.sec.gov/Archives/edgar/data/896878/000089161802005422/0000891618-02-005422-index.htm", "finalLink": "https://www.sec.gov/Archives/edgar/data/896878/000089161802004433/f84263ore10vk.htm"}, {"date": "2002-07-31", "symbol": "INTU", "fillingDate": "2002-09-25", "acceptedDate": "2002-09-25 17:14:58", "period": "FY", "revenue": 57111000, "costOfRevenue": 22901000, "grossProfit": 34210000, "grossProfitRatio": 0.5990089474882246, "researchAndDevelopmentExpenses": 47411000, "generalAndAdministrativeExpenses": 20386000, "sellingAndMarketingExpenses": 22170000, "otherExpenses": -28631000, "operatingExpenses": 89967000, "costAndExpenses": 193049000, "interestExpense": 28631000, "depreciationAndAmortization": -140895000, "ebitda": -276833000, "ebitdaratio": -4.847279858521126, "operatingIncome": -135938000, "operatingIncomeRatio": -2.3802419849065855, "totalOtherIncomeExpensesNet": 4313000.0, "incomeBeforeTax": -137894000, "incomeBeforeTaxRatio": -2.4144910787764178, "incomeTaxExpense": -35714000, "netIncome": -31762000, "netIncomeRatio": -0.5561450508658577, "eps": 0.33, "epsdiluted": 0.33, "weightedAverageShsOut": 424727272, "weightedAverageShsOutDil": 424727272, "link": "https://www.sec.gov/Archives/edgar/data/896878/000089161802004433/0000891618-02-004433-index.htm", "finalLink": "https://www.sec.gov/Archives/edgar/data/896878/000089161802004433/f84263ore10vk.htm"}, {"date": "2002-04-30", "symbol": "INTU", "fillingDate": "2002-05-31", "acceptedDate": "2002-05-31 15:51:13", "period": "Q3", "revenue": 545226000, "costOfRevenue": 80513000, "grossProfit": 464713000, "grossProfitRatio": 0.8523309600055756, "researchAndDevelopmentExpenses": 52908000, "generalAndAdministrativeExpenses": 29339000, "sellingAndMarketingExpenses": 89830000, "otherExpenses": 8308000.0, "operatingExpenses": 172077000, "costAndExpenses": 350761000, "interestExpense": -8308000.0, "depreciationAndAmortization": 39836000, "ebitda": 234301000, "ebitdaratio": 0.4297318909956605, "operatingIncome": 194465000, "operatingIncomeRatio": 0.356668610814598, "totalOtherIncomeExpensesNet": 8308000.0, "incomeBeforeTax": 212437000, "incomeBeforeTaxRatio": 0.38963108875952357, "incomeTaxExpense": 67938000, "netIncome": 144481000, "netIncomeRatio": 0.2649928653439124, "eps": 0.81, "epsdiluted": 0.81, "weightedAverageShsOut": 212249382, "weightedAverageShsOutDil": 212249382, "link": "https://www.sec.gov/Archives/edgar/data/896878/000089161802002662/0000891618-02-002662-index.htm", "finalLink": "https://www.sec.gov/Archives/edgar/data/896878/000089161802002662/f81889e10vq.htm"}, {"date": "2002-01-31", "symbol": "INTU", "fillingDate": "2002-02-28", "acceptedDate": "2002-02-28 00:00:00", "period": "Q2", "revenue": 756011000, "costOfRevenue": 193416000, "grossProfit": 562595000, "grossProfitRatio": 0.7441624526627258, "researchAndDevelopmentExpenses": 103203000, "generalAndAdministrativeExpenses": 60716000, "sellingAndMarketingExpenses": 166826000, "otherExpenses": 20323000, "operatingExpenses": 330745000, "costAndExpenses": 755316000, "interestExpense": -20323000, "depreciationAndAmortization": -134720000, "ebitda": -134025000, "ebitdaratio": -0.17727916657297316, "operatingIncome": 695000.0, "operatingIncomeRatio": 0.0009192987932715265, "totalOtherIncomeExpensesNet": 20323000, "incomeBeforeTax": 10396000, "incomeBeforeTaxRatio": 0.013751122668850056, "incomeTaxExpense": -17045000, "netIncome": 27441000, "netIncomeRatio": 0.036297090915343826, "eps": 0.13, "epsdiluted": 0.13, "weightedAverageShsOut": 211084615, "weightedAverageShsOutDil": 211084615, "link": "https://www.sec.gov/Archives/edgar/data/896878/000089161802000959/0000891618-02-000959-index.htm", "finalLink": "https://www.sec.gov/Archives/edgar/data/896878/000089161802000959/f79353e10-q.htm"}]