[{"date": "2020-03-31", "symbol": "FAST", "fillingDate": "2020-04-17", "acceptedDate": "2020-04-17 11:29:18", "period": "Q1", "revenue": 1367000000, "costOfRevenue": 730200000, "grossProfit": 636800000, "grossProfitRatio": 0.4658376005852231, "researchAndDevelopmentExpenses": 0.0, "generalAndAdministrativeExpenses": 365900000, "sellingAndMarketingExpenses": 0.0, "otherExpenses": 365000.0, "operatingExpenses": 365900000, "costAndExpenses": 1096100000, "interestExpense": 2200000.0, "depreciationAndAmortization": 38600000, "ebitda": 309900000, "ebitdaratio": 0.226700804682, "operatingIncome": 271300000, "operatingIncomeRatio": 0.19846378932, "totalOtherIncomeExpensesNet": 0.0, "incomeBeforeTax": 269200000, "incomeBeforeTaxRatio": 0.196927578639, "incomeTaxExpense": 66600000, "netIncome": 202600000, "netIncomeRatio": 0.148207754206, "eps": 0.35, "epsdiluted": 0.35, "weightedAverageShsOut": 573904156, "weightedAverageShsOutDil": 575318830, "link": "https://www.sec.gov/Archives/edgar/data/815556/000081555620000031/0000815556-20-000031-index.htm", "finalLink": "https://www.sec.gov/Archives/edgar/data/815556/000081555620000031/fast331202010-q.htm"}, {"date": "2019-12-31", "symbol": "FAST", "fillingDate": "2020-02-06", "acceptedDate": "2020-02-06 12:52:03", "period": "FY", "revenue": 1276900000, "costOfRevenue": 678500000, "grossProfit": 598400000, "grossProfitRatio": 0.4686349753308795, "researchAndDevelopmentExpenses": 0.0, "generalAndAdministrativeExpenses": 359900000, "sellingAndMarketingExpenses": 0.0, "otherExpenses": 360000.0, "operatingExpenses": 359900000, "costAndExpenses": 1038400000, "interestExpense": 2600000.0, "depreciationAndAmortization": 37900000, "ebitda": 276800000, "ebitdaratio": 0.216775001958, "operatingIncome": 238900000, "operatingIncomeRatio": 0.187093742658, "totalOtherIncomeExpensesNet": 0.0, "incomeBeforeTax": 236400000, "incomeBeforeTaxRatio": 0.18513587595, "incomeTaxExpense": 57700000, "netIncome": 178700000, "netIncomeRatio": 0.139948312319, "eps": 0.31, "epsdiluted": 0.31, "weightedAverageShsOut": 573202152, "weightedAverageShsOutDil": 574441628, "link": "https://www.sec.gov/Archives/edgar/data/815556/000081555620000011/0000815556-20-000011-index.htm", "finalLink": "https://www.sec.gov/Archives/edgar/data/815556/000081555620000011/fast1231201910-k.htm"}, {"date": "2019-09-30", "symbol": "FAST", "fillingDate": "2019-10-16", "acceptedDate": "2019-10-16 11:25:09", "period": "Q3", "revenue": 1379100000, "costOfRevenue": 728000000, "grossProfit": 651100000, "grossProfitRatio": 0.4721194982234791, "researchAndDevelopmentExpenses": 0.0, "generalAndAdministrativeExpenses": 369200000, "sellingAndMarketingExpenses": 0.0, "otherExpenses": 369000.0, "operatingExpenses": 369200000, "costAndExpenses": 1097200000, "interestExpense": 3600000.0, "depreciationAndAmortization": 37300000, "ebitda": 319200000, "ebitdaratio": 0.231455296933, "operatingIncome": 281900000, "operatingIncomeRatio": 0.204408672323, "totalOtherIncomeExpensesNet": 0.0, "incomeBeforeTax": 278400000, "incomeBeforeTaxRatio": 0.201870785295, "incomeTaxExpense": 64900000, "netIncome": 213500000, "netIncomeRatio": 0.154811108694, "eps": 0.37, "epsdiluted": 0.38, "weightedAverageShsOut": 572934475, "weightedAverageShsOutDil": 573977305, "link": "https://www.sec.gov/Archives/edgar/data/815556/000081555619000058/0000815556-19-000058-index.htm", "finalLink": "https://www.sec.gov/Archives/edgar/data/815556/000081555619000058/fast9301910q.htm"}, {"date": "2019-06-30", "symbol": "FAST", "fillingDate": "2019-07-16", "acceptedDate": "2019-07-16 11:45:05", "period": "Q2", "revenue": 1368400000, "costOfRevenue": 727200000, "grossProfit": 641200000, "grossProfitRatio": 0.46857643963753287, "researchAndDevelopmentExpenses": 0.0, "generalAndAdministrativeExpenses": 366700000, "sellingAndMarketingExpenses": 0.0, "otherExpenses": 367000.0, "operatingExpenses": 366700000, "costAndExpenses": 1093900000, "interestExpense": 3700000.0, "depreciationAndAmortization": 37100000, "ebitda": 312100000, "ebitdaratio": 0.228076585794, "operatingIncome": 275000000, "operatingIncomeRatio": 0.200964630225, "totalOtherIncomeExpensesNet": 0.0, "incomeBeforeTax": 271400000, "incomeBeforeTaxRatio": 0.19833382052, "incomeTaxExpense": 66800000, "netIncome": 204600000, "netIncomeRatio": 0.149517684887, "eps": 0.02, "epsdiluted": 0.01, "weightedAverageShsOut": 572669693, "weightedAverageShsOutDil": 573775059, "link": "https://www.sec.gov/Archives/edgar/data/815556/000081555619000048/0000815556-19-000048-index.htm", "finalLink": "https://www.sec.gov/Archives/edgar/data/815556/000081555619000048/fast6301910q.htm"}, {"date": "2019-03-31", "symbol": "FAST", "fillingDate": "2019-04-16", "acceptedDate": "2019-04-16 13:08:34", "period": "Q1", "revenue": 1309300000, "costOfRevenue": 684600000, "grossProfit": 624700000, "grossProfitRatio": 0.47712518139463833, "researchAndDevelopmentExpenses": 0.0, "generalAndAdministrativeExpenses": 363600000, "sellingAndMarketingExpenses": 0.0, "otherExpenses": 363000000, "operatingExpenses": 363600000, "costAndExpenses": 1048200000, "interestExpense": 4000000.0, "depreciationAndAmortization": 36400000, "ebitda": 297800000, "ebitdaratio": 0.227449782326, "operatingIncome": 261400000, "operatingIncomeRatio": 0.199648667227, "totalOtherIncomeExpensesNet": 0.0, "incomeBeforeTax": 257500000, "incomeBeforeTaxRatio": 0.196669976323, "incomeTaxExpense": 63400000, "netIncome": 194100000, "netIncomeRatio": 0.148247154968, "eps": 0.68, "epsdiluted": 0.68, "weightedAverageShsOut": 286086301, "weightedAverageShsOutDil": 286496981, "link": "https://www.sec.gov/Archives/edgar/data/815556/000081555619000027/0000815556-19-000027-index.htm", "finalLink": "https://www.sec.gov/Archives/edgar/data/815556/000081555619000027/fast3311910q.htm"}, {"date": "2018-12-31", "symbol": "FAST", "fillingDate": "2019-02-06", "acceptedDate": "2019-02-06 13:03:30", "period": "FY", "revenue": 1231600000, "costOfRevenue": 643800000, "grossProfit": 587800000, "grossProfitRatio": 0.4772653458915232, "researchAndDevelopmentExpenses": 0.0, "generalAndAdministrativeExpenses": 354400000, "sellingAndMarketingExpenses": 0.0, "otherExpenses": 355000000, "operatingExpenses": 354400000, "costAndExpenses": 998200000, "interestExpense": 3700000.0, "depreciationAndAmortization": 35900000, "ebitda": 269300000, "ebitdaratio": 0.218658655408, "operatingIncome": 233400000, "operatingIncomeRatio": 0.189509581033, "totalOtherIncomeExpensesNet": 0.0, "incomeBeforeTax": 229800000, "incomeBeforeTaxRatio": 0.186586554076, "incomeTaxExpense": 61000000, "netIncome": 168800000, "netIncomeRatio": 0.137057486197, "eps": 0.59, "epsdiluted": 0.59, "weightedAverageShsOut": 286966917, "weightedAverageShsOutDil": 287162764, "link": "https://www.sec.gov/Archives/edgar/data/815556/000081555619000015/0000815556-19-000015-index.htm", "finalLink": "https://www.sec.gov/Archives/edgar/data/815556/000081555619000015/fast1231201810-k.htm"}, {"date": "2018-09-30", "symbol": "FAST", "fillingDate": "2018-10-16", "acceptedDate": "2018-10-16 11:36:24", "period": "Q3", "revenue": 1279800000, "costOfRevenue": 664000000, "grossProfit": 615800000, "grossProfitRatio": 0.4811689326457259, "researchAndDevelopmentExpenses": 0.0, "generalAndAdministrativeExpenses": 353800000, "sellingAndMarketingExpenses": 0.0, "otherExpenses": 353000000, "operatingExpenses": 353800000, "costAndExpenses": 1017800000, "interestExpense": 3000000.0, "depreciationAndAmortization": 34800000, "ebitda": 297100000, "ebitdaratio": 0.232145647757, "operatingIncome": 262300000, "operatingIncomeRatio": 0.204953899047, "totalOtherIncomeExpensesNet": 0.0, "incomeBeforeTax": 259400000, "incomeBeforeTaxRatio": 0.202687919987, "incomeTaxExpense": 61800000, "netIncome": 197600000, "netIncomeRatio": 0.154399124863, "eps": 0.69, "epsdiluted": 0.69, "weightedAverageShsOut": 287263379, "weightedAverageShsOutDil": 287458408, "link": "https://www.sec.gov/Archives/edgar/data/815556/000081555618000050/0000815556-18-000050-index.htm", "finalLink": "https://www.sec.gov/Archives/edgar/data/815556/000081555618000050/fast09301810q.htm"}, {"date": "2018-06-30", "symbol": "FAST", "fillingDate": "2018-07-16", "acceptedDate": "2018-07-16 10:26:53", "period": "Q2", "revenue": 1267900000, "costOfRevenue": 650200000, "grossProfit": 617700000, "grossProfitRatio": 0.4871835318242764, "researchAndDevelopmentExpenses": 0.0, "generalAndAdministrativeExpenses": 349300000, "sellingAndMarketingExpenses": 0.0, "otherExpenses": 350000000, "operatingExpenses": 349300000, "costAndExpenses": 999500000, "interestExpense": 3200000.0, "depreciationAndAmortization": 34100000, "ebitda": 303100000, "ebitdaratio": 0.239056707942, "operatingIncome": 269000000, "operatingIncomeRatio": 0.212161842417, "totalOtherIncomeExpensesNet": 0.0, "incomeBeforeTax": 265900000, "incomeBeforeTaxRatio": 0.209716854642, "incomeTaxExpense": 54700000, "netIncome": 211200000, "netIncomeRatio": 0.166574650998, "eps": 0.73, "epsdiluted": 0.73, "weightedAverageShsOut": 287391614, "weightedAverageShsOutDil": 287559468, "link": "https://www.sec.gov/Archives/edgar/data/815556/000081555618000043/0000815556-18-000043-index.htm", "finalLink": "https://www.sec.gov/Archives/edgar/data/815556/000081555618000043/fast6301810q.htm"}, {"date": "2018-03-31", "symbol": "FAST", "fillingDate": "2018-04-16", "acceptedDate": "2018-04-16 10:37:44", "period": "Q1", "revenue": 1185800000, "costOfRevenue": 608200000, "grossProfit": 577600000, "grossProfitRatio": 0.48709731826614944, "researchAndDevelopmentExpenses": 0.0, "generalAndAdministrativeExpenses": 342700000, "sellingAndMarketingExpenses": 0.0, "otherExpenses": 342000000, "operatingExpenses": 342700000, "costAndExpenses": 950900000, "interestExpense": 2700000.0, "depreciationAndAmortization": 33400000, "ebitda": 267900000, "ebitdaratio": 0.225923427222, "operatingIncome": 234500000, "operatingIncomeRatio": 0.197756788666, "totalOtherIncomeExpensesNet": 0.0, "incomeBeforeTax": 231900000, "incomeBeforeTaxRatio": 0.195564176084, "incomeTaxExpense": 57600000, "netIncome": 174300000, "netIncomeRatio": 0.146989374262, "eps": 0.61, "epsdiluted": 0.61, "weightedAverageShsOut": 287642801, "weightedAverageShsOutDil": 287875763, "link": "https://www.sec.gov/Archives/edgar/data/815556/000081555618000019/0000815556-18-000019-index.htm", "finalLink": "https://www.sec.gov/Archives/edgar/data/815556/000081555618000019/fast3311810q.htm"}, {"date": "2017-12-31", "symbol": "FAST", "fillingDate": "2018-02-05", "acceptedDate": "2018-02-05 11:48:27", "period": "FY", "revenue": 1088500000, "costOfRevenue": 557300000, "grossProfit": 531200000, "grossProfitRatio": 0.4880110243454295, "researchAndDevelopmentExpenses": 0.0, "generalAndAdministrativeExpenses": 327800000, "sellingAndMarketingExpenses": 0.0, "otherExpenses": 327000000, "operatingExpenses": 327800000, "costAndExpenses": 885100000, "interestExpense": 2600000.0, "depreciationAndAmortization": 32300000, "ebitda": 235600000, "ebitdaratio": 0.216444648599, "operatingIncome": 203300000, "operatingIncomeRatio": 0.186770785485, "totalOtherIncomeExpensesNet": 0.0, "incomeBeforeTax": 200800000, "incomeBeforeTaxRatio": 0.184474046853, "incomeTaxExpense": 48400000, "netIncome": 152400000, "netIncomeRatio": 0.140009186955, "eps": 0.53, "epsdiluted": 0.53, "weightedAverageShsOut": 288208435, "weightedAverageShsOutDil": 288342733, "link": "https://www.sec.gov/Archives/edgar/data/815556/000081555618000010/0000815556-18-000010-index.htm", "finalLink": "https://www.sec.gov/Archives/edgar/data/815556/000081555618000010/fast1231201710-k.htm"}, {"date": "2017-09-30", "symbol": "FAST", "fillingDate": "2017-10-16", "acceptedDate": "2017-10-16 11:00:46", "period": "Q3", "revenue": 1132800000, "costOfRevenue": 576900000, "grossProfit": 555900000, "grossProfitRatio": 0.4907309322033898, "researchAndDevelopmentExpenses": 0.0, "generalAndAdministrativeExpenses": 327500000, "sellingAndMarketingExpenses": 0.0, "otherExpenses": 328000000, "operatingExpenses": 327500000, "costAndExpenses": 904400000, "interestExpense": 2600000.0, "depreciationAndAmortization": 32500000, "ebitda": 261000000, "ebitdaratio": 0.230402542373, "operatingIncome": 228500000, "operatingIncomeRatio": 0.201712570621, "totalOtherIncomeExpensesNet": 0.0, "incomeBeforeTax": 226000000, "incomeBeforeTaxRatio": 0.199505649718, "incomeTaxExpense": 82900000, "netIncome": 143100000, "netIncomeRatio": 0.126324152542, "eps": 0.5, "epsdiluted": 0.5, "weightedAverageShsOut": 288451470, "weightedAverageShsOutDil": 288591574, "link": "https://www.sec.gov/Archives/edgar/data/815556/000081555617000045/0000815556-17-000045-index.htm", "finalLink": "https://www.sec.gov/Archives/edgar/data/815556/000081555617000045/fast9301710q.htm"}, {"date": "2017-06-30", "symbol": "FAST", "fillingDate": "2017-07-17", "acceptedDate": "2017-07-17 12:11:27", "period": "Q2", "revenue": 1121500000, "costOfRevenue": 563000000, "grossProfit": 558500000, "grossProfitRatio": 0.4979937583593402, "researchAndDevelopmentExpenses": 0.0, "generalAndAdministrativeExpenses": 321600000, "sellingAndMarketingExpenses": 0.0, "otherExpenses": 322000000, "operatingExpenses": 321600000, "costAndExpenses": 884600000, "interestExpense": 2200000.0, "depreciationAndAmortization": 31900000, "ebitda": 269400000, "ebitdaratio": 0.240213999108, "operatingIncome": 237500000, "operatingIncomeRatio": 0.211769950959, "totalOtherIncomeExpensesNet": 0.0, "incomeBeforeTax": 235400000, "incomeBeforeTaxRatio": 0.209897458761, "incomeTaxExpense": 86500000, "netIncome": 148900000, "netIncomeRatio": 0.132768613464, "eps": 0.52, "epsdiluted": 0.52, "weightedAverageShsOut": 288948734, "weightedAverageShsOutDil": 289099316, "link": "https://www.sec.gov/Archives/edgar/data/815556/000081555617000039/0000815556-17-000039-index.htm", "finalLink": "https://www.sec.gov/Archives/edgar/data/815556/000081555617000039/fast6301710q.htm"}, {"date": "2017-03-31", "symbol": "FAST", "fillingDate": "2017-04-17", "acceptedDate": "2017-04-17 09:50:14", "period": "Q1", "revenue": 1047700000, "costOfRevenue": 529700000, "grossProfit": 518000000, "grossProfitRatio": 0.49441634055550254, "researchAndDevelopmentExpenses": 0.0, "generalAndAdministrativeExpenses": 305900000, "sellingAndMarketingExpenses": 0.0, "otherExpenses": 305000000, "operatingExpenses": 305900000, "costAndExpenses": 835600000, "interestExpense": 1700000.0, "depreciationAndAmortization": 30700000, "ebitda": 243200000, "ebitdaratio": 0.232127517419, "operatingIncome": 212500000, "operatingIncomeRatio": 0.202825236232, "totalOtherIncomeExpensesNet": 0.0, "incomeBeforeTax": 210900000, "incomeBeforeTaxRatio": 0.201298081512, "incomeTaxExpense": 76700000, "netIncome": 134200000, "netIncomeRatio": 0.128090102128, "eps": 0.46, "epsdiluted": 0.46, "weightedAverageShsOut": 289242447, "weightedAverageShsOutDil": 289455941, "link": "https://www.sec.gov/Archives/edgar/data/815556/000081555617000021/0000815556-17-000021-index.htm", "finalLink": "https://www.sec.gov/Archives/edgar/data/815556/000081555617000021/fast3311710q.htm"}, {"date": "2016-12-31", "symbol": "FAST", "fillingDate": "2017-02-06", "acceptedDate": "2017-02-06 11:14:53", "period": "FY", "revenue": 947947000, "costOfRevenue": 476056000, "grossProfit": 471891000, "grossProfitRatio": 0.4978031472223658, "researchAndDevelopmentExpenses": 0.0, "generalAndAdministrativeExpenses": 289623000, "sellingAndMarketingExpenses": 0.0, "otherExpenses": 289623000, "operatingExpenses": 289623000, "costAndExpenses": 765679000, "interestExpense": 1802000.0, "depreciationAndAmortization": 29186000, "ebitda": 211674000, "ebitdaratio": 0.223297294047, "operatingIncome": 182488000, "operatingIncomeRatio": 0.19250865291, "totalOtherIncomeExpensesNet": 0.0, "incomeBeforeTax": 180822000, "incomeBeforeTaxRatio": 0.190751170688, "incomeTaxExpense": 66017000, "netIncome": 114805000, "netIncomeRatio": 0.121109091542, "eps": 0.4, "epsdiluted": 0.4, "weightedAverageShsOut": 288949525, "weightedAverageShsOutDil": 289157523, "link": "https://www.sec.gov/Archives/edgar/data/815556/000081555617000009/0000815556-17-000009-index.htm", "finalLink": "https://www.sec.gov/Archives/edgar/data/815556/000081555617000009/fast1231201610-k.htm"}, {"date": "2016-09-30", "symbol": "FAST", "fillingDate": "2016-10-14", "acceptedDate": "2016-10-14 10:14:37", "period": "Q3", "revenue": 1013122000, "costOfRevenue": 513288000, "grossProfit": 499834000, "grossProfitRatio": 0.4933601283951982, "researchAndDevelopmentExpenses": 0.0, "generalAndAdministrativeExpenses": 297047000, "sellingAndMarketingExpenses": 0.0, "otherExpenses": 297047000, "operatingExpenses": 297047000, "costAndExpenses": 810335000, "interestExpense": 1835000.0, "depreciationAndAmortization": 26666000, "ebitda": 229635000, "ebitdaratio": 0.22666075754, "operatingIncome": 202969000, "operatingIncomeRatio": 0.200340136726, "totalOtherIncomeExpensesNet": 0.0, "incomeBeforeTax": 201239000, "incomeBeforeTaxRatio": 0.198632543761, "incomeTaxExpense": 74314000, "netIncome": 126925000, "netIncomeRatio": 0.125281061906, "eps": 0.44, "epsdiluted": 0.44, "weightedAverageShsOut": 288907934, "weightedAverageShsOutDil": 289135842, "link": "https://www.sec.gov/Archives/edgar/data/815556/000081555616000122/0000815556-16-000122-index.htm", "finalLink": "https://www.sec.gov/Archives/edgar/data/815556/000081555616000122/fast9301610q.htm"}, {"date": "2016-06-30", "symbol": "FAST", "fillingDate": "2016-07-15", "acceptedDate": "2016-07-15 10:55:39", "period": "Q2", "revenue": 1014287000, "costOfRevenue": 512695000, "grossProfit": 501592000, "grossProfitRatio": 0.4945266970788347, "researchAndDevelopmentExpenses": 0.0, "generalAndAdministrativeExpenses": 292619000, "sellingAndMarketingExpenses": 0.0, "otherExpenses": 292619000, "operatingExpenses": 292619000, "costAndExpenses": 805314000, "interestExpense": 1484000.0, "depreciationAndAmortization": 24782000, "ebitda": 233991000, "ebitdaratio": 0.230695059682, "operatingIncome": 209209000, "operatingIncomeRatio": 0.206262132907, "totalOtherIncomeExpensesNet": 0.0, "incomeBeforeTax": 207817000, "incomeBeforeTaxRatio": 0.204889740281, "incomeTaxExpense": 76296000, "netIncome": 131521000, "netIncomeRatio": 0.129668427181, "eps": 0.45, "epsdiluted": 0.45, "weightedAverageShsOut": 288863482, "weightedAverageShsOutDil": 289132302, "link": "https://www.sec.gov/Archives/edgar/data/815556/000081555616000113/0000815556-16-000113-index.htm", "finalLink": "https://www.sec.gov/Archives/edgar/data/815556/000081555616000113/fast6301610q.htm"}, {"date": "2016-03-31", "symbol": "FAST", "fillingDate": "2016-04-15", "acceptedDate": "2016-04-15 09:28:17", "period": "Q1", "revenue": 986680000, "costOfRevenue": 495220000, "grossProfit": 491460000, "grossProfitRatio": 0.49809462034296836, "researchAndDevelopmentExpenses": 0.0, "generalAndAdministrativeExpenses": 290181000, "sellingAndMarketingExpenses": 0.0, "otherExpenses": 290181000, "operatingExpenses": 290181000, "costAndExpenses": 785401000, "interestExpense": 1383000.0, "depreciationAndAmortization": 23418000, "ebitda": 224591000, "ebitdaratio": 0.227622937528, "operatingIncome": 201173000, "operatingIncomeRatio": 0.2038887988, "totalOtherIncomeExpensesNet": 0.0, "incomeBeforeTax": 199851000, "incomeBeforeTaxRatio": 0.202548952041, "incomeTaxExpense": 73624000, "netIncome": 126227000, "netIncomeRatio": 0.127931041472, "eps": 0.44, "epsdiluted": 0.44, "weightedAverageShsOut": 288808019, "weightedAverageShsOutDil": 289123603, "link": "https://www.sec.gov/Archives/edgar/data/815556/000081555616000097/0000815556-16-000097-index.htm", "finalLink": "https://www.sec.gov/Archives/edgar/data/815556/000081555616000097/fast3311610q.htm"}, {"date": "2015-12-31", "symbol": "FAST", "fillingDate": "2016-02-05", "acceptedDate": "2016-02-05 09:58:57", "period": "FY", "revenue": 922793000, "costOfRevenue": 462221000, "grossProfit": 460572000, "grossProfitRatio": 0.49910651684613994, "researchAndDevelopmentExpenses": 0.0, "generalAndAdministrativeExpenses": 282181000, "sellingAndMarketingExpenses": 0.0, "otherExpenses": 282181000, "operatingExpenses": 282181000, "costAndExpenses": 744402000, "interestExpense": 1012000.0, "depreciationAndAmortization": 25703000, "ebitda": 204846000, "ebitdaratio": 0.221984778818, "operatingIncome": 179143000, "operatingIncomeRatio": 0.194131294884, "totalOtherIncomeExpensesNet": 0.0, "incomeBeforeTax": 178205000, "incomeBeforeTaxRatio": 0.193114815565, "incomeTaxExpense": 66301000, "netIncome": 111904000, "netIncomeRatio": 0.121266632929, "eps": 0.39, "epsdiluted": 0.39, "weightedAverageShsOut": 291453107, "weightedAverageShsOutDil": 292045442, "link": "https://www.sec.gov/Archives/edgar/data/815556/000081555616000087/0000815556-16-000087-index.htm", "finalLink": "https://www.sec.gov/Archives/edgar/data/815556/000081555616000087/fast1231201510-k.htm"}, {"date": "2015-09-30", "symbol": "FAST", "fillingDate": "2015-10-16", "acceptedDate": "2015-10-16 10:34:35", "period": "Q3", "revenue": 995250000, "costOfRevenue": 493025000, "grossProfit": 502225000, "grossProfitRatio": 0.5046219542828435, "researchAndDevelopmentExpenses": 0.0, "generalAndAdministrativeExpenses": 282378000, "sellingAndMarketingExpenses": 0.0, "otherExpenses": 282378000, "operatingExpenses": 282378000, "costAndExpenses": 775403000, "interestExpense": 941000.0, "depreciationAndAmortization": 21337000, "ebitda": 241345000, "ebitdaratio": 0.242496860085, "operatingIncome": 220008000, "operatingIncomeRatio": 0.221058025622, "totalOtherIncomeExpensesNet": 0.0, "incomeBeforeTax": 219204000, "incomeBeforeTaxRatio": 0.220250188395, "incomeTaxExpense": 82710000, "netIncome": 136494000, "netIncomeRatio": 0.137145440844, "eps": 0.47, "epsdiluted": 0.47, "weightedAverageShsOut": 292083511, "weightedAverageShsOutDil": 292720637, "link": "https://www.sec.gov/Archives/edgar/data/815556/000081555615000067/0000815556-15-000067-index.htm", "finalLink": "https://www.sec.gov/Archives/edgar/data/815556/000081555615000067/fast9301510q.htm"}, {"date": "2015-06-30", "symbol": "FAST", "fillingDate": "2015-07-17", "acceptedDate": "2015-07-17 10:17:20", "period": "Q2", "revenue": 997827000, "costOfRevenue": 495740000, "grossProfit": 502087000, "grossProfitRatio": 0.5031804110331751, "researchAndDevelopmentExpenses": 0.0, "generalAndAdministrativeExpenses": 276644000, "sellingAndMarketingExpenses": 0.0, "otherExpenses": 276644000, "operatingExpenses": 276644000, "costAndExpenses": 772384000, "interestExpense": 797000.0, "depreciationAndAmortization": 20014000, "ebitda": 245847000, "ebitdaratio": 0.246382388931, "operatingIncome": 225833000, "operatingIncomeRatio": 0.226324803799, "totalOtherIncomeExpensesNet": 0.0, "incomeBeforeTax": 225099000, "incomeBeforeTaxRatio": 0.225589205343, "incomeTaxExpense": 84742000, "netIncome": 140357000, "netIncomeRatio": 0.14066265996, "eps": 0.48, "epsdiluted": 0.48, "weightedAverageShsOut": 293191566, "weightedAverageShsOutDil": 293870152, "link": "https://www.sec.gov/Archives/edgar/data/815556/000081555615000057/0000815556-15-000057-index.htm", "finalLink": "https://www.sec.gov/Archives/edgar/data/815556/000081555615000057/fast6301510q.htm"}, {"date": "2015-03-31", "symbol": "FAST", "fillingDate": "2015-04-17", "acceptedDate": "2015-04-17 10:59:39", "period": "Q1", "revenue": 953317000, "costOfRevenue": 469267000, "grossProfit": 484050000, "grossProfitRatio": 0.5077534545172278, "researchAndDevelopmentExpenses": 0.0, "generalAndAdministrativeExpenses": 280387000, "sellingAndMarketingExpenses": 0.0, "otherExpenses": 280387000, "operatingExpenses": 280387000, "costAndExpenses": 749654000, "interestExpense": 358000.0, "depreciationAndAmortization": 19544000, "ebitda": 223315000, "ebitdaratio": 0.234250516879, "operatingIncome": 203771000, "operatingIncomeRatio": 0.213749466337, "totalOtherIncomeExpensesNet": 0.0, "incomeBeforeTax": 203512000, "incomeBeforeTaxRatio": 0.213477783361, "incomeTaxExpense": 75906000, "netIncome": 127606000, "netIncomeRatio": 0.133854740868, "eps": 0.43, "epsdiluted": 0.43, "weightedAverageShsOut": 295237625, "weightedAverageShsOutDil": 295936718, "link": "https://www.sec.gov/Archives/edgar/data/815556/000081555615000031/0000815556-15-000031-index.htm", "finalLink": "https://www.sec.gov/Archives/edgar/data/815556/000081555615000031/fast3311510q.htm"}, {"date": "2014-12-31", "symbol": "FAST", "fillingDate": "2015-02-05", "acceptedDate": "2015-02-05 12:42:35", "period": "FY", "revenue": 926254000, "costOfRevenue": 458690000, "grossProfit": 467564000, "grossProfitRatio": 0.5047902627141151, "researchAndDevelopmentExpenses": 0.0, "generalAndAdministrativeExpenses": 278785000, "sellingAndMarketingExpenses": 0.0, "otherExpenses": 278785000, "operatingExpenses": 278785000, "costAndExpenses": 737475000, "interestExpense": 324000.0, "depreciationAndAmortization": 18801000, "ebitda": 207822000, "ebitdaratio": 0.224368261837, "operatingIncome": 189021000, "operatingIncomeRatio": 0.204070373785, "totalOtherIncomeExpensesNet": 0.0, "incomeBeforeTax": 188819000, "incomeBeforeTaxRatio": 0.203852291056, "incomeTaxExpense": 70428000, "netIncome": 118391000, "netIncomeRatio": 0.127816991883, "eps": 0.4, "epsdiluted": 0.4, "weightedAverageShsOut": 296490378, "weightedAverageShsOutDil": 297313244, "link": "https://www.sec.gov/Archives/edgar/data/815556/000081555615000014/0000815556-15-000014-index.htm", "finalLink": "https://www.sec.gov/Archives/edgar/data/815556/000081555615000014/fast1231201410-k.htm"}, {"date": "2014-09-30", "symbol": "FAST", "fillingDate": "2014-10-15", "acceptedDate": "2014-10-15 10:56:45", "period": "Q3", "revenue": 980814000, "costOfRevenue": 482121000, "grossProfit": 498693000, "grossProfitRatio": 0.5084480849580043, "researchAndDevelopmentExpenses": 0.0, "generalAndAdministrativeExpenses": 286132000, "sellingAndMarketingExpenses": 0.0, "otherExpenses": 286132000, "operatingExpenses": 286132000, "costAndExpenses": 768253000, "interestExpense": 271000.0, "depreciationAndAmortization": 18418000, "ebitda": 231289000, "ebitdaratio": 0.235813314247, "operatingIncome": 212871000, "operatingIncomeRatio": 0.217035034165, "totalOtherIncomeExpensesNet": 0.0, "incomeBeforeTax": 212988000, "incomeBeforeTaxRatio": 0.217154322838, "incomeTaxExpense": 79674000, "netIncome": 133314000, "netIncomeRatio": 0.13592179557, "eps": 0.45, "epsdiluted": 0.44, "weightedAverageShsOut": 296642783, "weightedAverageShsOutDil": 297485083, "link": "https://www.sec.gov/Archives/edgar/data/815556/000081555614000066/0000815556-14-000066-index.htm", "finalLink": "https://www.sec.gov/Archives/edgar/data/815556/000081555614000066/fast9301410q.htm"}, {"date": "2014-06-30", "symbol": "FAST", "fillingDate": "2014-07-16", "acceptedDate": "2014-07-16 10:52:54", "period": "Q2", "revenue": 949938000, "costOfRevenue": 467271000, "grossProfit": 482667000, "grossProfitRatio": 0.5081036867669259, "researchAndDevelopmentExpenses": 0.0, "generalAndAdministrativeExpenses": 276016000, "sellingAndMarketingExpenses": 0.0, "otherExpenses": 276016000, "operatingExpenses": 276016000, "costAndExpenses": 743287000, "interestExpense": 194000.0, "depreciationAndAmortization": 18040000, "ebitda": 224887000, "ebitdaratio": 0.236738608204, "operatingIncome": 206847000, "operatingIncomeRatio": 0.217747895126, "totalOtherIncomeExpensesNet": 0.0, "incomeBeforeTax": 206782000, "incomeBeforeTaxRatio": 0.217679469607, "incomeTaxExpense": 76268000, "netIncome": 130514000, "netIncomeRatio": 0.137392124539, "eps": 0.44, "epsdiluted": 0.44, "weightedAverageShsOut": 296666992, "weightedAverageShsOutDil": 297534473, "link": "https://www.sec.gov/Archives/edgar/data/815556/000081555614000051/0000815556-14-000051-index.htm", "finalLink": "https://www.sec.gov/Archives/edgar/data/815556/000081555614000051/fast6301410q.htm"}, {"date": "2014-03-31", "symbol": "FAST", "fillingDate": "2014-04-16", "acceptedDate": "2014-04-16 11:12:01", "period": "Q1", "revenue": 876501000, "costOfRevenue": 428023000, "grossProfit": 448478000, "grossProfitRatio": 0.5116685548561839, "researchAndDevelopmentExpenses": 0.0, "generalAndAdministrativeExpenses": 269843000, "sellingAndMarketingExpenses": 0.0, "otherExpenses": 269843000, "operatingExpenses": 269843000, "costAndExpenses": 697866000, "interestExpense": 126000.0, "depreciationAndAmortization": 17413000, "ebitda": 196264000, "ebitdaratio": 0.223917599638, "operatingIncome": 178851000, "operatingIncomeRatio": 0.204051107757, "totalOtherIncomeExpensesNet": 0.0, "incomeBeforeTax": 178845000, "incomeBeforeTaxRatio": 0.204044262357, "incomeTaxExpense": 66914000, "netIncome": 111931000, "netIncomeRatio": 0.127702079062, "eps": 0.38, "epsdiluted": 0.38, "weightedAverageShsOut": 296641994, "weightedAverageShsOutDil": 297495170, "link": "https://www.sec.gov/Archives/edgar/data/815556/000081555614000030/0000815556-14-000030-index.htm", "finalLink": "https://www.sec.gov/Archives/edgar/data/815556/000081555614000030/fast3311410q.htm"}, {"date": "2013-12-31", "symbol": "FAST", "fillingDate": "2014-02-06", "acceptedDate": "2014-02-06 11:22:25", "period": "FY", "revenue": 813760000, "costOfRevenue": 402311000, "grossProfit": 411449000, "grossProfitRatio": 0.5056146775462053, "researchAndDevelopmentExpenses": 0.0, "generalAndAdministrativeExpenses": 254389000, "sellingAndMarketingExpenses": 0.0, "otherExpenses": 254389000, "operatingExpenses": 254389000, "costAndExpenses": 656700000, "interestExpense": 52000.0, "depreciationAndAmortization": 16689000, "ebitda": 173824000, "ebitdaratio": 0.213605977192, "operatingIncome": 157135000, "operatingIncomeRatio": 0.193097473457, "totalOtherIncomeExpensesNet": 0.0, "incomeBeforeTax": 157274000, "incomeBeforeTaxRatio": 0.19326828549, "incomeTaxExpense": 58045000, "netIncome": 99229000, "netIncomeRatio": 0.121938900904, "eps": 0.33, "epsdiluted": 0.34, "weightedAverageShsOut": 296754160, "weightedAverageShsOutDil": 297683588, "link": "https://www.sec.gov/Archives/edgar/data/815556/000081555614000016/0000815556-14-000016-index.htm", "finalLink": "https://www.sec.gov/Archives/edgar/data/815556/000081555614000016/fast1231201310-k.htm"}, {"date": "2013-09-30", "symbol": "FAST", "fillingDate": "2013-10-15", "acceptedDate": "2013-10-15 11:04:54", "period": "Q3", "revenue": 858424000, "costOfRevenue": 415029000, "grossProfit": 443395000, "grossProfitRatio": 0.5165221382440379, "researchAndDevelopmentExpenses": 0.0, "generalAndAdministrativeExpenses": 254958000, "sellingAndMarketingExpenses": 0.0, "otherExpenses": 254958000, "operatingExpenses": 254958000, "costAndExpenses": 669987000, "interestExpense": 24000.0, "depreciationAndAmortization": 16375000, "ebitda": 204924000, "ebitdaratio": 0.238721191393, "operatingIncome": 188549000, "operatingIncomeRatio": 0.219645536471, "totalOtherIncomeExpensesNet": 0.0, "incomeBeforeTax": 188643000, "incomeBeforeTaxRatio": 0.219755039468, "incomeTaxExpense": 69293000, "netIncome": 119350000, "netIncomeRatio": 0.139033857394, "eps": 0.4, "epsdiluted": 0.4, "weightedAverageShsOut": 296755815, "weightedAverageShsOutDil": 297701324, "link": "https://www.sec.gov/Archives/edgar/data/815556/000081555613000049/0000815556-13-000049-index.htm", "finalLink": "https://www.sec.gov/Archives/edgar/data/815556/000081555613000049/fast9301310q.htm"}, {"date": "2013-06-30", "symbol": "FAST", "fillingDate": "2013-07-15", "acceptedDate": "2013-07-15 11:14:05", "period": "Q2", "revenue": 847596000, "costOfRevenue": 404875000, "grossProfit": 442721000, "grossProfitRatio": 0.5223254946932265, "researchAndDevelopmentExpenses": 0.0, "generalAndAdministrativeExpenses": 250750000, "sellingAndMarketingExpenses": 0.0, "otherExpenses": 250750000, "operatingExpenses": 250750000, "costAndExpenses": 655625000, "interestExpense": 3000.0, "depreciationAndAmortization": 15949000, "ebitda": 208163000, "ebitdaratio": 0.245592239699, "operatingIncome": 192214000, "operatingIncomeRatio": 0.226775492098, "totalOtherIncomeExpensesNet": 0.0, "incomeBeforeTax": 192379000, "incomeBeforeTaxRatio": 0.226970160312, "incomeTaxExpense": 71370000, "netIncome": 121009000, "netIncomeRatio": 0.142767308954, "eps": 0.41, "epsdiluted": 0.4, "weightedAverageShsOut": 296711326, "weightedAverageShsOutDil": 297689550, "link": "https://www.sec.gov/Archives/edgar/data/815556/000081555613000037/0000815556-13-000037-index.htm", "finalLink": "https://www.sec.gov/Archives/edgar/data/815556/000081555613000037/fast6301310q.htm"}, {"date": "2013-03-31", "symbol": "FAST", "fillingDate": "2013-04-15", "acceptedDate": "2013-04-15 11:21:08", "period": "Q1", "revenue": 806326000, "costOfRevenue": 384446000, "grossProfit": 421880000, "grossProfitRatio": 0.5232126956094681, "researchAndDevelopmentExpenses": 0.0, "generalAndAdministrativeExpenses": 247334000, "sellingAndMarketingExpenses": 0.0, "otherExpenses": 247334000, "operatingExpenses": 247334000, "costAndExpenses": 631780000, "interestExpense": 34000.0, "depreciationAndAmortization": 15178000, "ebitda": 189937000, "ebitdaratio": 0.235558570603, "operatingIncome": 174759000, "operatingIncomeRatio": 0.216734918631, "totalOtherIncomeExpensesNet": 0.0, "incomeBeforeTax": 175172000, "incomeBeforeTaxRatio": 0.217247118411, "incomeTaxExpense": 66124000, "netIncome": 109048000, "netIncomeRatio": 0.135240585074, "eps": 0.37, "epsdiluted": 0.37, "weightedAverageShsOut": 296643014, "weightedAverageShsOutDil": 297651960, "link": "https://www.sec.gov/Archives/edgar/data/815556/000081555613000024/0000815556-13-000024-index.htm", "finalLink": "https://www.sec.gov/Archives/edgar/data/815556/000081555613000024/fast3311310q.htm"}, {"date": "2012-12-31", "symbol": "FAST", "fillingDate": "2013-02-07", "acceptedDate": "2013-02-07 11:35:55", "period": "FY", "revenue": 757235000, "costOfRevenue": 366414000, "grossProfit": 390821000, "grossProfitRatio": 0.5161158689178392, "researchAndDevelopmentExpenses": 0.0, "generalAndAdministrativeExpenses": 232914000, "sellingAndMarketingExpenses": 0.0, "otherExpenses": 232914000, "operatingExpenses": 232914000, "costAndExpenses": 599328000, "interestExpense": 0.0, "depreciationAndAmortization": 14454000, "ebitda": 172498000, "ebitdaratio": 0.227799824361, "operatingIncome": 158044000, "operatingIncomeRatio": 0.208711958639, "totalOtherIncomeExpensesNet": 0.0, "incomeBeforeTax": 158151000, "incomeBeforeTaxRatio": 0.208853262197, "incomeTaxExpense": 59435000, "netIncome": 98716000, "netIncomeRatio": 0.130363757618, "eps": 0.33, "epsdiluted": 0.34, "weightedAverageShsOut": 296089348, "weightedAverageShsOutDil": 297150950, "link": "https://www.sec.gov/Archives/edgar/data/815556/000081555613000013/0000815556-13-000013-index.htm", "finalLink": "https://www.sec.gov/Archives/edgar/data/815556/000081555613000013/fast1231201210-k.htm"}, {"date": "2012-09-30", "symbol": "FAST", "fillingDate": "2012-10-18", "acceptedDate": "2012-10-18 11:35:56", "period": "Q3", "revenue": 802577000, "costOfRevenue": 388202000, "grossProfit": 414375000, "grossProfitRatio": 0.5163056005841185, "researchAndDevelopmentExpenses": 0.0, "generalAndAdministrativeExpenses": 238814000, "sellingAndMarketingExpenses": 0.0, "otherExpenses": 238814000, "operatingExpenses": 238814000, "costAndExpenses": 627016000, "interestExpense": 0.0, "depreciationAndAmortization": 13589000, "ebitda": 189308000, "ebitdaratio": 0.235875187054, "operatingIncome": 175719000, "operatingIncomeRatio": 0.21894347832, "totalOtherIncomeExpensesNet": 0.0, "incomeBeforeTax": 175836000, "incomeBeforeTaxRatio": 0.219089258725, "incomeTaxExpense": 66516000, "netIncome": 109320000, "netIncomeRatio": 0.136211229577, "eps": 0.37, "epsdiluted": 0.36, "weightedAverageShsOut": 295964359, "weightedAverageShsOutDil": 297083700, "link": "https://www.sec.gov/Archives/edgar/data/815556/000144530512003151/0001445305-12-003151-index.htm", "finalLink": "https://www.sec.gov/Archives/edgar/data/815556/000144530512003151/fast9301210q.htm"}, {"date": "2012-06-30", "symbol": "FAST", "fillingDate": "2012-07-20", "acceptedDate": "2012-07-20 11:21:49", "period": "Q2", "revenue": 804890000, "costOfRevenue": 389739000, "grossProfit": 415151000, "grossProfitRatio": 0.5157860080259414, "researchAndDevelopmentExpenses": 0.0, "generalAndAdministrativeExpenses": 236538000, "sellingAndMarketingExpenses": 0.0, "otherExpenses": 236538000, "operatingExpenses": 236538000, "costAndExpenses": 626277000, "interestExpense": 0.0, "depreciationAndAmortization": 13446000, "ebitda": 192341000, "ebitdaratio": 0.238965572935, "operatingIncome": 178895000, "operatingIncomeRatio": 0.222260184622, "totalOtherIncomeExpensesNet": 0.0, "incomeBeforeTax": 179039000, "incomeBeforeTaxRatio": 0.222439091056, "incomeTaxExpense": 66733000, "netIncome": 112306000, "netIncomeRatio": 0.139529625166, "eps": 0.38, "epsdiluted": 0.38, "weightedAverageShsOut": 295826501, "weightedAverageShsOutDil": 297021238, "link": "https://www.sec.gov/Archives/edgar/data/815556/000119312512308412/0001193125-12-308412-index.htm", "finalLink": "https://www.sec.gov/Archives/edgar/data/815556/000119312512308412/d344884d10q.htm"}, {"date": "2012-03-31", "symbol": "FAST", "fillingDate": "2012-04-20", "acceptedDate": "2012-04-20 10:19:50", "period": "Q1", "revenue": 768875000, "costOfRevenue": 374698000, "grossProfit": 394177000, "grossProfitRatio": 0.5126672085839701, "researchAndDevelopmentExpenses": 0.0, "generalAndAdministrativeExpenses": 232970000, "sellingAndMarketingExpenses": 0.0, "otherExpenses": 232970000, "operatingExpenses": 232970000, "costAndExpenses": 607668000, "interestExpense": 0.0, "depreciationAndAmortization": 12563000, "ebitda": 173596000, "ebitdaratio": 0.225779222891, "operatingIncome": 161033000, "operatingIncomeRatio": 0.209439765892, "totalOtherIncomeExpensesNet": 0.0, "incomeBeforeTax": 161129000, "incomeBeforeTaxRatio": 0.209564623638, "incomeTaxExpense": 60935000, "netIncome": 100194000, "netIncomeRatio": 0.130312469517, "eps": 0.34, "epsdiluted": 0.34, "weightedAverageShsOut": 295538402, "weightedAverageShsOutDil": 296927223, "link": "https://www.sec.gov/Archives/edgar/data/815556/000119312512172121/0001193125-12-172121-index.htm", "finalLink": "https://www.sec.gov/Archives/edgar/data/815556/000119312512172121/d310097d10q.htm"}, {"date": "2011-12-31", "symbol": "FAST", "fillingDate": "2012-02-09", "acceptedDate": "2012-02-09 12:41:49", "period": "FY", "revenue": 697804000, "costOfRevenue": 340626000, "grossProfit": 357178000, "grossProfitRatio": 0.5118600638574728, "researchAndDevelopmentExpenses": 0.0, "generalAndAdministrativeExpenses": 216552000, "sellingAndMarketingExpenses": 0.0, "otherExpenses": 216552000, "operatingExpenses": 216552000, "costAndExpenses": 557178000, "interestExpense": 0.0, "depreciationAndAmortization": 11820000, "ebitda": 152435000, "ebitdaratio": 0.218449593296, "operatingIncome": 140615000, "operatingIncomeRatio": 0.201510739405, "totalOtherIncomeExpensesNet": 0.0, "incomeBeforeTax": 140769000, "incomeBeforeTaxRatio": 0.201731431749, "incomeTaxExpense": 53298000, "netIncome": 87471000, "netIncomeRatio": 0.125351817989, "eps": 0.29, "epsdiluted": 0.3, "weightedAverageShsOut": 295053790, "weightedAverageShsOutDil": 295868726, "link": "https://www.sec.gov/Archives/edgar/data/815556/000119312512048575/0001193125-12-048575-index.htm", "finalLink": "https://www.sec.gov/Archives/edgar/data/815556/000119312512048575/d260996d10k.htm"}, {"date": "2011-09-30", "symbol": "FAST", "fillingDate": "2011-10-26", "acceptedDate": "2011-10-26 08:15:48", "period": "Q3", "revenue": 726742000, "costOfRevenue": 349361000, "grossProfit": 377381000, "grossProfitRatio": 0.5192778179876765, "researchAndDevelopmentExpenses": 0.0, "generalAndAdministrativeExpenses": 222257000, "sellingAndMarketingExpenses": 0.0, "otherExpenses": 222257000, "operatingExpenses": 222257000, "costAndExpenses": 571618000, "interestExpense": 0.0, "depreciationAndAmortization": 11226000, "ebitda": 166451000, "ebitdaratio": 0.229037264944, "operatingIncome": 155225000, "operatingIncomeRatio": 0.213590242479, "totalOtherIncomeExpensesNet": 0.0, "incomeBeforeTax": 155319000, "incomeBeforeTaxRatio": 0.213719586869, "incomeTaxExpense": 58520000, "netIncome": 96799000, "netIncomeRatio": 0.133195824653, "eps": 0.33, "epsdiluted": 0.32, "weightedAverageShsOut": 768209.0, "weightedAverageShsOutDil": 295762762, "link": "https://www.sec.gov/Archives/edgar/data/815556/000119312511281246/0001193125-11-281246-index.htm", "finalLink": "https://www.sec.gov/Archives/edgar/data/815556/000119312511281246/d224578d10q.htm"}, {"date": "2011-06-30", "symbol": "FAST", "fillingDate": "2011-07-21", "acceptedDate": "2011-07-21 11:12:54", "period": "Q2", "revenue": 701730000, "costOfRevenue": 335497000, "grossProfit": 366233000, "grossProfitRatio": 0.5219001610305958, "researchAndDevelopmentExpenses": 0.0, "generalAndAdministrativeExpenses": 215868000, "sellingAndMarketingExpenses": 0.0, "otherExpenses": 215868000, "operatingExpenses": 215868000, "costAndExpenses": 551365000, "interestExpense": 0.0, "depreciationAndAmortization": 11031000, "ebitda": 161137000, "ebitdaratio": 0.22962820458, "operatingIncome": 150106000, "operatingIncomeRatio": 0.21390848332, "totalOtherIncomeExpensesNet": 0.0, "incomeBeforeTax": 150182000, "incomeBeforeTaxRatio": 0.214016787083, "incomeTaxExpense": 56070000, "netIncome": 94112000, "netIncomeRatio": 0.134114260471, "eps": 0.05, "epsdiluted": 0.05, "weightedAverageShsOut": 771717.0, "weightedAverageShsOutDil": 295689663, "link": "https://www.sec.gov/Archives/edgar/data/815556/000119312511193274/0001193125-11-193274-index.htm", "finalLink": "https://www.sec.gov/Archives/edgar/data/815556/000119312511193274/d10q.htm"}, {"date": "2011-03-31", "symbol": "FAST", "fillingDate": "2011-04-21", "acceptedDate": "2011-04-21 11:03:04", "period": "Q1", "revenue": 640583000, "costOfRevenue": 307203000, "grossProfit": 333380000, "grossProfitRatio": 0.5204321688212145, "researchAndDevelopmentExpenses": 0.0, "generalAndAdministrativeExpenses": 204692000, "sellingAndMarketingExpenses": 0.0, "otherExpenses": 204692000, "operatingExpenses": 204692000, "costAndExpenses": 511895000, "interestExpense": 0.0, "depreciationAndAmortization": 10629000, "ebitda": 139292000, "ebitdaratio": 0.217445670584, "operatingIncome": 128663000, "operatingIncomeRatio": 0.200852972995, "totalOtherIncomeExpensesNet": 0.0, "incomeBeforeTax": 128811000, "incomeBeforeTaxRatio": 0.201084012532, "incomeTaxExpense": 49264000, "netIncome": 79547000, "netIncomeRatio": 0.12417906813, "eps": 0.54, "epsdiluted": 0.54, "weightedAverageShsOut": 283759.0, "weightedAverageShsOutDil": 147714471, "link": "https://www.sec.gov/Archives/edgar/data/815556/000119312511104739/0001193125-11-104739-index.htm", "finalLink": "https://www.sec.gov/Archives/edgar/data/815556/000119312511104739/d10q.htm"}, {"date": "2010-12-31", "symbol": "FAST", "fillingDate": "2011-02-09", "acceptedDate": "2011-02-09 16:54:55", "period": "FY", "revenue": 573766000, "costOfRevenue": 275149000, "grossProfit": 298617000, "grossProfitRatio": 0.520450845815193, "researchAndDevelopmentExpenses": 0.0, "generalAndAdministrativeExpenses": 191779000, "sellingAndMarketingExpenses": 0.0, "otherExpenses": 191779000, "operatingExpenses": 191779000, "costAndExpenses": 466928000, "interestExpense": 0.0, "depreciationAndAmortization": 10273000, "ebitda": 117179000, "ebitdaratio": 0.204227855955, "operatingIncome": 106906000, "operatingIncomeRatio": 0.18632334436, "totalOtherIncomeExpensesNet": 0.0, "incomeBeforeTax": 107144000, "incomeBeforeTaxRatio": 0.186738147607, "incomeTaxExpense": 41983000, "netIncome": 65161000, "netIncomeRatio": 0.113567203355, "eps": 0.44, "epsdiluted": 0.44, "weightedAverageShsOut": 147430712, "weightedAverageShsOutDil": 147431000, "link": "https://www.sec.gov/Archives/edgar/data/815556/000119312511029081/0001193125-11-029081-index.htm", "finalLink": "https://www.sec.gov/Archives/edgar/data/815556/000119312511029081/d10k.htm"}, {"date": "2010-09-30", "symbol": "FAST", "fillingDate": "2010-10-21", "acceptedDate": "2010-10-21 08:38:06", "period": "Q3", "revenue": 603750000, "costOfRevenue": 291102000, "grossProfit": 312648000, "grossProfitRatio": 0.5178434782608695, "researchAndDevelopmentExpenses": 0.0, "generalAndAdministrativeExpenses": 192140000, "sellingAndMarketingExpenses": 0.0, "otherExpenses": 192140000, "operatingExpenses": 192140000, "costAndExpenses": 483242000, "interestExpense": 0.0, "depreciationAndAmortization": 10044000, "ebitda": 130555000, "ebitdaratio": 0.216240165631, "operatingIncome": 120511000, "operatingIncomeRatio": 0.199604140787, "totalOtherIncomeExpensesNet": 0.0, "incomeBeforeTax": 120702000, "incomeBeforeTaxRatio": 0.199920496894, "incomeTaxExpense": 45708000, "netIncome": 74994000, "netIncomeRatio": 0.124213664596, "eps": 0.51, "epsdiluted": 0.51, "weightedAverageShsOut": 147431000, "weightedAverageShsOutDil": 147431000, "link": "https://www.sec.gov/Archives/edgar/data/815556/000119312510233210/0001193125-10-233210-index.htm", "finalLink": "https://www.sec.gov/Archives/edgar/data/815556/000119312510233210/d10q.htm"}, {"date": "2010-06-30", "symbol": "FAST", "fillingDate": "2010-07-23", "acceptedDate": "2010-07-23 09:53:39", "period": "Q2", "revenue": 571183000, "costOfRevenue": 273525000, "grossProfit": 297658000, "grossProfitRatio": 0.521125453663712, "researchAndDevelopmentExpenses": 0.0, "generalAndAdministrativeExpenses": 185783000, "sellingAndMarketingExpenses": 0.0, "otherExpenses": 185783000, "operatingExpenses": 185783000, "costAndExpenses": 459308000, "interestExpense": 0.0, "depreciationAndAmortization": 10134000, "ebitda": 121970000, "ebitdaratio": 0.213539268501, "operatingIncome": 111836000, "operatingIncomeRatio": 0.195797143823, "totalOtherIncomeExpensesNet": 0.0, "incomeBeforeTax": 112125000, "incomeBeforeTaxRatio": 0.196303111262, "incomeTaxExpense": 42958000, "netIncome": 69167000, "netIncomeRatio": 0.121094290271, "eps": 0.47, "epsdiluted": 0.47, "weightedAverageShsOut": 147431000, "weightedAverageShsOutDil": 147510000, "link": "https://www.sec.gov/Archives/edgar/data/815556/000119312510164626/0001193125-10-164626-index.htm", "finalLink": "https://www.sec.gov/Archives/edgar/data/815556/000119312510164626/d10q.htm"}, {"date": "2010-03-31", "symbol": "FAST", "fillingDate": "2010-04-27", "acceptedDate": "2010-04-27 16:02:41", "period": "Q1", "revenue": 520772000, "costOfRevenue": 254859000, "grossProfit": 265913000, "grossProfitRatio": 0.5106130897974546, "researchAndDevelopmentExpenses": 0.0, "generalAndAdministrativeExpenses": 175410000, "sellingAndMarketingExpenses": 0.0, "otherExpenses": 175410000, "operatingExpenses": 175410000, "costAndExpenses": 430269000, "interestExpense": 0.0, "depreciationAndAmortization": 10304000, "ebitda": 100740000, "ebitdaratio": 0.193443579916, "operatingIncome": 90436000, "operatingIncomeRatio": 0.173657569915, "totalOtherIncomeExpensesNet": 0.0, "incomeBeforeTax": 90669000, "incomeBeforeTaxRatio": 0.174104982603, "incomeTaxExpense": 34635000, "netIncome": 56034000, "netIncomeRatio": 0.107597950735, "eps": 0.38, "epsdiluted": 0.38, "weightedAverageShsOut": 147431000, "weightedAverageShsOutDil": 147510000, "link": "https://www.sec.gov/Archives/edgar/data/815556/000119312510094840/0001193125-10-094840-index.htm", "finalLink": "https://www.sec.gov/Archives/edgar/data/815556/000119312510094840/d10q.htm"}, {"date": "2009-12-31", "symbol": "FAST", "fillingDate": "2010-02-09", "acceptedDate": "2010-02-09 17:14:25", "period": "FY", "revenue": 476750000, "costOfRevenue": 239035000, "grossProfit": 237715000, "grossProfitRatio": 0.4986156266386995, "researchAndDevelopmentExpenses": 0.0, "generalAndAdministrativeExpenses": 0.0, "sellingAndMarketingExpenses": 0.0, "otherExpenses": 686792000, "operatingExpenses": 686792000, "costAndExpenses": 925827000, "interestExpense": 0.0, "depreciationAndAmortization": 9873000.0, "ebitda": 80907000, "ebitdaratio": 0.16970529627687467, "operatingIncome": 71034000, "operatingIncomeRatio": 0.14899632931305715, "totalOtherIncomeExpensesNet": 0.0, "incomeBeforeTax": 71419000, "incomeBeforeTaxRatio": 0.14980388044048243, "incomeTaxExpense": 26883000, "netIncome": 44536000, "netIncomeRatio": 0.09341583639223912, "eps": 1.24, "epsdiluted": 1.24, "weightedAverageShsOut": 147431000, "weightedAverageShsOutDil": 147510000, "link": "https://www.sec.gov/Archives/edgar/data/815556/000119312510025958/0001193125-10-025958-index.htm", "finalLink": "https://www.sec.gov/Archives/edgar/data/815556/000119312510025958/d10k.htm"}, {"date": "2009-09-30", "symbol": "FAST", "fillingDate": "2009-10-23", "acceptedDate": "2009-10-23 09:25:11", "period": "Q3", "revenue": 489339000, "costOfRevenue": 244772000, "grossProfit": 244567000, "grossProfitRatio": 0.4997905337608488, "researchAndDevelopmentExpenses": 0.0, "generalAndAdministrativeExpenses": 0.0, "sellingAndMarketingExpenses": 0.0, "otherExpenses": -352052000, "operatingExpenses": -352052000, "costAndExpenses": -107280000, "interestExpense": 0.0, "depreciationAndAmortization": 9784000.0, "ebitda": 86194000, "ebitdaratio": 0.17614373675509207, "operatingIncome": 76410000, "operatingIncomeRatio": 0.15614941788821246, "totalOtherIncomeExpensesNet": 0.0, "incomeBeforeTax": 77002000, "incomeBeforeTaxRatio": 0.1573592131426271, "incomeTaxExpense": 29413000, "netIncome": 47589000, "netIncomeRatio": 0.09725159858503, "eps": 0.94, "epsdiluted": 0.94, "weightedAverageShsOut": 147431000, "weightedAverageShsOutDil": 147510000, "link": "https://www.sec.gov/Archives/edgar/data/815556/000119312509212481/0001193125-09-212481-index.htm", "finalLink": "https://www.sec.gov/Archives/edgar/data/815556/000119312509212481/d10q.htm"}, {"date": "2009-06-30", "symbol": "FAST", "fillingDate": "2009-07-24", "acceptedDate": "2009-07-24 12:19:20", "period": "Q2", "revenue": 474894000, "costOfRevenue": 232389000, "grossProfit": 242505000, "grossProfitRatio": 0.5106507978622598, "researchAndDevelopmentExpenses": 0.0, "generalAndAdministrativeExpenses": 0.0, "sellingAndMarketingExpenses": 0.0, "otherExpenses": 172143000, "operatingExpenses": 172143000, "costAndExpenses": 404532000, "interestExpense": 0.0, "depreciationAndAmortization": 10063000, "ebitda": 80001000, "ebitdaratio": 0.16846075124132964, "operatingIncome": 69938000, "operatingIncomeRatio": 0.1472707593694593, "totalOtherIncomeExpensesNet": 0.0, "incomeBeforeTax": 70402000, "incomeBeforeTaxRatio": 0.1482478195134072, "incomeTaxExpense": 26864000, "netIncome": 43538000, "netIncomeRatio": 0.09167940635173323, "eps": 0.62, "epsdiluted": 0.62, "weightedAverageShsOut": 147431000, "weightedAverageShsOutDil": 147510000, "link": "https://www.sec.gov/Archives/edgar/data/815556/000119312509154691/0001193125-09-154691-index.htm", "finalLink": "https://www.sec.gov/Archives/edgar/data/815556/000119312509154691/d10q.htm"}, {"date": "2009-03-31", "symbol": "FAST", "fillingDate": "2009-04-24", "acceptedDate": "2009-04-24 15:09:32", "period": "Q1", "revenue": 489347000, "costOfRevenue": 230699000, "grossProfit": 258648000, "grossProfitRatio": 0.5285574449214975, "researchAndDevelopmentExpenses": 0.0, "generalAndAdministrativeExpenses": 0.0, "sellingAndMarketingExpenses": 0.0, "otherExpenses": 179909000, "operatingExpenses": 179909000, "costAndExpenses": 410608000, "interestExpense": 0.0, "depreciationAndAmortization": 10300000, "ebitda": 88711000, "ebitdaratio": 0.1812844464153249, "operatingIncome": 78411000, "operatingIncomeRatio": 0.16023598795946434, "totalOtherIncomeExpensesNet": 0.0, "incomeBeforeTax": 78667000, "incomeBeforeTaxRatio": 0.160759134111377, "incomeTaxExpense": 29973000, "netIncome": 48694000, "netIncomeRatio": 0.09950812000482276, "eps": 0.33, "epsdiluted": 0.33, "weightedAverageShsOut": 148531000, "weightedAverageShsOutDil": 148531000, "link": "https://www.sec.gov/Archives/edgar/data/815556/000119312509086910/0001193125-09-086910-index.htm", "finalLink": "https://www.sec.gov/Archives/edgar/data/815556/000119312509086910/d10q.htm"}, {"date": "2008-12-31", "symbol": "FAST", "fillingDate": "2009-02-20", "acceptedDate": "2009-02-20 17:10:31", "period": "FY", "revenue": 544959000, "costOfRevenue": 253769000, "grossProfit": 291190000, "grossProfitRatio": 0.5343337755684373, "researchAndDevelopmentExpenses": 0.0, "generalAndAdministrativeExpenses": 0.0, "sellingAndMarketingExpenses": 0.0, "otherExpenses": 191917000, "operatingExpenses": 191917000, "costAndExpenses": 445686000, "interestExpense": 0.0, "depreciationAndAmortization": 10048000, "ebitda": 109353000, "ebitdaratio": 0.20066280215575852, "operatingIncome": 99305000, "operatingIncomeRatio": 0.1822247178228087, "totalOtherIncomeExpensesNet": 0.0, "incomeBeforeTax": 99600000, "incomeBeforeTaxRatio": 0.18276604295002008, "incomeTaxExpense": 37064000, "netIncome": 62536000, "netIncomeRatio": 0.11475358696709294, "eps": 1.88, "epsdiluted": 1.88, "weightedAverageShsOut": 148831000, "weightedAverageShsOutDil": 148831000, "link": "https://www.sec.gov/Archives/edgar/data/815556/000119312509034225/0001193125-09-034225-index.htm", "finalLink": "https://www.sec.gov/Archives/edgar/data/815556/000119312509034225/d10k.htm"}, {"date": "2008-09-30", "symbol": "FAST", "fillingDate": "2008-10-22", "acceptedDate": "2008-10-22 15:28:47", "period": "Q3", "revenue": 625037000, "costOfRevenue": 294154000, "grossProfit": 330883000, "grossProfitRatio": 0.5293814606175314, "researchAndDevelopmentExpenses": 0.0, "generalAndAdministrativeExpenses": 0.0, "sellingAndMarketingExpenses": 0.0, "otherExpenses": 213310000, "operatingExpenses": 213310000, "costAndExpenses": 507464000, "interestExpense": 0.0, "depreciationAndAmortization": 9857000.0, "ebitda": 127476000, "ebitdaratio": 0.20394952618804968, "operatingIncome": 117619000, "operatingIncomeRatio": 0.18817925978782057, "totalOtherIncomeExpensesNet": 0.0, "incomeBeforeTax": 117786000, "incomeBeforeTaxRatio": 0.18844644397051694, "incomeTaxExpense": 44877000, "netIncome": 72909000, "netIncomeRatio": 0.11664749446832748, "eps": 1.46, "epsdiluted": 1.46, "weightedAverageShsOut": 148933000, "weightedAverageShsOutDil": 148933000, "link": "https://www.sec.gov/Archives/edgar/data/815556/000119312508214375/0001193125-08-214375-index.htm", "finalLink": "https://www.sec.gov/Archives/edgar/data/815556/000119312508214375/d10q.htm"}, {"date": "2008-06-30", "symbol": "FAST", "fillingDate": "2008-07-23", "acceptedDate": "2008-07-23 13:16:11", "period": "Q2", "revenue": 604219000, "costOfRevenue": 286830000, "grossProfit": 317389000, "grossProfitRatio": 0.5252880164311284, "researchAndDevelopmentExpenses": 0.0, "generalAndAdministrativeExpenses": 0.0, "sellingAndMarketingExpenses": 0.0, "otherExpenses": 193899000, "operatingExpenses": 193899000, "costAndExpenses": 480729000, "interestExpense": 0.0, "depreciationAndAmortization": 9772000.0, "ebitda": 133121000, "ebitdaratio": 0.22031912270219903, "operatingIncome": 123349000, "operatingIncomeRatio": 0.2041461787861686, "totalOtherIncomeExpensesNet": 0.0, "incomeBeforeTax": 123596000, "incomeBeforeTaxRatio": 0.20455497096251524, "incomeTaxExpense": 47430000, "netIncome": 76166000, "netIncomeRatio": 0.12605694292963313, "eps": 0.97, "epsdiluted": 0.97, "weightedAverageShsOut": 149117000, "weightedAverageShsOutDil": 149117000, "link": "https://www.sec.gov/Archives/edgar/data/815556/000119312508156054/0001193125-08-156054-index.htm", "finalLink": "https://www.sec.gov/Archives/edgar/data/815556/000119312508156054/d10q.htm"}, {"date": "2008-03-21", "symbol": "FAST", "fillingDate": "2008-04-25", "acceptedDate": "2008-04-25 15:29:11", "period": "Q1", "revenue": 566210000, "costOfRevenue": 269580000, "grossProfit": 296630000, "grossProfitRatio": 0.523886897087653, "researchAndDevelopmentExpenses": 0.0, "generalAndAdministrativeExpenses": 0.0, "sellingAndMarketingExpenses": 0.0, "otherExpenses": 186562000, "operatingExpenses": 186562000, "costAndExpenses": 456142000, "interestExpense": 0.0, "depreciationAndAmortization": 9524000.0, "ebitda": 119488000, "ebitdaratio": 0.21103124282510022, "operatingIncome": 109964000, "operatingIncomeRatio": 0.19421062856537327, "totalOtherIncomeExpensesNet": 0.0, "incomeBeforeTax": 110185000, "incomeBeforeTaxRatio": 0.1946009431129793, "incomeTaxExpense": 42091000, "netIncome": 68094000, "netIncomeRatio": 0.12026280002119355, "eps": 0.46, "epsdiluted": 0.46, "weightedAverageShsOut": 149121000, "weightedAverageShsOutDil": 149121000, "link": "https://www.sec.gov/Archives/edgar/data/815556/000119312508090861/0001193125-08-090861-index.htm", "finalLink": "https://www.sec.gov/Archives/edgar/data/815556/000119312508090861/d10q.htm"}, {"date": "2007-09-30", "symbol": "FAST", "fillingDate": "2007-10-31", "acceptedDate": "2007-10-31 12:28:50", "period": "Q3", "revenue": 533750000, "costOfRevenue": 261726000, "grossProfit": 272024000, "grossProfitRatio": 0.5096468384074941, "researchAndDevelopmentExpenses": 0.0, "generalAndAdministrativeExpenses": 0.0, "sellingAndMarketingExpenses": 0.0, "otherExpenses": 173178000, "operatingExpenses": 173178000, "costAndExpenses": 434904000, "interestExpense": 0.0, "depreciationAndAmortization": 9359000.0, "ebitda": 108207000, "ebitdaratio": 0.2027297423887588, "operatingIncome": 98848000, "operatingIncomeRatio": 0.18519531615925058, "totalOtherIncomeExpensesNet": 0.0, "incomeBeforeTax": 99312000, "incomeBeforeTaxRatio": 0.1860646370023419, "incomeTaxExpense": 37170000, "netIncome": 62142000, "netIncomeRatio": 0.11642529274004684, "eps": 1.17, "epsdiluted": 1.17, "weightedAverageShsOut": 150878000, "weightedAverageShsOutDil": 150878000, "link": "https://www.sec.gov/Archives/edgar/data/815556/000119312507230769/0001193125-07-230769-index.htm", "finalLink": "https://www.sec.gov/Archives/edgar/data/815556/000119312507230769/d10q.htm"}, {"date": "2007-06-30", "symbol": "FAST", "fillingDate": "2007-07-31", "acceptedDate": "2007-07-31 13:05:46", "period": "Q2", "revenue": 519706000, "costOfRevenue": 258237000, "grossProfit": 261469000, "grossProfitRatio": 0.5031094503430786, "researchAndDevelopmentExpenses": 0.0, "generalAndAdministrativeExpenses": 0.0, "sellingAndMarketingExpenses": 0.0, "otherExpenses": 164261000, "operatingExpenses": 164261000, "costAndExpenses": 422498000, "interestExpense": 0.0, "depreciationAndAmortization": 9374000.0, "ebitda": 106780000, "ebitdaratio": 0.20546231908040316, "operatingIncome": 97406000, "operatingIncomeRatio": 0.18742519809276784, "totalOtherIncomeExpensesNet": 0.0, "incomeBeforeTax": 97860000, "incomeBeforeTaxRatio": 0.18829876891935055, "incomeTaxExpense": 37604000, "netIncome": 60256000, "netIncomeRatio": 0.11594247516865305, "eps": 0.76, "epsdiluted": 0.76, "weightedAverageShsOut": 151084000, "weightedAverageShsOutDil": 151084000, "link": "https://www.sec.gov/Archives/edgar/data/815556/000119312507166366/0001193125-07-166366-index.htm", "finalLink": "https://www.sec.gov/Archives/edgar/data/815556/000119312507166366/d10q.htm"}, {"date": "2007-03-31", "symbol": "FAST", "fillingDate": "2007-05-01", "acceptedDate": "2007-05-01 17:17:36", "period": "Q1", "revenue": 489157000, "costOfRevenue": 239642000, "grossProfit": 249515000, "grossProfitRatio": 0.5100918519003101, "researchAndDevelopmentExpenses": 0.0, "generalAndAdministrativeExpenses": 0.0, "sellingAndMarketingExpenses": 0.0, "otherExpenses": 160851000, "operatingExpenses": 160851000, "costAndExpenses": 400493000, "interestExpense": 0.0, "depreciationAndAmortization": 9226000.0, "ebitda": 97775000, "ebitdaratio": 0.19988469959542643, "operatingIncome": 88549000, "operatingIncomeRatio": 0.1810236795139393, "totalOtherIncomeExpensesNet": 0.0, "incomeBeforeTax": 88771000, "incomeBeforeTaxRatio": 0.1814775215319417, "incomeTaxExpense": 34738000, "netIncome": 54033000, "netIncomeRatio": 0.1104614673816382, "eps": 0.36, "epsdiluted": 0.36, "weightedAverageShsOut": 151179000, "weightedAverageShsOutDil": 151179000, "link": "https://www.sec.gov/Archives/edgar/data/815556/000119312507097955/0001193125-07-097955-index.htm", "finalLink": "https://www.sec.gov/Archives/edgar/data/815556/000119312507097955/d10q.htm"}, {"date": "2006-12-31", "symbol": "FAST", "fillingDate": "2007-02-23", "acceptedDate": "2007-02-23 15:40:00", "period": "FY", "revenue": 448729000, "costOfRevenue": 224781000, "grossProfit": 223948000, "grossProfitRatio": 0.499071822859677, "researchAndDevelopmentExpenses": 0.0, "generalAndAdministrativeExpenses": 0.0, "sellingAndMarketingExpenses": 0.0, "otherExpenses": 150982000, "operatingExpenses": 150982000, "costAndExpenses": 375763000, "interestExpense": 0.0, "depreciationAndAmortization": 10588000, "ebitda": 83507000, "ebitdaratio": 0.1860967309890825, "operatingIncome": 72919000, "operatingIncomeRatio": 0.16250119782764208, "totalOtherIncomeExpensesNet": 0.0, "incomeBeforeTax": 73082000, "incomeBeforeTaxRatio": 0.16286444602421507, "incomeTaxExpense": 27512000, "netIncome": 45570000, "netIncomeRatio": 0.10155349888239895, "eps": 1.32, "epsdiluted": 1.32, "weightedAverageShsOut": 151034000, "weightedAverageShsOutDil": 151034000, "link": "https://www.sec.gov/Archives/edgar/data/815556/000119312507038320/0001193125-07-038320-index.htm", "finalLink": "https://www.sec.gov/Archives/edgar/data/815556/000119312507038320/d10k.htm"}, {"date": "2006-09-30", "symbol": "FAST", "fillingDate": "2006-10-24", "acceptedDate": "2006-10-24 15:05:36", "period": "Q3", "revenue": 470088000, "costOfRevenue": 232853000, "grossProfit": 237235000, "grossProfitRatio": 0.5046608294617178, "researchAndDevelopmentExpenses": 0.0, "generalAndAdministrativeExpenses": 0.0, "sellingAndMarketingExpenses": 0.0, "otherExpenses": 150035000, "operatingExpenses": 150035000, "costAndExpenses": 382888000, "interestExpense": 0.0, "depreciationAndAmortization": 7881000.0, "ebitda": 95055000, "ebitdaratio": 0.20220682085056416, "operatingIncome": 87174000, "operatingIncomeRatio": 0.18544187471281973, "totalOtherIncomeExpensesNet": 0.0, "incomeBeforeTax": 87400000, "incomeBeforeTaxRatio": 0.1859226357618148, "incomeTaxExpense": 33299000, "netIncome": 54101000, "netIncomeRatio": 0.11508696244107486, "eps": 1.02, "epsdiluted": 1.02, "weightedAverageShsOut": 151005000, "weightedAverageShsOutDil": 151005000, "link": "https://www.sec.gov/Archives/edgar/data/815556/000119312506213693/0001193125-06-213693-index.htm", "finalLink": "https://www.sec.gov/Archives/edgar/data/815556/000119312506213693/d10q.htm"}, {"date": "2006-06-30", "symbol": "FAST", "fillingDate": "2006-07-21", "acceptedDate": "2006-07-21 13:36:16", "period": "Q2", "revenue": 458817000, "costOfRevenue": 229812000, "grossProfit": 229005000, "grossProfitRatio": 0.499120564408032, "researchAndDevelopmentExpenses": 0.0, "generalAndAdministrativeExpenses": 0.0, "sellingAndMarketingExpenses": 0.0, "otherExpenses": 146081000, "operatingExpenses": 146081000, "costAndExpenses": 375893000, "interestExpense": 0.0, "depreciationAndAmortization": 7469000.0, "ebitda": 90278000, "ebitdaratio": 0.19676254367209584, "operatingIncome": 82809000, "operatingIncomeRatio": 0.18048372226835535, "totalOtherIncomeExpensesNet": 0.0, "incomeBeforeTax": 83219000, "incomeBeforeTaxRatio": 0.1813773247285955, "incomeTaxExpense": 31706000, "netIncome": 51513000, "netIncomeRatio": 0.11227352081548853, "eps": 0.66, "epsdiluted": 0.66, "weightedAverageShsOut": 151055000, "weightedAverageShsOutDil": 151055000, "link": "https://www.sec.gov/Archives/edgar/data/815556/000119312506150867/0001193125-06-150867-index.htm", "finalLink": "https://www.sec.gov/Archives/edgar/data/815556/000119312506150867/d10q.htm"}, {"date": "2006-03-31", "symbol": "FAST", "fillingDate": "2006-04-25", "acceptedDate": "2006-04-25 11:18:27", "period": "Q1", "revenue": 431703000, "costOfRevenue": 214216000, "grossProfit": 217487000, "grossProfitRatio": 0.5037884842125258, "researchAndDevelopmentExpenses": 0.0, "generalAndAdministrativeExpenses": 0.0, "sellingAndMarketingExpenses": 0.0, "otherExpenses": 140512000, "operatingExpenses": 140512000, "costAndExpenses": 354728000, "interestExpense": 0.0, "depreciationAndAmortization": 7592000.0, "ebitda": 84532000, "ebitdaratio": 0.19581054567607822, "operatingIncome": 76940000, "operatingIncomeRatio": 0.17822438111386762, "totalOtherIncomeExpensesNet": 0.0, "incomeBeforeTax": 77328000, "incomeBeforeTaxRatio": 0.17912314716367503, "incomeTaxExpense": 29474000, "netIncome": 47854000, "netIncomeRatio": 0.11084935708114144, "eps": 0.32, "epsdiluted": 0.32, "weightedAverageShsOut": 151055000, "weightedAverageShsOutDil": 151055000, "link": "https://www.sec.gov/Archives/edgar/data/815556/000119312506087536/0001193125-06-087536-index.htm", "finalLink": "https://www.sec.gov/Archives/edgar/data/815556/000119312506087536/d10q.htm"}, {"date": "2005-12-31", "symbol": "FAST", "fillingDate": "2006-02-23", "acceptedDate": "2006-02-23 15:59:29", "period": "FY", "revenue": 384043000, "costOfRevenue": 199467000, "grossProfit": 184576000, "grossProfitRatio": 0.4806128480404538, "researchAndDevelopmentExpenses": 0.0, "generalAndAdministrativeExpenses": 0.0, "sellingAndMarketingExpenses": 0.0, "otherExpenses": 121619000, "operatingExpenses": 121619000, "costAndExpenses": 321086000, "interestExpense": 0.0, "depreciationAndAmortization": 7379000.0, "ebitda": 70202000, "ebitdaratio": 0.18279723885085786, "operatingIncome": 62823000, "operatingIncomeRatio": 0.16358324458459078, "totalOtherIncomeExpensesNet": 0.0, "incomeBeforeTax": 63169000, "incomeBeforeTaxRatio": 0.1644841853646597, "incomeTaxExpense": 24005000, "netIncome": 39164000, "netIncomeRatio": 0.10197816390352123, "eps": 1.1, "epsdiluted": 1.1, "weightedAverageShsOut": 151270000, "weightedAverageShsOutDil": 151270000, "link": "https://www.sec.gov/Archives/edgar/data/815556/000119312506037687/0001193125-06-037687-index.htm", "finalLink": "https://www.sec.gov/Archives/edgar/data/815556/000119312506037687/d10k.htm"}, {"date": "2005-09-30", "symbol": "FAST", "fillingDate": "2005-10-24", "acceptedDate": "2005-10-24 14:44:48", "period": "Q3", "revenue": 402218000, "costOfRevenue": 199872000, "grossProfit": 202346000, "grossProfitRatio": 0.503075446648335, "researchAndDevelopmentExpenses": 0.0, "generalAndAdministrativeExpenses": 0.0, "sellingAndMarketingExpenses": 0.0, "otherExpenses": 128602000, "operatingExpenses": 128602000, "costAndExpenses": 328474000, "interestExpense": 0.0, "depreciationAndAmortization": 7742000.0, "ebitda": 81625000, "ebitdaratio": 0.20293721315306626, "operatingIncome": 73883000, "operatingIncomeRatio": 0.18368894480107803, "totalOtherIncomeExpensesNet": 0.0, "incomeBeforeTax": 74148000, "incomeBeforeTaxRatio": 0.18434779149615382, "incomeTaxExpense": 28177000, "netIncome": 45971000, "netIncomeRatio": 0.11429374120501817, "eps": 1.69, "epsdiluted": 1.69, "weightedAverageShsOut": 75673000, "weightedAverageShsOutDil": 75673000, "link": "https://www.sec.gov/Archives/edgar/data/815556/000119312505206786/0001193125-05-206786-index.htm", "finalLink": "https://www.sec.gov/Archives/edgar/data/815556/000119312505206786/d10q.htm"}, {"date": "2005-06-30", "symbol": "FAST", "fillingDate": "2005-07-21", "acceptedDate": "2005-07-21 17:09:41", "period": "Q2", "revenue": 383263000, "costOfRevenue": 189455000, "grossProfit": 193808000, "grossProfitRatio": 0.5056788680357874, "researchAndDevelopmentExpenses": 0.0, "generalAndAdministrativeExpenses": 0.0, "sellingAndMarketingExpenses": 0.0, "otherExpenses": 121874000, "operatingExpenses": 121874000, "costAndExpenses": 311329000, "interestExpense": 0.0, "depreciationAndAmortization": 7239000.0, "ebitda": 78969000, "ebitdaratio": 0.2060438915314027, "operatingIncome": 71730000, "operatingIncomeRatio": 0.18715607820217448, "totalOtherIncomeExpensesNet": 0.0, "incomeBeforeTax": 72012000, "incomeBeforeTaxRatio": 0.18789186537703875, "incomeTaxExpense": 27364000, "netIncome": 44648000, "netIncomeRatio": 0.11649441767141623, "eps": 1.08, "epsdiluted": 1.08, "weightedAverageShsOut": 75748000, "weightedAverageShsOutDil": 75748000, "link": "https://www.sec.gov/Archives/edgar/data/815556/000119312505146410/0001193125-05-146410-index.htm", "finalLink": "https://www.sec.gov/Archives/edgar/data/815556/000119312505146410/d10q.htm"}, {"date": "2005-03-31", "symbol": "FAST", "fillingDate": "2005-04-21", "acceptedDate": "2005-04-21 08:02:22", "period": "Q1", "revenue": 353809000, "costOfRevenue": 176436000, "grossProfit": 177373000, "grossProfitRatio": 0.5013241607760119, "researchAndDevelopmentExpenses": 0.0, "generalAndAdministrativeExpenses": 0.0, "sellingAndMarketingExpenses": 0.0, "otherExpenses": 117697000, "operatingExpenses": 117697000, "costAndExpenses": 294133000, "interestExpense": 0.0, "depreciationAndAmortization": 6646000.0, "ebitda": 66074000, "ebitdaratio": 0.18675047836544575, "operatingIncome": 59428000, "operatingIncomeRatio": 0.1679663321170462, "totalOtherIncomeExpensesNet": 0.0, "incomeBeforeTax": 59727000, "incomeBeforeTaxRatio": 0.1688114208513633, "incomeTaxExpense": 22696000, "netIncome": 37031000, "netIncomeRatio": 0.10466381578761422, "eps": 0.49, "epsdiluted": 0.49, "weightedAverageShsOut": 75877000, "weightedAverageShsOutDil": 75877000, "link": "https://www.sec.gov/Archives/edgar/data/815556/000119312505081096/0001193125-05-081096-index.htm", "finalLink": "https://www.sec.gov/Archives/edgar/data/815556/000119312505081096/d10q.htm"}, {"date": "2004-12-31", "symbol": "FAST", "fillingDate": "2005-03-01", "acceptedDate": "2005-03-01 15:01:05", "period": "FY", "revenue": 318465000, "costOfRevenue": 157878000, "grossProfit": 160587000, "grossProfitRatio": 0.5042532146389713, "researchAndDevelopmentExpenses": 0.0, "generalAndAdministrativeExpenses": 0.0, "sellingAndMarketingExpenses": 0.0, "otherExpenses": 110063000, "operatingExpenses": 110063000, "costAndExpenses": 267941000, "interestExpense": 0.0, "depreciationAndAmortization": 6339000.0, "ebitda": 56775000, "ebitdaratio": 0.17827704771324948, "operatingIncome": 50436000, "operatingIncomeRatio": 0.15837219160661298, "totalOtherIncomeExpensesNet": 0.0, "incomeBeforeTax": 50723000, "incomeBeforeTaxRatio": 0.15927338954045187, "incomeTaxExpense": 17454000, "netIncome": 33269000, "netIncomeRatio": 0.10446673888810387, "eps": 1.73, "epsdiluted": 1.73, "weightedAverageShsOut": 75877000, "weightedAverageShsOutDil": 75877000, "link": "https://www.sec.gov/Archives/edgar/data/815556/000119312505039692/0001193125-05-039692-index.htm", "finalLink": "https://www.sec.gov/Archives/edgar/data/815556/000119312505039692/d10k.htm"}, {"date": "2004-09-30", "symbol": "FAST", "fillingDate": "2004-10-21", "acceptedDate": "2004-10-21 16:15:12", "period": "Q3", "revenue": 325678000, "costOfRevenue": 162118000, "grossProfit": 163560000, "grossProfitRatio": 0.5022138431211196, "researchAndDevelopmentExpenses": 0.0, "generalAndAdministrativeExpenses": 0.0, "sellingAndMarketingExpenses": 0.0, "otherExpenses": 107815000, "operatingExpenses": 107815000, "costAndExpenses": 269933000, "interestExpense": 0.0, "depreciationAndAmortization": 6080000.0, "ebitda": 61773000, "ebitdaratio": 0.18967507783761875, "operatingIncome": 55693000, "operatingIncomeRatio": 0.17100633140709534, "totalOtherIncomeExpensesNet": 0.0, "incomeBeforeTax": 56054000, "incomeBeforeTaxRatio": 0.1721147882264077, "incomeTaxExpense": 21313000, "netIncome": 34741000, "netIncomeRatio": 0.10667284864191011, "eps": 1.29, "epsdiluted": 1.29, "weightedAverageShsOut": 75877000, "weightedAverageShsOutDil": 75877000, "link": "https://www.sec.gov/Archives/edgar/data/815556/000119312504175485/0001193125-04-175485-index.htm", "finalLink": "https://www.sec.gov/Archives/edgar/data/815556/000119312504175485/d10q.htm"}, {"date": "2004-06-30", "symbol": "FAST", "fillingDate": "2004-07-26", "acceptedDate": "2004-07-26 16:12:01", "period": "Q2", "revenue": 310143000, "costOfRevenue": 152936000, "grossProfit": 157207000, "grossProfitRatio": 0.5068855334474742, "researchAndDevelopmentExpenses": 0.0, "generalAndAdministrativeExpenses": 0.0, "sellingAndMarketingExpenses": 0.0, "otherExpenses": 101193000, "operatingExpenses": 101193000, "costAndExpenses": 254129000, "interestExpense": 0.0, "depreciationAndAmortization": 5691000.0, "ebitda": 61589000, "ebitdaratio": 0.1985825893217, "operatingIncome": 55898000, "operatingIncomeRatio": 0.18023298929848489, "totalOtherIncomeExpensesNet": 0.0, "incomeBeforeTax": 56181000, "incomeBeforeTaxRatio": 0.1811454716050338, "incomeTaxExpense": 21349000, "netIncome": 34832000, "netIncomeRatio": 0.11230948304491799, "eps": 0.83, "epsdiluted": 0.83, "weightedAverageShsOut": 75877000, "weightedAverageShsOutDil": 75877000, "link": "https://www.sec.gov/Archives/edgar/data/815556/000119312504124365/0001193125-04-124365-index.htm", "finalLink": "https://www.sec.gov/Archives/edgar/data/815556/000119312504124365/d10q.htm"}, {"date": "2004-03-31", "symbol": "FAST", "fillingDate": "2004-04-30", "acceptedDate": "2004-04-30 15:20:29", "period": "Q1", "revenue": 284206000, "costOfRevenue": 141227000, "grossProfit": 142979000, "grossProfitRatio": 0.5030822713102467, "researchAndDevelopmentExpenses": 0.0, "generalAndAdministrativeExpenses": 0.0, "sellingAndMarketingExpenses": 0.0, "otherExpenses": 97453000, "operatingExpenses": 97453000, "costAndExpenses": 238680000, "interestExpense": 0.0, "depreciationAndAmortization": 5533000.0, "ebitda": 50663000, "ebitdaratio": 0.17826154268382793, "operatingIncome": 45130000, "operatingIncomeRatio": 0.15879326967059104, "totalOtherIncomeExpensesNet": 0.0, "incomeBeforeTax": 45378000, "incomeBeforeTaxRatio": 0.15966587616024996, "incomeTaxExpense": 17231000, "netIncome": 28147000, "netIncomeRatio": 0.09903731800173114, "eps": 0.37, "epsdiluted": 0.37, "weightedAverageShsOut": 75877000, "weightedAverageShsOutDil": 75877000, "link": "https://www.sec.gov/Archives/edgar/data/815556/000119312504075442/0001193125-04-075442-index.htm", "finalLink": "https://www.sec.gov/Archives/edgar/data/815556/000119312504075442/d10q.htm"}, {"date": "2003-12-31", "symbol": "FAST", "fillingDate": "2004-02-25", "acceptedDate": "2004-02-25 15:13:11", "period": "FY", "revenue": 251643000, "costOfRevenue": 129154000, "grossProfit": 122489000, "grossProfitRatio": 0.48675703278056615, "researchAndDevelopmentExpenses": 0.0, "generalAndAdministrativeExpenses": 0.0, "sellingAndMarketingExpenses": 0.0, "otherExpenses": 90456000, "operatingExpenses": 90456000, "costAndExpenses": 219610000, "interestExpense": 0.0, "depreciationAndAmortization": 5337000.0, "ebitda": 37245000, "ebitdaratio": 0.14800729605035706, "operatingIncome": 31908000, "operatingIncomeRatio": 0.12679867908107914, "totalOtherIncomeExpensesNet": 0.0, "incomeBeforeTax": 32237000, "incomeBeforeTaxRatio": 0.12810608679756638, "incomeTaxExpense": 12347000, "netIncome": 19890000, "netIncomeRatio": 0.07904054553474565, "eps": 1.11, "epsdiluted": 1.11, "weightedAverageShsOut": 75877000, "weightedAverageShsOutDil": 75877000, "link": "https://www.sec.gov/Archives/edgar/data/815556/000119312504029342/0001193125-04-029342-index.htm", "finalLink": "https://www.sec.gov/Archives/edgar/data/815556/000119312504029342/d10k.htm"}, {"date": "2003-09-30", "symbol": "FAST", "fillingDate": "2003-11-12", "acceptedDate": "2003-11-10 18:08:32", "period": "Q3", "revenue": 258330000, "costOfRevenue": 131823000, "grossProfit": 126507000, "grossProfitRatio": 0.48971083497851586, "researchAndDevelopmentExpenses": 0.0, "generalAndAdministrativeExpenses": 0.0, "sellingAndMarketingExpenses": 0.0, "otherExpenses": 89082000, "operatingExpenses": 89082000, "costAndExpenses": 220905000, "interestExpense": 0.0, "depreciationAndAmortization": 5111000.0, "ebitda": 42498000, "ebitdaratio": 0.16451050981302984, "operatingIncome": 37387000, "operatingIncomeRatio": 0.14472573839662448, "totalOtherIncomeExpensesNet": 0.0, "incomeBeforeTax": 37701000, "incomeBeforeTaxRatio": 0.14594123795145744, "incomeTaxExpense": 14439000, "netIncome": 23262000, "netIncomeRatio": 0.09004761351759377, "eps": 0.85, "epsdiluted": 0.85, "weightedAverageShsOut": 75877000, "weightedAverageShsOutDil": 75877000, "link": "https://www.sec.gov/Archives/edgar/data/815556/000119312503076444/0001193125-03-076444-index.htm", "finalLink": "https://www.sec.gov/Archives/edgar/data/815556/000119312503076444/d10q.htm"}, {"date": "2003-06-30", "symbol": "FAST", "fillingDate": "2003-08-06", "acceptedDate": "2003-08-06 13:31:12", "period": "Q2", "revenue": 249112000, "costOfRevenue": 125738000, "grossProfit": 123374000, "grossProfitRatio": 0.4952551462795851, "researchAndDevelopmentExpenses": 0.0, "generalAndAdministrativeExpenses": 0.0, "sellingAndMarketingExpenses": 0.0, "otherExpenses": 88106000, "operatingExpenses": 88106000, "costAndExpenses": 213844000, "interestExpense": 0.0, "depreciationAndAmortization": 5122000.0, "ebitda": 40367000, "ebitdaratio": 0.16204357879186873, "operatingIncome": 35245000, "operatingIncomeRatio": 0.1414825460034041, "totalOtherIncomeExpensesNet": 0.0, "incomeBeforeTax": 35538000, "incomeBeforeTaxRatio": 0.14265872378689104, "incomeTaxExpense": 13611000, "netIncome": 21927000, "netIncomeRatio": 0.08802064934647869, "eps": 0.54, "epsdiluted": 0.54, "weightedAverageShsOut": 75877000, "weightedAverageShsOutDil": 75877000, "link": "https://www.sec.gov/Archives/edgar/data/815556/000119312503029878/0001193125-03-029878-index.htm", "finalLink": "https://www.sec.gov/Archives/edgar/data/815556/000119312503029878/d10q.htm"}, {"date": "2003-03-31", "symbol": "FAST", "fillingDate": "2003-04-17", "acceptedDate": "2003-04-17 17:25:49", "period": "Q1", "revenue": 235843000, "costOfRevenue": 119146000, "grossProfit": 116697000, "grossProfitRatio": 0.49480798666909764, "researchAndDevelopmentExpenses": 0.0, "generalAndAdministrativeExpenses": 0.0, "sellingAndMarketingExpenses": 0.0, "otherExpenses": 85969000, "operatingExpenses": 85969000, "costAndExpenses": 205115000, "interestExpense": 0.0, "depreciationAndAmortization": 4874000.0, "ebitda": 35471000, "ebitdaratio": 0.15040090229517095, "operatingIncome": 30597000, "operatingIncomeRatio": 0.1297346115848255, "totalOtherIncomeExpensesNet": 0.0, "incomeBeforeTax": 30860000, "incomeBeforeTaxRatio": 0.1308497602218425, "incomeTaxExpense": 11819000, "netIncome": 19041000, "netIncomeRatio": 0.0807359132982535, "eps": 0.25, "epsdiluted": 0.25, "weightedAverageShsOut": 75877000, "weightedAverageShsOutDil": 75877000, "link": "https://www.sec.gov/Archives/edgar/data/815556/000104596903001091/0001045969-03-001091-index.htm", "finalLink": "https://www.sec.gov/Archives/edgar/data/815556/000104596903001091/d10q.htm"}]