[{"date": "2020-02-28", "symbol": "ADBE", "fillingDate": "2020-03-25", "acceptedDate": "2020-03-25 16:07:07", "period": "Q1", "revenue": 3091000000, "costOfRevenue": 452000000, "grossProfit": 2639000000, "grossProfitRatio": 0.8537690067939179, "researchAndDevelopmentExpenses": 532000000, "generalAndAdministrativeExpenses": 271000000, "sellingAndMarketingExpenses": 857000000, "otherExpenses": 42000000, "operatingExpenses": 1702000000, "costAndExpenses": 2154000000, "interestExpense": 33000000, "depreciationAndAmortization": 188000000, "ebitda": 1125000000, "ebitdaratio": 0.363959883533, "operatingIncome": 937000000, "operatingIncomeRatio": 0.303138142996, "totalOtherIncomeExpensesNet": 18000000, "incomeBeforeTax": 919000000, "incomeBeforeTaxRatio": 0.297314784859, "incomeTaxExpense": -36000000, "netIncome": 955000000, "netIncomeRatio": 0.308961501132, "eps": 1.98, "epsdiluted": 1.96, "weightedAverageShsOut": 482400000, "weightedAverageShsOutDil": 487800000, "link": "https://www.sec.gov/Archives/edgar/data/796343/000079634320000064/0000796343-20-000064-index.htm", "finalLink": "https://www.sec.gov/Archives/edgar/data/796343/000079634320000064/adbe10qq120.htm"}, {"date": "2019-11-29", "symbol": "ADBE", "fillingDate": "2020-01-21", "acceptedDate": "2020-01-21 06:06:41", "period": "FY", "revenue": 2991945000, "costOfRevenue": 451983000, "grossProfit": 2539962000, "grossProfitRatio": 0.8489333861417907, "researchAndDevelopmentExpenses": 499806000, "generalAndAdministrativeExpenses": 225938000, "sellingAndMarketingExpenses": 801588000, "otherExpenses": 42698000, "operatingExpenses": 1570030000, "costAndExpenses": 2022013000, "interestExpense": 36515000, "depreciationAndAmortization": 295612000, "ebitda": 1265544000, "ebitdaratio": 0.422983711265, "operatingIncome": 969932000, "operatingIncomeRatio": 0.324181092901, "totalOtherIncomeExpensesNet": 18879000, "incomeBeforeTax": 957147000, "incomeBeforeTaxRatio": 0.319907952853, "incomeTaxExpense": 105286000, "netIncome": 851861000, "netIncomeRatio": 0.284718134859, "eps": 1.76, "epsdiluted": 1.74, "weightedAverageShsOut": 486291000, "weightedAverageShsOutDil": 491572000, "link": "https://www.sec.gov/Archives/edgar/data/796343/000079634320000013/0000796343-20-000013-index.htm", "finalLink": "https://www.sec.gov/Archives/edgar/data/796343/000079634320000013/adbe10kfy19.htm"}, {"date": "2019-08-30", "symbol": "ADBE", "fillingDate": "2019-09-26", "acceptedDate": "2019-09-26 16:25:38", "period": "Q3", "revenue": 2834126000, "costOfRevenue": 415963000, "grossProfit": 2418163000, "grossProfitRatio": 0.8532305903124985, "researchAndDevelopmentExpenses": 489827000, "generalAndAdministrativeExpenses": 219256000, "sellingAndMarketingExpenses": 812314000, "otherExpenses": 42954000, "operatingExpenses": 1564351000, "costAndExpenses": 1980314000, "interestExpense": 39529000, "depreciationAndAmortization": 150549000, "ebitda": 1004361000, "ebitdaratio": 0.354381209586, "operatingIncome": 853812000, "operatingIncomeRatio": 0.301261129533, "totalOtherIncomeExpensesNet": 16552000, "incomeBeforeTax": 834488000, "incomeBeforeTaxRatio": 0.294442801767, "incomeTaxExpense": 41725000, "netIncome": 792763000, "netIncomeRatio": 0.279720449973, "eps": 1.63, "epsdiluted": 1.61, "weightedAverageShsOut": 487145000, "weightedAverageShsOutDil": 492480000, "link": "https://www.sec.gov/Archives/edgar/data/796343/000079634319000165/0000796343-19-000165-index.htm", "finalLink": "https://www.sec.gov/Archives/edgar/data/796343/000079634319000165/adbe10qq319.htm"}, {"date": "2019-05-31", "symbol": "ADBE", "fillingDate": "2019-06-26", "acceptedDate": "2019-06-26 16:07:21", "period": "Q2", "revenue": 2744280000, "costOfRevenue": 407488000, "grossProfit": 2336792000, "grossProfitRatio": 0.8515136939379364, "researchAndDevelopmentExpenses": 475958000, "generalAndAdministrativeExpenses": 219334000, "sellingAndMarketingExpenses": 848927000, "otherExpenses": 43026000, "operatingExpenses": 1587245000, "costAndExpenses": 1994733000, "interestExpense": 40577000, "depreciationAndAmortization": 145610000, "ebitda": 895157000, "ebitdaratio": 0.326190111796, "operatingIncome": 749547000, "operatingIncomeRatio": 0.273130657222, "totalOtherIncomeExpensesNet": 2558000, "incomeBeforeTax": 710772000, "incomeBeforeTaxRatio": 0.259001268092, "incomeTaxExpense": 78179000, "netIncome": 632593000, "netIncomeRatio": 0.230513285816, "eps": 1.3, "epsdiluted": 1.29, "weightedAverageShsOut": 487795000, "weightedAverageShsOutDil": 493200000, "link": "https://www.sec.gov/Archives/edgar/data/796343/000079634319000142/0000796343-19-000142-index.htm", "finalLink": "https://www.sec.gov/Archives/edgar/data/796343/000079634319000142/adbe10qq219.htm"}, {"date": "2019-03-01", "symbol": "ADBE", "fillingDate": "2019-03-27", "acceptedDate": "2019-03-27 16:07:38", "period": "Q1", "revenue": 2600946000, "costOfRevenue": 397286000, "grossProfit": 2203660000, "grossProfitRatio": 0.8472532686184181, "researchAndDevelopmentExpenses": 464637000, "generalAndAdministrativeExpenses": 216109000, "sellingAndMarketingExpenses": 781518000, "otherExpenses": 46566000, "operatingExpenses": 1508830000, "costAndExpenses": 1906116000, "interestExpense": 40593000, "depreciationAndAmortization": 144898000, "ebitda": 839728000, "ebitdaratio": 0.322854838201, "operatingIncome": 694830000, "operatingIncomeRatio": 0.267145107972, "totalOtherIncomeExpensesNet": 7504000, "incomeBeforeTax": 702334000, "incomeBeforeTaxRatio": 0.270030212084, "incomeTaxExpense": 28093000, "netIncome": 674241000, "netIncomeRatio": 0.259229142012, "eps": 1.38, "epsdiluted": 1.36, "weightedAverageShsOut": 488056000, "weightedAverageShsOutDil": 494188000, "link": "https://www.sec.gov/Archives/edgar/data/796343/000079634319000079/0000796343-19-000079-index.htm", "finalLink": "https://www.sec.gov/Archives/edgar/data/796343/000079634319000079/adbe10qq119.htm"}, {"date": "2018-11-30", "symbol": "ADBE", "fillingDate": "2019-01-25", "acceptedDate": "2019-01-25 06:24:29", "period": "FY", "revenue": 2464625000, "costOfRevenue": 359261000, "grossProfit": 2105364000, "grossProfitRatio": 0.854232996906223, "researchAndDevelopmentExpenses": 415958000, "generalAndAdministrativeExpenses": 212355000, "sellingAndMarketingExpenses": 723573000, "otherExpenses": 32932000, "operatingExpenses": 1384818000, "costAndExpenses": 1744079000, "interestExpense": 27873000, "depreciationAndAmortization": 106720000, "ebitda": 827266000, "ebitdaratio": 0.33565593143, "operatingIncome": 720546000, "operatingIncomeRatio": 0.292355226454, "totalOtherIncomeExpensesNet": 9657000, "incomeBeforeTax": 699217000, "incomeBeforeTaxRatio": 0.283701171578, "incomeTaxExpense": 20977000, "netIncome": 678240000, "netIncomeRatio": 0.275189937617, "eps": 1.39, "epsdiluted": 1.36, "weightedAverageShsOut": 490564000, "weightedAverageShsOutDil": 497843000, "link": "https://www.sec.gov/Archives/edgar/data/796343/000079634319000019/0000796343-19-000019-index.htm", "finalLink": "https://www.sec.gov/Archives/edgar/data/796343/000079634319000019/adbe10kfy18.htm"}, {"date": "2018-08-31", "symbol": "ADBE", "fillingDate": "2018-09-26", "acceptedDate": "2018-09-26 16:10:19", "period": "Q3", "revenue": 2291076000, "costOfRevenue": 295492000, "grossProfit": 1995584000, "grossProfitRatio": 0.8710247935904353, "researchAndDevelopmentExpenses": 398957000, "generalAndAdministrativeExpenses": 184063000, "sellingAndMarketingExpenses": 670084000, "otherExpenses": 23874000, "operatingExpenses": 1276978000, "costAndExpenses": 1572470000, "interestExpense": 21107000, "depreciationAndAmortization": 86890000, "ebitda": 805496000, "ebitdaratio": 0.351579781727, "operatingIncome": 718606000, "operatingIncomeRatio": 0.313654370261, "totalOtherIncomeExpensesNet": 1608000, "incomeBeforeTax": 701358000, "incomeBeforeTaxRatio": 0.306126029865, "incomeTaxExpense": 35067000, "netIncome": 666291000, "netIncomeRatio": 0.290820121201, "eps": 1.36, "epsdiluted": 1.34, "weightedAverageShsOut": 491336000, "weightedAverageShsOutDil": 498587000, "link": "https://www.sec.gov/Archives/edgar/data/796343/000079634318000160/0000796343-18-000160-index.htm", "finalLink": "https://www.sec.gov/Archives/edgar/data/796343/000079634318000160/adbe10qq318.htm"}, {"date": "2018-06-01", "symbol": "ADBE", "fillingDate": "2018-06-27", "acceptedDate": "2018-06-27 16:12:04", "period": "Q2", "revenue": 2195360000, "costOfRevenue": 281344000, "grossProfit": 1914016000, "grossProfitRatio": 0.8718460753589389, "researchAndDevelopmentExpenses": 374128000, "generalAndAdministrativeExpenses": 178040000, "sellingAndMarketingExpenses": 646215000, "otherExpenses": 17149000, "operatingExpenses": 1215532000, "costAndExpenses": 1496876000, "interestExpense": 20363000, "depreciationAndAmortization": 76360000, "ebitda": 774844000, "ebitdaratio": 0.352946213833, "operatingIncome": 698484000, "operatingIncomeRatio": 0.318163763574, "totalOtherIncomeExpensesNet": 11599000, "incomeBeforeTax": 690799000, "incomeBeforeTaxRatio": 0.314663198746, "incomeTaxExpense": 27632000, "netIncome": 663167000, "netIncomeRatio": 0.302076652576, "eps": 1.35, "epsdiluted": 1.33, "weightedAverageShsOut": 491993000, "weightedAverageShsOutDil": 499166000, "link": "https://www.sec.gov/Archives/edgar/data/796343/000079634318000134/0000796343-18-000134-index.htm", "finalLink": "https://www.sec.gov/Archives/edgar/data/796343/000079634318000134/adbe10qq218.htm"}, {"date": "2018-03-02", "symbol": "ADBE", "fillingDate": "2018-03-28", "acceptedDate": "2018-03-28 16:03:36", "period": "Q1", "revenue": 2078947000, "costOfRevenue": 258902000, "grossProfit": 1820045000, "grossProfitRatio": 0.8754648386899714, "researchAndDevelopmentExpenses": 348769000, "generalAndAdministrativeExpenses": 170440000, "sellingAndMarketingExpenses": 580957000, "otherExpenses": 17146000, "operatingExpenses": 1117312000, "costAndExpenses": 1376214000, "interestExpense": 19899000, "depreciationAndAmortization": 76522000, "ebitda": 779255000, "ebitdaratio": 0.374831585413, "operatingIncome": 702733000, "operatingIncomeRatio": 0.338023528257, "totalOtherIncomeExpensesNet": 16672000, "incomeBeforeTax": 702502000, "incomeBeforeTaxRatio": 0.337912414314, "incomeTaxExpense": 119426000, "netIncome": 583076000, "netIncomeRatio": 0.280466986412, "eps": 1.18, "epsdiluted": 1.17, "weightedAverageShsOut": 492061000, "weightedAverageShsOutDil": 499433000, "link": "https://www.sec.gov/Archives/edgar/data/796343/000079634318000065/0000796343-18-000065-index.htm", "finalLink": "https://www.sec.gov/Archives/edgar/data/796343/000079634318000065/adbe10qq118.htm"}, {"date": "2017-12-01", "symbol": "ADBE", "fillingDate": "2018-01-22", "acceptedDate": "2018-01-22 16:07:26", "period": "FY", "revenue": 2006595000, "costOfRevenue": 270872000, "grossProfit": 1735723000, "grossProfitRatio": 0.8650091323859573, "researchAndDevelopmentExpenses": 324026000, "generalAndAdministrativeExpenses": 169567000, "sellingAndMarketingExpenses": 574104000, "otherExpenses": 18686000, "operatingExpenses": 1086383000, "costAndExpenses": 1357255000, "interestExpense": 19116000, "depreciationAndAmortization": 81234000, "ebitda": 730574000, "ebitdaratio": 0.364086425014, "operatingIncome": 649340000, "operatingIncomeRatio": 0.323602919373, "totalOtherIncomeExpensesNet": 10496000, "incomeBeforeTax": 643012000, "incomeBeforeTaxRatio": 0.320449318373, "incomeTaxExpense": 141463000, "netIncome": 501549000, "netIncomeRatio": 0.249950288922, "eps": 1.02, "epsdiluted": 1, "weightedAverageShsOut": 493632000, "weightedAverageShsOutDil": 501123000, "link": "https://www.sec.gov/Archives/edgar/data/796343/000079634318000015/0000796343-18-000015-index.htm", "finalLink": "https://www.sec.gov/Archives/edgar/data/796343/000079634318000015/adbe10kfy17.htm"}, {"date": "2017-09-01", "symbol": "ADBE", "fillingDate": "2017-09-27", "acceptedDate": "2017-09-27 17:32:14", "period": "Q3", "revenue": 1841074000, "costOfRevenue": 262922000, "grossProfit": 1578152000, "grossProfitRatio": 0.8571909657080595, "researchAndDevelopmentExpenses": 315555000, "generalAndAdministrativeExpenses": 147402000, "sellingAndMarketingExpenses": 550093000, "otherExpenses": 19428000, "operatingExpenses": 1032478000, "costAndExpenses": 1295400000, "interestExpense": 18809000, "depreciationAndAmortization": 82319000, "ebitda": 627993000, "ebitdaratio": 0.341101444048, "operatingIncome": 545674000, "operatingIncomeRatio": 0.296388955577, "totalOtherIncomeExpensesNet": 13539000, "incomeBeforeTax": 541379000, "incomeBeforeTaxRatio": 0.294056078137, "incomeTaxExpense": 121810000, "netIncome": 419569000, "netIncomeRatio": 0.227893609926, "eps": 0.85, "epsdiluted": 0.84, "weightedAverageShsOut": 494138000, "weightedAverageShsOutDil": 501060000, "link": "https://www.sec.gov/Archives/edgar/data/796343/000079634317000157/0000796343-17-000157-index.htm", "finalLink": "https://www.sec.gov/Archives/edgar/data/796343/000079634317000157/adbe10qq317.htm"}, {"date": "2017-06-02", "symbol": "ADBE", "fillingDate": "2017-06-28", "acceptedDate": "2017-06-28 16:04:35", "period": "Q2", "revenue": 1772190000, "costOfRevenue": 239360000, "grossProfit": 1532830000, "grossProfitRatio": 0.8649354753158521, "researchAndDevelopmentExpenses": 299401000, "generalAndAdministrativeExpenses": 156929000, "sellingAndMarketingExpenses": 553098000, "otherExpenses": 19320000, "operatingExpenses": 1028748000, "costAndExpenses": 1268108000, "interestExpense": 18347000, "depreciationAndAmortization": 81635000, "ebitda": 585717000, "ebitdaratio": 0.330504629865, "operatingIncome": 504082000, "operatingIncomeRatio": 0.284440155965, "totalOtherIncomeExpensesNet": 5154000, "incomeBeforeTax": 492618000, "incomeBeforeTaxRatio": 0.277971323617, "incomeTaxExpense": 118228000, "netIncome": 374390000, "netIncomeRatio": 0.211258386516, "eps": 0.75, "epsdiluted": 0.74, "weightedAverageShsOut": 494492000, "weightedAverageShsOutDil": 501032000, "link": "https://www.sec.gov/Archives/edgar/data/796343/000079634317000130/0000796343-17-000130-index.htm", "finalLink": "https://www.sec.gov/Archives/edgar/data/796343/000079634317000130/adbe10qq217.htm"}, {"date": "2017-03-03", "symbol": "ADBE", "fillingDate": "2017-03-29", "acceptedDate": "2017-03-29 16:11:01", "period": "Q1", "revenue": 1681646000, "costOfRevenue": 237337000, "grossProfit": 1444309000, "grossProfitRatio": 0.8588662536586178, "researchAndDevelopmentExpenses": 285077000, "generalAndAdministrativeExpenses": 150808000, "sellingAndMarketingExpenses": 520297000, "otherExpenses": 19128000, "operatingExpenses": 975310000, "costAndExpenses": 1212647000, "interestExpense": 18130000, "depreciationAndAmortization": 80809000, "ebitda": 549808000, "ebitdaratio": 0.326946337101, "operatingIncome": 468999000, "operatingIncomeRatio": 0.278892822865, "totalOtherIncomeExpensesNet": 7206000, "incomeBeforeTax": 460632000, "incomeBeforeTaxRatio": 0.27391734051, "incomeTaxExpense": 62186000, "netIncome": 398446000, "netIncomeRatio": 0.236938095176, "eps": 0.81, "epsdiluted": 0.8, "weightedAverageShsOut": 494612000, "weightedAverageShsOutDil": 500861000, "link": "https://www.sec.gov/Archives/edgar/data/796343/000079634317000088/0000796343-17-000088-index.htm", "finalLink": "https://www.sec.gov/Archives/edgar/data/796343/000079634317000088/adbe10qq117.htm"}, {"date": "2016-12-02", "symbol": "ADBE", "fillingDate": "2017-01-20", "acceptedDate": "2017-01-20 16:14:43", "period": "FY", "revenue": 1608419000, "costOfRevenue": 216556000, "grossProfit": 1391863000, "grossProfitRatio": 0.8653609538310602, "researchAndDevelopmentExpenses": 257849000, "generalAndAdministrativeExpenses": 148477000, "sellingAndMarketingExpenses": 495042000, "otherExpenses": 18215000, "operatingExpenses": 919583000, "costAndExpenses": 1136139000, "interestExpense": 17518000, "depreciationAndAmortization": 81860000, "ebitda": 554140000, "ebitdaratio": 0.344524654334, "operatingIncome": 472280000, "operatingIncomeRatio": 0.293629955876, "totalOtherIncomeExpensesNet": 553000, "incomeBeforeTax": 456700000, "incomeBeforeTaxRatio": 0.28394342519, "incomeTaxExpense": 57087000, "netIncome": 399613000, "netIncomeRatio": 0.248450807905, "eps": 0.81, "epsdiluted": 0.8, "weightedAverageShsOut": 498345000, "weightedAverageShsOutDil": 504299000, "link": "https://www.sec.gov/Archives/edgar/data/796343/000079634317000031/0000796343-17-000031-index.htm", "finalLink": "https://www.sec.gov/Archives/edgar/data/796343/000079634317000031/adbe10kfy16.htm"}, {"date": "2016-09-02", "symbol": "ADBE", "fillingDate": "2016-09-27", "acceptedDate": "2016-09-27 16:07:17", "period": "Q3", "revenue": 1463967000, "costOfRevenue": 202701000, "grossProfit": 1261266000, "grossProfitRatio": 0.8615399117603061, "researchAndDevelopmentExpenses": 248450000, "generalAndAdministrativeExpenses": 143702000, "sellingAndMarketingExpenses": 477475000, "otherExpenses": 22314000, "operatingExpenses": 891941000, "costAndExpenses": 1094642000, "interestExpense": 17281000, "depreciationAndAmortization": 84014000, "ebitda": 453339000, "ebitdaratio": 0.309664767034, "operatingIncome": 369325000, "operatingIncomeRatio": 0.252276861432, "totalOtherIncomeExpensesNet": 2725000, "incomeBeforeTax": 356301000, "incomeBeforeTaxRatio": 0.243380486036, "incomeTaxExpense": 85513000, "netIncome": 270788000, "netIncomeRatio": 0.18496865025, "eps": 0.54, "epsdiluted": 0.53, "weightedAverageShsOut": 499224000, "weightedAverageShsOutDil": 505135000, "link": "https://www.sec.gov/Archives/edgar/data/796343/000079634316000395/0000796343-16-000395-index.htm", "finalLink": "https://www.sec.gov/Archives/edgar/data/796343/000079634316000395/adbe10qq316.htm"}, {"date": "2016-06-03", "symbol": "ADBE", "fillingDate": "2016-06-29", "acceptedDate": "2016-06-29 16:04:56", "period": "Q2", "revenue": 1398709000, "costOfRevenue": 202079000, "grossProfit": 1196630000, "grossProfitRatio": 0.8555246302125746, "researchAndDevelopmentExpenses": 232484000, "generalAndAdministrativeExpenses": 138596000, "sellingAndMarketingExpenses": 462789000, "otherExpenses": 18522000, "operatingExpenses": 852391000, "costAndExpenses": 1054470000, "interestExpense": 17174000, "depreciationAndAmortization": 84461000, "ebitda": 428700000, "ebitdaratio": 0.306496919659, "operatingIncome": 344239000, "operatingIncomeRatio": 0.246111950377, "totalOtherIncomeExpensesNet": 6083000, "incomeBeforeTax": 329830000, "incomeBeforeTaxRatio": 0.235810307934, "incomeTaxExpense": 85756000, "netIncome": 244074000, "netIncomeRatio": 0.174499484882, "eps": 0.49, "epsdiluted": 0.49, "weightedAverageShsOut": 499534000, "weightedAverageShsOutDil": 505666000, "link": "https://www.sec.gov/Archives/edgar/data/796343/000079634316000352/0000796343-16-000352-index.htm", "finalLink": "https://www.sec.gov/Archives/edgar/data/796343/000079634316000352/adbe10qq216.htm"}, {"date": "2016-03-04", "symbol": "ADBE", "fillingDate": "2016-03-30", "acceptedDate": "2016-03-30 08:25:52", "period": "Q1", "revenue": 1383335000, "costOfRevenue": 198572000, "grossProfit": 1184763000, "grossProfitRatio": 0.856454148850423, "researchAndDevelopmentExpenses": 237204000, "generalAndAdministrativeExpenses": 146935000, "sellingAndMarketingExpenses": 474891000, "otherExpenses": 17975000, "operatingExpenses": 877005000, "costAndExpenses": 1075577000, "interestExpense": 18469000, "depreciationAndAmortization": 81200000, "ebitda": 388958000, "ebitdaratio": 0.281174119067, "operatingIncome": 307758000, "operatingIncomeRatio": 0.222475394608, "totalOtherIncomeExpensesNet": 4187000, "incomeBeforeTax": 292307000, "incomeBeforeTaxRatio": 0.211306010475, "incomeTaxExpense": 38000000, "netIncome": 254307000, "netIncomeRatio": 0.183836164053, "eps": 0.51, "epsdiluted": 0.5, "weightedAverageShsOut": 499125000, "weightedAverageShsOutDil": 505676000, "link": "https://www.sec.gov/Archives/edgar/data/796343/000079634316000290/0000796343-16-000290-index.htm", "finalLink": "https://www.sec.gov/Archives/edgar/data/796343/000079634316000290/adbe10qq116.htm"}, {"date": "2015-11-27", "symbol": "ADBE", "fillingDate": "2016-01-19", "acceptedDate": "2016-01-19 08:05:29", "period": "FY", "revenue": 1306404000, "costOfRevenue": 201361000, "grossProfit": 1105043000, "grossProfitRatio": 0.8458662098401414, "researchAndDevelopmentExpenses": 220514000, "generalAndAdministrativeExpenses": 134052000, "sellingAndMarketingExpenses": 441472000, "otherExpenses": 18571000, "operatingExpenses": 814609000, "costAndExpenses": 1015970000, "interestExpense": 16515000, "depreciationAndAmortization": 86359000, "ebitda": 376793000, "ebitdaratio": 0.288419968096, "operatingIncome": 290434000, "operatingIncomeRatio": 0.222315608342, "totalOtherIncomeExpensesNet": 6506000, "incomeBeforeTax": 296940000, "incomeBeforeTaxRatio": 0.227295691073, "incomeTaxExpense": 74235000, "netIncome": 222705000, "netIncomeRatio": 0.170471768304, "eps": 0.44, "epsdiluted": 0.44, "weightedAverageShsOut": 498764000, "weightedAverageShsOutDil": 507164000, "link": "https://www.sec.gov/Archives/edgar/data/796343/000079634316000224/0000796343-16-000224-index.htm", "finalLink": "https://www.sec.gov/Archives/edgar/data/796343/000079634316000224/adbe10kfy15.htm"}, {"date": "2015-08-28", "symbol": "ADBE", "fillingDate": "2015-09-23", "acceptedDate": "2015-09-23 16:10:37", "period": "Q3", "revenue": 1217768000, "costOfRevenue": 190985000, "grossProfit": 1026783000, "grossProfitRatio": 0.8431679925897215, "researchAndDevelopmentExpenses": 218660000, "generalAndAdministrativeExpenses": 122578000, "sellingAndMarketingExpenses": 422031000, "otherExpenses": 17495000, "operatingExpenses": 780764000, "costAndExpenses": 971749000, "interestExpense": 16519000, "depreciationAndAmortization": 87550000, "ebitda": 333569000, "ebitdaratio": 0.273918348979, "operatingIncome": 246019000, "operatingIncomeRatio": 0.202024523555, "totalOtherIncomeExpensesNet": 4433000, "incomeBeforeTax": 232619000, "incomeBeforeTaxRatio": 0.191020785568, "incomeTaxExpense": 58154000, "netIncome": 174465000, "netIncomeRatio": 0.143266205057, "eps": 0.35, "epsdiluted": 0.34, "weightedAverageShsOut": 498891000, "weightedAverageShsOutDil": 507124000, "link": "https://www.sec.gov/Archives/edgar/data/796343/000079634315000188/0000796343-15-000188-index.htm", "finalLink": "https://www.sec.gov/Archives/edgar/data/796343/000079634315000188/adbe10qq315.htm"}, {"date": "2015-05-29", "symbol": "ADBE", "fillingDate": "2015-06-24", "acceptedDate": "2015-06-24 16:04:07", "period": "Q2", "revenue": 1162158000, "costOfRevenue": 185173000, "grossProfit": 976985000, "grossProfitRatio": 0.8406645223799174, "researchAndDevelopmentExpenses": 208047000, "generalAndAdministrativeExpenses": 130208000, "sellingAndMarketingExpenses": 426998000, "otherExpenses": 18115000, "operatingExpenses": 783368000, "costAndExpenses": 968541000, "interestExpense": 16605000, "depreciationAndAmortization": 85929000, "ebitda": 279546000, "ebitdaratio": 0.240540442866, "operatingIncome": 193617000, "operatingIncomeRatio": 0.166601271084, "totalOtherIncomeExpensesNet": 3739000, "incomeBeforeTax": 180974000, "incomeBeforeTaxRatio": 0.155722371657, "incomeTaxExpense": 33481000, "netIncome": 147493000, "netIncomeRatio": 0.126913035921, "eps": 0.3, "epsdiluted": 0.29, "weightedAverageShsOut": 499022000, "weightedAverageShsOutDil": 507061000, "link": "https://www.sec.gov/Archives/edgar/data/796343/000079634315000151/0000796343-15-000151-index.htm", "finalLink": "https://www.sec.gov/Archives/edgar/data/796343/000079634315000151/adbe10qq215.htm"}, {"date": "2015-02-27", "symbol": "ADBE", "fillingDate": "2015-03-25", "acceptedDate": "2015-03-25 16:02:05", "period": "Q1", "revenue": 1109181000, "costOfRevenue": 166798000, "grossProfit": 942383000, "grossProfitRatio": 0.8496205759024, "researchAndDevelopmentExpenses": 215509000, "generalAndAdministrativeExpenses": 145081000, "sellingAndMarketingExpenses": 392741000, "otherExpenses": 16027000, "operatingExpenses": 769358000, "costAndExpenses": 936156000, "interestExpense": 14545000, "depreciationAndAmortization": 79635000, "ebitda": 252660000, "ebitdaratio": 0.227789693477, "operatingIncome": 173025000, "operatingIncomeRatio": 0.155993476268, "totalOtherIncomeExpensesNet": 3338000, "incomeBeforeTax": 163248000, "incomeBeforeTaxRatio": 0.147178864405, "incomeTaxExpense": 78360000, "netIncome": 84888000, "netIncomeRatio": 0.0765321439873, "eps": 0.17, "epsdiluted": 0.17, "weightedAverageShsOut": 498754000, "weightedAverageShsOutDil": 507526000, "link": "https://www.sec.gov/Archives/edgar/data/796343/000079634315000084/0000796343-15-000084-index.htm", "finalLink": "https://www.sec.gov/Archives/edgar/data/796343/000079634315000084/adbe10qq115.htm"}, {"date": "2014-11-28", "symbol": "ADBE", "fillingDate": "2015-01-20", "acceptedDate": "2015-01-20 06:42:30", "period": "FY", "revenue": 1073328000, "costOfRevenue": 160943000, "grossProfit": 912385000, "grossProfitRatio": 0.8500523605086237, "researchAndDevelopmentExpenses": 213687000, "generalAndAdministrativeExpenses": 133534000, "sellingAndMarketingExpenses": 408862000, "otherExpenses": 31797000, "operatingExpenses": 787880000, "costAndExpenses": 948823000, "interestExpense": 12678000, "depreciationAndAmortization": 78147000, "ebitda": 202652000, "ebitdaratio": 0.188807149352, "operatingIncome": 124505000, "operatingIncomeRatio": 0.115999023598, "totalOtherIncomeExpensesNet": 105000, "incomeBeforeTax": 112275000, "incomeBeforeTaxRatio": 0.10460455704127722, "incomeTaxExpense": 24139000, "netIncome": 88136000, "netIncomeRatio": 0.0821146937376, "eps": 0.18, "epsdiluted": 0.18, "weightedAverageShsOut": 497867000, "weightedAverageShsOutDil": 508480000, "link": "https://www.sec.gov/Archives/edgar/data/796343/000079634315000022/0000796343-15-000022-index.htm", "finalLink": "https://www.sec.gov/Archives/edgar/data/796343/000079634315000022/adbe10kfy14.htm"}, {"date": "2014-08-29", "symbol": "ADBE", "fillingDate": "2014-09-25", "acceptedDate": "2014-09-25 16:20:37", "period": "Q3", "revenue": 1005409000, "costOfRevenue": 157724000, "grossProfit": 847685000, "grossProfitRatio": 0.8431245393665663, "researchAndDevelopmentExpenses": 212049000, "generalAndAdministrativeExpenses": 141676000, "sellingAndMarketingExpenses": 406475000, "otherExpenses": 13309000, "operatingExpenses": 773509000, "costAndExpenses": 931233000, "interestExpense": 13361000, "depreciationAndAmortization": 80154000, "ebitda": 154330000, "ebitdaratio": 0.153499720014, "operatingIncome": 74176000, "operatingIncomeRatio": 0.0737769405287, "totalOtherIncomeExpensesNet": 1454000, "incomeBeforeTax": 62938000, "incomeBeforeTaxRatio": 0.0625993998462, "incomeTaxExpense": 18252000, "netIncome": 44686000, "netIncomeRatio": 0.0444455937832, "eps": 0.09, "epsdiluted": 0.08, "weightedAverageShsOut": 497782000, "weightedAverageShsOutDil": 508575000, "link": "https://www.sec.gov/Archives/edgar/data/796343/000079634314000092/0000796343-14-000092-index.htm", "finalLink": "https://www.sec.gov/Archives/edgar/data/796343/000079634314000092/adbe10qq314.htm"}, {"date": "2014-05-30", "symbol": "ADBE", "fillingDate": "2014-06-25", "acceptedDate": "2014-06-25 16:04:10", "period": "Q2", "revenue": 1068208000, "costOfRevenue": 154904000, "grossProfit": 913304000, "grossProfitRatio": 0.854987043721822, "researchAndDevelopmentExpenses": 209092000, "generalAndAdministrativeExpenses": 129138000, "sellingAndMarketingExpenses": 426830000, "otherExpenses": 12986000, "operatingExpenses": 778046000, "costAndExpenses": 932950000, "interestExpense": 17103000, "depreciationAndAmortization": 77653000, "ebitda": 212911000, "ebitdaratio": 0.199316050807, "operatingIncome": 135258000, "operatingIncomeRatio": 0.126621407067, "totalOtherIncomeExpensesNet": 2563000, "incomeBeforeTax": 121271000, "incomeBeforeTaxRatio": 0.11352751524, "incomeTaxExpense": 32744000, "netIncome": 88527000, "netIncomeRatio": 0.0828743091233, "eps": 0.18, "epsdiluted": 0.18, "weightedAverageShsOut": 497439000, "weightedAverageShsOutDil": 508227000, "link": "https://www.sec.gov/Archives/edgar/data/796343/000079634314000046/0000796343-14-000046-index.htm", "finalLink": "https://www.sec.gov/Archives/edgar/data/796343/000079634314000046/adbe10qq214.htm"}, {"date": "2014-02-28", "symbol": "ADBE", "fillingDate": "2014-03-28", "acceptedDate": "2014-03-28 16:01:15", "period": "Q1", "revenue": 1000120000, "costOfRevenue": 148509000, "grossProfit": 851611000, "grossProfitRatio": 0.851508818941727, "researchAndDevelopmentExpenses": 209525000, "generalAndAdministrativeExpenses": 138984000, "sellingAndMarketingExpenses": 410141000, "otherExpenses": 14215000, "operatingExpenses": 772865000, "costAndExpenses": 921374000, "interestExpense": 16590000, "depreciationAndAmortization": 77636000, "ebitda": 156382000, "ebitdaratio": 0.156363236412, "operatingIncome": 78746000, "operatingIncomeRatio": 0.0787365516138, "totalOtherIncomeExpensesNet": 3145000, "incomeBeforeTax": 64892000, "incomeBeforeTaxRatio": 0.0648842138943, "incomeTaxExpense": 17846000, "netIncome": 47046000, "netIncomeRatio": 0.0470403551574, "eps": 0.09, "epsdiluted": 0.09, "weightedAverageShsOut": 496948000, "weightedAverageShsOutDil": 508340000, "link": "https://www.sec.gov/Archives/edgar/data/796343/000079634314000023/0000796343-14-000023-index.htm", "finalLink": "https://www.sec.gov/Archives/edgar/data/796343/000079634314000023/adbe10qq114.htm"}, {"date": "2013-11-29", "symbol": "ADBE", "fillingDate": "2014-01-21", "acceptedDate": "2014-01-21 16:15:24", "period": "FY", "revenue": 1041699000, "costOfRevenue": 147516000, "grossProfit": 894183000, "grossProfitRatio": 0.8583890356043349, "researchAndDevelopmentExpenses": 205196000, "generalAndAdministrativeExpenses": 138358000, "sellingAndMarketingExpenses": 431540000, "otherExpenses": 16253000, "operatingExpenses": 791347000, "costAndExpenses": 938863000, "interestExpense": 16722000, "depreciationAndAmortization": 81350000, "ebitda": 184186000, "ebitdaratio": 0.176813071722, "operatingIncome": 102836000, "operatingIncomeRatio": 0.0987194957469, "totalOtherIncomeExpensesNet": 695000, "incomeBeforeTax": 88270000, "incomeBeforeTaxRatio": 0.08473656977687413, "incomeTaxExpense": 22950000, "netIncome": 65320000, "netIncomeRatio": 0.0627052536289, "eps": 0.13, "epsdiluted": 0.12, "weightedAverageShsOut": 501372000, "weightedAverageShsOutDil": 513476000, "link": "https://www.sec.gov/Archives/edgar/data/796343/000079634314000004/0000796343-14-000004-index.htm", "finalLink": "https://www.sec.gov/Archives/edgar/data/796343/000079634314000004/adbe10kfy13.htm"}, {"date": "2013-08-30", "symbol": "ADBE", "fillingDate": "2013-10-03", "acceptedDate": "2013-10-03 16:19:15", "period": "Q3", "revenue": 995119000, "costOfRevenue": 147076000, "grossProfit": 848043000, "grossProfitRatio": 0.8522026008949684, "researchAndDevelopmentExpenses": 208700000, "generalAndAdministrativeExpenses": 128043000, "sellingAndMarketingExpenses": 388673000, "otherExpenses": 12273000, "operatingExpenses": 737689000, "costAndExpenses": 884765000, "interestExpense": 16747000, "depreciationAndAmortization": 82175000, "ebitda": 192529000, "ebitdaratio": 0.193473343389, "operatingIncome": 110354000, "operatingIncomeRatio": 0.110895279861, "totalOtherIncomeExpensesNet": 1732000, "incomeBeforeTax": 93260000, "incomeBeforeTaxRatio": 0.0937174347993, "incomeTaxExpense": 10258000, "netIncome": 83002000, "netIncomeRatio": 0.0834091199143, "eps": 0.17, "epsdiluted": 0.16, "weightedAverageShsOut": 502039000, "weightedAverageShsOutDil": 513155000, "link": "https://www.sec.gov/Archives/edgar/data/796343/000079634313000058/0000796343-13-000058-index.htm", "finalLink": "https://www.sec.gov/Archives/edgar/data/796343/000079634313000058/adbe10qq313.htm"}, {"date": "2013-05-31", "symbol": "ADBE", "fillingDate": "2013-06-28", "acceptedDate": "2013-06-27 17:56:26", "period": "Q2", "revenue": 1010549000, "costOfRevenue": 135281000, "grossProfit": 875268000, "grossProfitRatio": 0.8661311821594004, "researchAndDevelopmentExpenses": 203097000, "generalAndAdministrativeExpenses": 120870000, "sellingAndMarketingExpenses": 402208000, "otherExpenses": 37784000, "operatingExpenses": 763959000, "costAndExpenses": 899240000, "interestExpense": 17205000, "depreciationAndAmortization": 80950000, "ebitda": 192259000, "ebitdaratio": 0.190252031322, "operatingIncome": 111309000, "operatingIncomeRatio": 0.110147058678, "totalOtherIncomeExpensesNet": 2514000, "incomeBeforeTax": 91127000, "incomeBeforeTaxRatio": 0.0901757361593, "incomeTaxExpense": 14581000, "netIncome": 76546000, "netIncomeRatio": 0.0757469454722, "eps": 0.15, "epsdiluted": 0.15, "weightedAverageShsOut": 500996000, "weightedAverageShsOutDil": 511535000, "link": "https://www.sec.gov/Archives/edgar/data/796343/000079634313000044/0000796343-13-000044-index.htm", "finalLink": "https://www.sec.gov/Archives/edgar/data/796343/000079634313000044/adbe10qq213.htm"}, {"date": "2013-03-01", "symbol": "ADBE", "fillingDate": "2013-03-28", "acceptedDate": "2013-03-28 16:09:09", "period": "Q1", "revenue": 1007873000, "costOfRevenue": 156684000, "grossProfit": 851189000, "grossProfitRatio": 0.8445399370754053, "researchAndDevelopmentExpenses": 209638000, "generalAndAdministrativeExpenses": 132853000, "sellingAndMarketingExpenses": 398033000, "otherExpenses": 12441000, "operatingExpenses": 752965000, "costAndExpenses": 909649000, "interestExpense": 16834000, "depreciationAndAmortization": 76752000, "ebitda": 174976000, "ebitdaratio": 0.173609174965, "operatingIncome": 98224000, "operatingIncomeRatio": 0.0974567232181, "totalOtherIncomeExpensesNet": 1246000, "incomeBeforeTax": 83484000, "incomeBeforeTaxRatio": 0.082831864729, "incomeTaxExpense": 18367000, "netIncome": 65117000, "netIncomeRatio": 0.0646083385506, "eps": 0.13, "epsdiluted": 0.13, "weightedAverageShsOut": 498607000, "weightedAverageShsOutDil": 507840000, "link": "https://www.sec.gov/Archives/edgar/data/796343/000079634313000033/0000796343-13-000033-index.htm", "finalLink": "https://www.sec.gov/Archives/edgar/data/796343/000079634313000033/adbe10qq113.htm"}, {"date": "2012-11-30", "symbol": "ADBE", "fillingDate": "2013-01-22", "acceptedDate": "2013-01-22 17:31:15", "period": "FY", "revenue": 1153428000, "costOfRevenue": 124978000, "grossProfit": 1028450000, "grossProfitRatio": 0.8916464660126163, "researchAndDevelopmentExpenses": 195047000, "generalAndAdministrativeExpenses": 111449000, "sellingAndMarketingExpenses": 402181000, "otherExpenses": 12008000, "operatingExpenses": 720685000, "costAndExpenses": 845663000, "interestExpense": 16767000, "depreciationAndAmortization": 78621000, "ebitda": 386386000, "ebitdaratio": 0.334989266777, "operatingIncome": 307765000, "operatingIncomeRatio": 0.266826364541, "totalOtherIncomeExpensesNet": -718000, "incomeBeforeTax": 290631000, "incomeBeforeTaxRatio": 0.251971514477, "incomeTaxExpense": 68298000, "netIncome": 222333000, "netIncomeRatio": 0.192758455664, "eps": 0.45, "epsdiluted": 0.44, "weightedAverageShsOut": 494731000, "weightedAverageShsOutDil": 502721000, "link": "https://www.sec.gov/Archives/edgar/data/796343/000079634313000008/0000796343-13-000008-index.htm", "finalLink": "https://www.sec.gov/Archives/edgar/data/796343/000079634313000008/adbe10kfy12.htm"}, {"date": "2012-08-31", "symbol": "ADBE", "fillingDate": "2012-09-27", "acceptedDate": "2012-09-27 16:35:48", "period": "Q3", "revenue": 1080580000, "costOfRevenue": 119621000, "grossProfit": 960959000, "grossProfitRatio": 0.8892992652094246, "researchAndDevelopmentExpenses": 189145000, "generalAndAdministrativeExpenses": 110249000, "sellingAndMarketingExpenses": 368556000, "otherExpenses": 14705000, "operatingExpenses": 682655000, "costAndExpenses": 802276000, "interestExpense": 17253000, "depreciationAndAmortization": 74110000, "ebitda": 352414000, "ebitdaratio": 0.326134113161, "operatingIncome": 278304000, "operatingIncomeRatio": 0.257550574691, "totalOtherIncomeExpensesNet": 1217000, "incomeBeforeTax": 263212000, "incomeBeforeTaxRatio": 0.243584001185, "incomeTaxExpense": 61855000, "netIncome": 201357000, "netIncomeRatio": 0.186341594329, "eps": 0.4, "epsdiluted": 0.41, "weightedAverageShsOut": 494672000, "weightedAverageShsOutDil": 502167000, "link": "https://www.sec.gov/Archives/edgar/data/796343/000079634312000029/0000796343-12-000029-index.htm", "finalLink": "https://www.sec.gov/Archives/edgar/data/796343/000079634312000029/adbe10qq312.htm"}, {"date": "2012-06-01", "symbol": "ADBE", "fillingDate": "2012-06-27", "acceptedDate": "2012-06-27 16:58:59", "period": "Q2", "revenue": 1124449000, "costOfRevenue": 130918000, "grossProfit": 993531000, "grossProfitRatio": 0.8835714203134157, "researchAndDevelopmentExpenses": 180903000, "generalAndAdministrativeExpenses": 110603000, "sellingAndMarketingExpenses": 386459000, "otherExpenses": 10423000, "operatingExpenses": 688388000, "costAndExpenses": 819306000, "interestExpense": 16629000, "depreciationAndAmortization": 77174000, "ebitda": 382317000, "ebitdaratio": 0.340003859668, "operatingIncome": 305143000, "operatingIncomeRatio": 0.271371133773, "totalOtherIncomeExpensesNet": -1128000, "incomeBeforeTax": 294574000, "incomeBeforeTaxRatio": 0.261971863553, "incomeTaxExpense": 70698000, "netIncome": 223876000, "netIncomeRatio": 0.199098402862, "eps": 0.46, "epsdiluted": 0.44, "weightedAverageShsOut": 494983000, "weightedAverageShsOutDil": 502154000, "link": "https://www.sec.gov/Archives/edgar/data/796343/000079634312000022/0000796343-12-000022-index.htm", "finalLink": "https://www.sec.gov/Archives/edgar/data/796343/000079634312000022/adbe10qq212.htm"}, {"date": "2012-03-02", "symbol": "ADBE", "fillingDate": "2012-03-30", "acceptedDate": "2012-03-29 19:45:02", "period": "Q1", "revenue": 1045220000, "costOfRevenue": 108265000, "grossProfit": 936955000, "grossProfitRatio": 0.8964189357264499, "researchAndDevelopmentExpenses": 177728000, "generalAndAdministrativeExpenses": 102681000, "sellingAndMarketingExpenses": 358963000, "otherExpenses": 8604000, "operatingExpenses": 647976000, "costAndExpenses": 756241000, "interestExpense": 16838000, "depreciationAndAmortization": 69861000, "ebitda": 358840000, "ebitdaratio": 0.343315282907, "operatingIncome": 288979000, "operatingIncomeRatio": 0.276476722604, "totalOtherIncomeExpensesNet": -2785000, "incomeBeforeTax": 270377000, "incomeBeforeTaxRatio": 0.258679512447, "incomeTaxExpense": 85168000, "netIncome": 185209000, "netIncomeRatio": 0.177196188362, "eps": 0.37, "epsdiluted": 0.37, "weightedAverageShsOut": 494016000, "weightedAverageShsOutDil": 500378000, "link": "https://www.sec.gov/Archives/edgar/data/796343/000079634312000013/0000796343-12-000013-index.htm", "finalLink": "https://www.sec.gov/Archives/edgar/data/796343/000079634312000013/adbe10qq112.htm"}, {"date": "2011-12-02", "symbol": "ADBE", "fillingDate": "2012-01-26", "acceptedDate": "2012-01-26 16:10:33", "period": "FY", "revenue": 1152161000, "costOfRevenue": 116379000, "grossProfit": 1035782000, "grossProfitRatio": 0.8989906792540279, "researchAndDevelopmentExpenses": 195403000, "generalAndAdministrativeExpenses": 119586000, "sellingAndMarketingExpenses": 368330000, "otherExpenses": 106332000, "operatingExpenses": 789651000, "costAndExpenses": 906030000, "interestExpense": 16774000, "depreciationAndAmortization": 73290000, "ebitda": 319421000, "ebitdaratio": 0.277236427895, "operatingIncome": 246131000, "operatingIncomeRatio": 0.213625526294, "totalOtherIncomeExpensesNet": -1351000, "incomeBeforeTax": 233180000, "incomeBeforeTaxRatio": 0.202384909748, "incomeTaxExpense": 59461000, "netIncome": 173719000, "netIncomeRatio": 0.150776670969, "eps": 0.35, "epsdiluted": 0.35, "weightedAverageShsOut": 497469000, "weightedAverageShsOutDil": 503921000, "link": "https://www.sec.gov/Archives/edgar/data/796343/000079634312000003/0000796343-12-000003-index.htm", "finalLink": "https://www.sec.gov/Archives/edgar/data/796343/000079634312000003/adbe10kfy11.htm"}, {"date": "2011-09-02", "symbol": "ADBE", "fillingDate": "2011-10-07", "acceptedDate": "2011-10-06 18:57:46", "period": "Q3", "revenue": 1013212000, "costOfRevenue": 104654000, "grossProfit": 908558000, "grossProfitRatio": 0.8967106587762482, "researchAndDevelopmentExpenses": 181039000, "generalAndAdministrativeExpenses": 98493000, "sellingAndMarketingExpenses": 340724000, "otherExpenses": 14192000, "operatingExpenses": 634448000, "costAndExpenses": 739102000, "interestExpense": 16431000, "depreciationAndAmortization": 64009000, "ebitda": 338119000, "ebitdaratio": 0.333710023174, "operatingIncome": 274110000, "operatingIncomeRatio": 0.270535682562, "totalOtherIncomeExpensesNet": 33000, "incomeBeforeTax": 256719000, "incomeBeforeTaxRatio": 0.253371456319, "incomeTaxExpense": 61618000, "netIncome": 195101000, "netIncomeRatio": 0.192556937739, "eps": 0.4, "epsdiluted": 0.39, "weightedAverageShsOut": 499451000, "weightedAverageShsOutDil": 506334000, "link": "https://www.sec.gov/Archives/edgar/data/796343/000079634311000015/0000796343-11-000015-index.htm", "finalLink": "https://www.sec.gov/Archives/edgar/data/796343/000079634311000015/adbe10qq311.htm"}, {"date": "2011-06-03", "symbol": "ADBE", "fillingDate": "2011-06-29", "acceptedDate": "2011-06-29 16:42:55", "period": "Q2", "revenue": 2050885000, "costOfRevenue": 216840000, "grossProfit": 1834045000, "grossProfitRatio": 0.8942700346435807, "researchAndDevelopmentExpenses": 361611000, "generalAndAdministrativeExpenses": 196526000, "sellingAndMarketingExpenses": 676768000, "otherExpenses": 20082000, "operatingExpenses": 1254987000, "costAndExpenses": 1471827000, "interestExpense": 33747000, "depreciationAndAmortization": 132906000, "ebitda": 711964000, "ebitdaratio": 0.347149645153, "operatingIncome": 579058000, "operatingIncomeRatio": 0.282345426487, "totalOtherIncomeExpensesNet": -839000, "incomeBeforeTax": 545331000, "incomeBeforeTaxRatio": 0.265900330833, "incomeTaxExpense": 81304000, "netIncome": 464027000, "netIncomeRatio": 0.226256957362, "eps": 0.92, "epsdiluted": 0.91, "weightedAverageShsOut": 501910000, "weightedAverageShsOutDil": 509572000, "link": "https://www.sec.gov/Archives/edgar/data/796343/000079634311000010/0000796343-11-000010-index.htm", "finalLink": "https://www.sec.gov/Archives/edgar/data/796343/000079634311000010/adbe10qq211.htm"}, {"date": "2011-03-04", "symbol": "ADBE", "fillingDate": "2011-04-08", "acceptedDate": "2011-04-07 19:38:56", "period": "Q1", "revenue": 1027706000, "costOfRevenue": 107639000, "grossProfit": 920067000, "grossProfitRatio": 0.8952628475458935, "researchAndDevelopmentExpenses": 178400000, "generalAndAdministrativeExpenses": 100979000, "sellingAndMarketingExpenses": 328078000, "otherExpenses": 10276000, "operatingExpenses": 617733000, "costAndExpenses": 725372000, "interestExpense": 0, "depreciationAndAmortization": 66286000, "ebitda": 368620000, "ebitdaratio": 0.35868234689687517, "operatingIncome": 302334000, "operatingIncomeRatio": 0.2941833559403176, "totalOtherIncomeExpensesNet": -817000, "incomeBeforeTax": 286087000, "incomeBeforeTaxRatio": 0.27837435998232957, "incomeTaxExpense": 51496000, "netIncome": 234591000, "netIncomeRatio": 0.22826664435159472, "eps": 0.47, "epsdiluted": 0.47, "weightedAverageShsOut": 501910000, "weightedAverageShsOutDil": 509572000, "link": "https://www.sec.gov/Archives/edgar/data/796343/000079634311000006/0000796343-11-000006-index.htm", "finalLink": "https://www.sec.gov/Archives/edgar/data/796343/000079634311000006/adbe10qq111.htm"}, {"date": "2010-12-03", "symbol": "ADBE", "fillingDate": "2011-01-27", "acceptedDate": "2011-01-27 13:14:29", "period": "FY", "revenue": 1007946000, "costOfRevenue": 107217000, "grossProfit": 900729000, "grossProfitRatio": 0.8936282300837545, "researchAndDevelopmentExpenses": 170378000, "generalAndAdministrativeExpenses": 100323000, "sellingAndMarketingExpenses": 322708000, "otherExpenses": 20377000, "operatingExpenses": 613786000, "costAndExpenses": 721003000, "interestExpense": 0, "depreciationAndAmortization": 76097000, "ebitda": 363040000, "ebitdaratio": 0.3601780254100914, "operatingIncome": 286943000, "operatingIncomeRatio": 0.28468092536703354, "totalOtherIncomeExpensesNet": 11234000, "incomeBeforeTax": 286011000, "incomeBeforeTaxRatio": 0.2837562726574638, "incomeTaxExpense": 17161000, "netIncome": 268850000, "netIncomeRatio": 0.26673055897835796, "eps": 1.49, "epsdiluted": 1.49, "weightedAverageShsOut": 501910000, "weightedAverageShsOutDil": 509572000, "link": "https://www.sec.gov/Archives/edgar/data/796343/000079634311000003/0000796343-11-000003-index.htm", "finalLink": "https://www.sec.gov/Archives/edgar/data/796343/000079634311000003/form_10k.htm"}, {"date": "2010-09-03", "symbol": "ADBE", "fillingDate": "2010-10-08", "acceptedDate": "2010-10-08 12:19:37", "period": "Q3", "revenue": 990319000, "costOfRevenue": 99084000, "grossProfit": 891235000, "grossProfitRatio": 0.8999473906892628, "researchAndDevelopmentExpenses": 168296000, "generalAndAdministrativeExpenses": 102177000, "sellingAndMarketingExpenses": 303219000, "otherExpenses": 80721000, "operatingExpenses": 1833368000, "costAndExpenses": 1932452000, "interestExpense": 0, "depreciationAndAmortization": 73154000, "ebitda": 375167000, "ebitdaratio": 0.3788344967631642, "operatingIncome": 302013000, "operatingIncomeRatio": 0.30496536974449645, "totalOtherIncomeExpensesNet": 7607000, "incomeBeforeTax": 296752000, "incomeBeforeTaxRatio": 0.29965294011323623, "incomeTaxExpense": 66687000, "netIncome": 230065000, "netIncomeRatio": 0.23231403214519766, "eps": 0.97, "epsdiluted": 0.97, "weightedAverageShsOut": 501910000, "weightedAverageShsOutDil": 509572000, "link": "https://www.sec.gov/Archives/edgar/data/796343/000079634310000014/0000796343-10-000014-index.htm", "finalLink": "https://www.sec.gov/Archives/edgar/data/796343/000079634310000014/form_10q.htm"}, {"date": "2010-06-04", "symbol": "ADBE", "fillingDate": "2010-07-02", "acceptedDate": "2010-07-01 20:02:36", "period": "Q2", "revenue": 943035000, "costOfRevenue": 107833000, "grossProfit": 835202000, "grossProfitRatio": 0.8856532366243034, "researchAndDevelopmentExpenses": 167318000, "generalAndAdministrativeExpenses": 89953000, "sellingAndMarketingExpenses": 320976000, "otherExpenses": -35521000, "operatingExpenses": -636229000, "costAndExpenses": -528396000, "interestExpense": 0, "depreciationAndAmortization": 74906000, "ebitda": 302191000, "ebitdaratio": 0.32044515845117094, "operatingIncome": 227285000, "operatingIncomeRatio": 0.24101438440778974, "totalOtherIncomeExpensesNet": -6313000, "incomeBeforeTax": 194173000, "incomeBeforeTaxRatio": 0.2059022199600227, "incomeTaxExpense": 45562000, "netIncome": 148611000, "netIncomeRatio": 0.15758800044537052, "eps": 0.53, "epsdiluted": 0.53, "weightedAverageShsOut": 501910000, "weightedAverageShsOutDil": 509572000, "link": "https://www.sec.gov/Archives/edgar/data/796343/000079634310000011/0000796343-10-000011-index.htm", "finalLink": "https://www.sec.gov/Archives/edgar/data/796343/000079634310000011/form_10q.htm"}, {"date": "2010-03-05", "symbol": "ADBE", "fillingDate": "2010-04-09", "acceptedDate": "2010-04-08 17:49:58", "period": "Q1", "revenue": 858700000, "costOfRevenue": 89368000, "grossProfit": 769332000, "grossProfitRatio": 0.8959264003726564, "researchAndDevelopmentExpenses": 174340000, "generalAndAdministrativeExpenses": 91046000, "sellingAndMarketingExpenses": 297294000, "otherExpenses": 29819000, "operatingExpenses": 592499000, "costAndExpenses": 681867000, "interestExpense": 0, "depreciationAndAmortization": 68581000, "ebitda": 245414000, "ebitdaratio": 0.2857971352043787, "operatingIncome": 176833000, "operatingIncomeRatio": 0.2059310585769186, "totalOtherIncomeExpensesNet": 611000, "incomeBeforeTax": 166215000, "incomeBeforeTaxRatio": 0.19356585536275767, "incomeTaxExpense": 39061000, "netIncome": 127154000, "netIncomeRatio": 0.14807732619075348, "eps": 0.24, "epsdiluted": 0.24, "weightedAverageShsOut": 501910000, "weightedAverageShsOutDil": 509572000, "link": "https://www.sec.gov/Archives/edgar/data/796343/000079634310000007/0000796343-10-000007-index.htm", "finalLink": "https://www.sec.gov/Archives/edgar/data/796343/000079634310000007/form_10q.htm"}, {"date": "2009-11-27", "symbol": "ADBE", "fillingDate": "2010-01-22", "acceptedDate": "2010-01-22 12:14:18", "period": "FY", "revenue": 757283000, "costOfRevenue": 82324000, "grossProfit": 674959000, "grossProfitRatio": 0.8912903102274843, "researchAndDevelopmentExpenses": 137852000, "generalAndAdministrativeExpenses": 74287000, "sellingAndMarketingExpenses": 257883000, "otherExpenses": 51295000, "operatingExpenses": 521317000, "costAndExpenses": 603641000, "interestExpense": 1535000, "depreciationAndAmortization": 85037000, "ebitda": 238679000, "ebitdaratio": 0.3151780774162367, "operatingIncome": 153642000, "operatingIncomeRatio": 0.20288584320524825, "totalOtherIncomeExpensesNet": 6627000, "incomeBeforeTax": 160212000, "incomeBeforeTaxRatio": 0.21156159586310533, "incomeTaxExpense": 192255000, "netIncome": -32043000, "netIncomeRatio": -0.04231311147879987, "eps": 0.74, "epsdiluted": 0.74, "weightedAverageShsOut": 501910000, "weightedAverageShsOutDil": 509572000, "link": "https://www.sec.gov/Archives/edgar/data/796343/000079634310000003/0000796343-10-000003-index.htm", "finalLink": "https://www.sec.gov/Archives/edgar/data/796343/000079634310000003/form_10k.htm"}, {"date": "2009-08-28", "symbol": "ADBE", "fillingDate": "2009-10-01", "acceptedDate": "2009-10-01 06:11:08", "period": "Q3", "revenue": 697507000, "costOfRevenue": 65047000, "grossProfit": 632460000, "grossProfitRatio": 0.9067435882363905, "researchAndDevelopmentExpenses": 138902000, "generalAndAdministrativeExpenses": 79593000, "sellingAndMarketingExpenses": 231320000, "otherExpenses": 15043000, "operatingExpenses": 464858000, "costAndExpenses": 529905000, "interestExpense": 460000, "depreciationAndAmortization": 63921000, "ebitda": 231523000, "ebitdaratio": 0.3319292852974952, "operatingIncome": 167602000, "operatingIncomeRatio": 0.24028719425038028, "totalOtherIncomeExpensesNet": 6667000, "incomeBeforeTax": 174416000, "incomeBeforeTaxRatio": 0.25005627183669843, "incomeTaxExpense": 38371000, "netIncome": 136045000, "netIncomeRatio": 0.19504463754485618, "eps": 0.79, "epsdiluted": 0.79, "weightedAverageShsOut": 501910000, "weightedAverageShsOutDil": 509572000, "link": "https://www.sec.gov/Archives/edgar/data/796343/000079634309000032/0000796343-09-000032-index.htm", "finalLink": "https://www.sec.gov/Archives/edgar/data/796343/000079634309000032/form_10q.htm"}, {"date": "2009-05-29", "symbol": "ADBE", "fillingDate": "2009-06-26", "acceptedDate": "2009-06-25 21:16:46", "period": "Q2", "revenue": 704673000, "costOfRevenue": 72008000, "grossProfit": 632665000, "grossProfitRatio": 0.8978135958096876, "researchAndDevelopmentExpenses": 138470000, "generalAndAdministrativeExpenses": 70818000, "sellingAndMarketingExpenses": 243209000, "otherExpenses": 18815000, "operatingExpenses": 471312000, "costAndExpenses": 543320000, "interestExpense": 620000, "depreciationAndAmortization": 64725000, "ebitda": 226078000, "ebitdaratio": 0.320826823221551, "operatingIncome": 161353000, "operatingIncomeRatio": 0.22897570930062597, "totalOtherIncomeExpensesNet": 4802000, "incomeBeforeTax": 163730000, "incomeBeforeTaxRatio": 0.23234890509498732, "incomeTaxExpense": 37659000, "netIncome": 126071000, "netIncomeRatio": 0.1789070959154104, "eps": 0.54, "epsdiluted": 0.54, "weightedAverageShsOut": 501910000, "weightedAverageShsOutDil": 509572000, "link": "https://www.sec.gov/Archives/edgar/data/796343/000079634309000026/0000796343-09-000026-index.htm", "finalLink": "https://www.sec.gov/Archives/edgar/data/796343/000079634309000026/form_10q.htm"}, {"date": "2009-02-27", "symbol": "ADBE", "fillingDate": "2009-04-03", "acceptedDate": "2009-04-02 18:24:47", "period": "Q1", "revenue": 786390000, "costOfRevenue": 77353000, "grossProfit": 709037000, "grossProfitRatio": 0.901635320896756, "researchAndDevelopmentExpenses": 149917000, "generalAndAdministrativeExpenses": 74051000, "sellingAndMarketingExpenses": 249491000, "otherExpenses": 27662000, "operatingExpenses": 501121000, "costAndExpenses": 578474000, "interestExpense": 792000, "depreciationAndAmortization": 68740000, "ebitda": 276656000, "ebitdaratio": 0.35180508399140376, "operatingIncome": 207916000, "operatingIncomeRatio": 0.2643929856686886, "totalOtherIncomeExpensesNet": 13284000, "incomeBeforeTax": 203162000, "incomeBeforeTaxRatio": 0.2583476392120958, "incomeTaxExpense": 46727000, "netIncome": 156435000, "netIncomeRatio": 0.19892801281806738, "eps": 0.3, "epsdiluted": 0.3, "weightedAverageShsOut": 501910000, "weightedAverageShsOutDil": 509572000, "link": "https://www.sec.gov/Archives/edgar/data/796343/000079634309000021/0000796343-09-000021-index.htm", "finalLink": "https://www.sec.gov/Archives/edgar/data/796343/000079634309000021/form_10q.htm"}, {"date": "2008-11-28", "symbol": "ADBE", "fillingDate": "2009-01-23", "acceptedDate": "2009-01-23 15:10:49", "period": "FY", "revenue": 915301000000, "costOfRevenue": 86438000000, "grossProfit": 828863000000, "grossProfitRatio": 0.9055633064969885, "researchAndDevelopmentExpenses": 153148000000, "generalAndAdministrativeExpenses": 80128000000, "sellingAndMarketingExpenses": 275942000000, "otherExpenses": 46452000000, "operatingExpenses": 555670000000, "costAndExpenses": 642108000000, "interestExpense": 1992000000, "depreciationAndAmortization": 270269000000, "ebitda": 543462000000, "ebitdaratio": 0.5937522192153183, "operatingIncome": 273193000000, "operatingIncomeRatio": 0.2984733983684056, "totalOtherIncomeExpensesNet": 9069000000, "incomeBeforeTax": 276344000000, "incomeBeforeTaxRatio": 0.30191598173715534, "incomeTaxExpense": 30427000000, "netIncome": 245917000000, "netIncomeRatio": 0.26867336537379505, "eps": 1.62, "epsdiluted": 1.62, "weightedAverageShsOut": 539373000, "weightedAverageShsOutDil": 539373000, "link": "https://www.sec.gov/Archives/edgar/data/796343/000079634309000007/0000796343-09-000007-index.htm", "finalLink": "https://www.sec.gov/Archives/edgar/data/796343/000079634309000007/form_10k.htm"}, {"date": "2008-08-29", "symbol": "ADBE", "fillingDate": "2008-10-02", "acceptedDate": "2008-10-02 11:28:38", "period": "Q3", "revenue": 887257000, "costOfRevenue": 110851000, "grossProfit": 776406000, "grossProfitRatio": 0.8750632567564979, "researchAndDevelopmentExpenses": 170124000, "generalAndAdministrativeExpenses": 97156000, "sellingAndMarketingExpenses": 271439000, "otherExpenses": 18218000, "operatingExpenses": 556937000, "costAndExpenses": 667788000, "interestExpense": 2390000, "depreciationAndAmortization": -137858000, "ebitda": 81611000, "ebitdaratio": 0.09198124106093274, "operatingIncome": 219469000, "operatingIncomeRatio": 0.247356741056988, "totalOtherIncomeExpensesNet": 9338000, "incomeBeforeTax": 228514000, "incomeBeforeTaxRatio": 0.2575510815919176, "incomeTaxExpense": 36906000, "netIncome": 191608000, "netIncomeRatio": 0.21595546724342551, "eps": 1.15, "epsdiluted": 1.15, "weightedAverageShsOut": 542624000, "weightedAverageShsOutDil": 542624000, "link": "https://www.sec.gov/Archives/edgar/data/796343/000079634308000007/0000796343-08-000007-index.htm", "finalLink": "https://www.sec.gov/Archives/edgar/data/796343/000079634308000007/form_10q.htm"}, {"date": "2008-05-08", "symbol": "ADBE", "fillingDate": "2008-07-03", "acceptedDate": "2008-07-03 10:37:22", "period": "Q2", "revenue": 886886000, "costOfRevenue": 82866000, "grossProfit": 804020000, "grossProfitRatio": 0.9065652180776335, "researchAndDevelopmentExpenses": 170300000, "generalAndAdministrativeExpenses": 77078000, "sellingAndMarketingExpenses": 279365000, "otherExpenses": 17099000, "operatingExpenses": 543842000, "costAndExpenses": 626708000, "interestExpense": 3828000, "depreciationAndAmortization": 68656000, "ebitda": 328834000, "ebitdaratio": 0.37077369583012926, "operatingIncome": 260178000, "operatingIncomeRatio": 0.29336126627323017, "totalOtherIncomeExpensesNet": 12150000, "incomeBeforeTax": 278006000, "incomeBeforeTaxRatio": 0.31346306064139023, "incomeTaxExpense": 63096000, "netIncome": 214910000, "netIncomeRatio": 0.24231975699244324, "eps": 0.79, "epsdiluted": 0.79, "weightedAverageShsOut": 547996000, "weightedAverageShsOutDil": 547996000, "link": "https://www.sec.gov/Archives/edgar/data/796343/000079634308000005/0000796343-08-000005-index.htm", "finalLink": "https://www.sec.gov/Archives/edgar/data/796343/000079634308000005/form10-q.htm"}, {"date": "2008-02-29", "symbol": "ADBE", "fillingDate": "2008-04-04", "acceptedDate": "2008-04-04 09:01:14", "period": "Q1", "revenue": 890445000, "costOfRevenue": 82475000, "grossProfit": 807970000, "grossProfitRatio": 0.9073777717882632, "researchAndDevelopmentExpenses": 168485000, "generalAndAdministrativeExpenses": 82929000, "sellingAndMarketingExpenses": 262595000, "otherExpenses": 18530000, "operatingExpenses": 532539000, "costAndExpenses": 615014000, "interestExpense": 1809000, "depreciationAndAmortization": 69202000, "ebitda": 344633000, "ebitdaratio": 0.3870345726013398, "operatingIncome": 275431000, "operatingIncomeRatio": 0.30931837452060484, "totalOtherIncomeExpensesNet": 13290000, "incomeBeforeTax": 295644000, "incomeBeforeTaxRatio": 0.33201826053265504, "incomeTaxExpense": 76265000, "netIncome": 219379000, "netIncomeRatio": 0.24637007339027114, "eps": 0.39, "epsdiluted": 0.39, "weightedAverageShsOut": 561113000, "weightedAverageShsOutDil": 561113000, "link": "https://www.sec.gov/Archives/edgar/data/796343/000104746908004108/0001047469-08-004108-index.htm", "finalLink": "https://www.sec.gov/Archives/edgar/data/796343/000104746908004108/a2183845z10-q.htm"}, {"date": "2007-11-30", "symbol": "ADBE", "fillingDate": "2008-01-24", "acceptedDate": "2008-01-24 11:15:53", "period": "FY", "revenue": 911211000, "costOfRevenue": 98596000, "grossProfit": 812615000, "grossProfitRatio": 0.891796740820732, "researchAndDevelopmentExpenses": 162847000, "generalAndAdministrativeExpenses": 274982000, "sellingAndMarketingExpenses": 282065000, "otherExpenses": -183111000, "operatingExpenses": 536783000, "costAndExpenses": 635379000, "interestExpense": 0, "depreciationAndAmortization": 78190000, "ebitda": 354022000, "ebitdaratio": 0.38851813685304504, "operatingIncome": 275832000, "operatingIncomeRatio": 0.30270925175398455, "totalOtherIncomeExpensesNet": 16780000, "incomeBeforeTax": 290677000, "incomeBeforeTaxRatio": 0.3190007583314951, "incomeTaxExpense": 68469000, "netIncome": 222208000, "netIncomeRatio": 0.24386009387507393, "eps": 1.24, "epsdiluted": 1.24, "weightedAverageShsOut": 584203000, "weightedAverageShsOutDil": 584203000, "link": "https://www.sec.gov/Archives/edgar/data/796343/000104746908000497/0001047469-08-000497-index.htm", "finalLink": "https://www.sec.gov/Archives/edgar/data/796343/000104746908000497/a2181848z10-k.htm"}, {"date": "2007-08-31", "symbol": "ADBE", "fillingDate": "2007-10-02", "acceptedDate": "2007-10-02 08:19:47", "period": "Q3", "revenue": 851686000, "costOfRevenue": 92621000, "grossProfit": 759065000, "grossProfitRatio": 0.8912498268141076, "researchAndDevelopmentExpenses": 163217000, "generalAndAdministrativeExpenses": -129872000, "sellingAndMarketingExpenses": 251243000, "otherExpenses": 219452000, "operatingExpenses": 504040000, "costAndExpenses": 596661000, "interestExpense": 0, "depreciationAndAmortization": 81764000, "ebitda": 336789000, "ebitdaratio": 0.39543799005736857, "operatingIncome": 255025000, "operatingIncomeRatio": 0.29943547269768434, "totalOtherIncomeExpensesNet": 22664000, "incomeBeforeTax": 276995000, "incomeBeforeTaxRatio": 0.3252313646109012, "incomeTaxExpense": 71752000, "netIncome": 205243000, "netIncomeRatio": 0.24098435338845536, "eps": 0.85, "epsdiluted": 0.85, "weightedAverageShsOut": 587141000, "weightedAverageShsOutDil": 587141000, "link": "https://www.sec.gov/Archives/edgar/data/796343/000110465907072546/0001104659-07-072546-index.htm", "finalLink": "https://www.sec.gov/Archives/edgar/data/796343/000110465907072546/a07-24893_110q.htm"}, {"date": "2007-06-01", "symbol": "ADBE", "fillingDate": "2007-07-10", "acceptedDate": "2007-07-09 18:10:15", "period": "Q2", "revenue": 745577000, "costOfRevenue": 91214000, "grossProfit": 654363000, "grossProfitRatio": 0.8776598527046837, "researchAndDevelopmentExpenses": 150049000, "generalAndAdministrativeExpenses": 68597000, "sellingAndMarketingExpenses": 236402000, "otherExpenses": 18924000, "operatingExpenses": 473972000, "costAndExpenses": 565186000, "interestExpense": 0, "depreciationAndAmortization": 87022000, "ebitda": 267413000, "ebitdaratio": 0.35866583867259855, "operatingIncome": 180391000, "operatingIncomeRatio": 0.24194818241442534, "totalOtherIncomeExpensesNet": 20563000, "incomeBeforeTax": 205116000, "incomeBeforeTaxRatio": 0.2751104178374601, "incomeTaxExpense": 52611000, "netIncome": 152505000, "netIncomeRatio": 0.20454627758098762, "eps": 0.5, "epsdiluted": 0.5, "weightedAverageShsOut": 588536000, "weightedAverageShsOutDil": 588536000, "link": "https://www.sec.gov/Archives/edgar/data/796343/000110465907053043/0001104659-07-053043-index.htm", "finalLink": "https://www.sec.gov/Archives/edgar/data/796343/000110465907053043/a07-18125_110q.htm"}, {"date": "2007-03-02", "symbol": "ADBE", "fillingDate": "2007-04-09", "acceptedDate": "2007-04-09 14:49:40", "period": "Q1", "revenue": 649407000, "costOfRevenue": 72263000, "grossProfit": 577144000, "grossProfitRatio": 0.8887246364760466, "researchAndDevelopmentExpenses": 137129000, "generalAndAdministrativeExpenses": 61275000, "sellingAndMarketingExpenses": 214678000, "otherExpenses": 17725000, "operatingExpenses": 430807000, "costAndExpenses": 503070000, "interestExpense": 0, "depreciationAndAmortization": 68488000, "ebitda": 214825000, "ebitdaratio": 0.3308017930204017, "operatingIncome": 146337000, "operatingIncomeRatio": 0.22533942504469462, "totalOtherIncomeExpensesNet": 22464000, "incomeBeforeTax": 174402000, "incomeBeforeTaxRatio": 0.26855577472986897, "incomeTaxExpense": 30551000, "netIncome": 143851000, "netIncomeRatio": 0.22151131724788922, "eps": 0.24, "epsdiluted": 0.24, "weightedAverageShsOut": 587969000, "weightedAverageShsOutDil": 587969000, "link": "https://www.sec.gov/Archives/edgar/data/796343/000110465907027003/0001104659-07-027003-index.htm", "finalLink": "https://www.sec.gov/Archives/edgar/data/796343/000110465907027003/a07-10007_110q.htm"}, {"date": "2006-12-01", "symbol": "ADBE", "fillingDate": "2007-02-05", "acceptedDate": "2007-02-05 17:21:51", "period": "FY", "revenue": 682175000, "costOfRevenue": 79625000, "grossProfit": 602550000, "grossProfitRatio": 0.8832777513101477, "researchAndDevelopmentExpenses": 138416000, "generalAndAdministrativeExpenses": 57791000, "sellingAndMarketingExpenses": 225727000, "otherExpenses": 17244000, "operatingExpenses": 439178000, "costAndExpenses": 518803000, "interestExpense": 0, "depreciationAndAmortization": 91013000, "ebitda": 254385000, "ebitdaratio": 0.3729028475098032, "operatingIncome": 163372000, "operatingIncomeRatio": 0.23948693517059405, "totalOtherIncomeExpensesNet": 19622000, "incomeBeforeTax": 247961000, "incomeBeforeTaxRatio": 0.36348590904093525, "incomeTaxExpense": 64717000, "netIncome": 183244000, "netIncomeRatio": 0.26861729028475095, "eps": 0.85, "epsdiluted": 0.85, "weightedAverageShsOut": 593750000, "weightedAverageShsOutDil": 593750000, "link": "https://www.sec.gov/Archives/edgar/data/796343/000110465907007286/0001104659-07-007286-index.htm", "finalLink": "https://www.sec.gov/Archives/edgar/data/796343/000110465907007286/a07-3000_110k.htm"}, {"date": "2006-09-01", "symbol": "ADBE", "fillingDate": "2006-10-11", "acceptedDate": "2006-10-11 17:24:38", "period": "Q3", "revenue": 602191000, "costOfRevenue": 69479000, "grossProfit": 532712000, "grossProfitRatio": 0.8846229850662, "researchAndDevelopmentExpenses": 130440000, "generalAndAdministrativeExpenses": 177324000, "sellingAndMarketingExpenses": 217203000, "otherExpenses": -102288000, "operatingExpenses": 422679000, "costAndExpenses": 492158000, "interestExpense": 0, "depreciationAndAmortization": 70448000, "ebitda": 180481000, "ebitdaratio": 0.299707235744141, "operatingIncome": 110033000, "operatingIncomeRatio": 0.18272109679487072, "totalOtherIncomeExpensesNet": 18092000, "incomeBeforeTax": 123012000, "incomeBeforeTaxRatio": 0.20427405922705585, "incomeTaxExpense": 28616000, "netIncome": 94396000, "netIncomeRatio": 0.15675425238836183, "eps": 0.54, "epsdiluted": 0.54, "weightedAverageShsOut": 594023000, "weightedAverageShsOutDil": 594023000, "link": "https://www.sec.gov/Archives/edgar/data/796343/000110465906066129/0001104659-06-066129-index.htm", "finalLink": "https://www.sec.gov/Archives/edgar/data/796343/000110465906066129/a06-20717_110q.htm"}, {"date": "2006-06-02", "symbol": "ADBE", "fillingDate": "2006-07-11", "acceptedDate": "2006-07-11 16:33:14", "period": "Q2", "revenue": 635456000, "costOfRevenue": 65607000, "grossProfit": 569849000, "grossProfitRatio": 0.8967560303152382, "researchAndDevelopmentExpenses": 133285000, "generalAndAdministrativeExpenses": -60297000, "sellingAndMarketingExpenses": 210399000, "otherExpenses": 138554000, "operatingExpenses": 421941000, "costAndExpenses": 487548000, "interestExpense": 0, "depreciationAndAmortization": 72578000, "ebitda": 220486000, "ebitdaratio": 0.34697288246550506, "operatingIncome": 147908000, "operatingIncomeRatio": 0.23275883774801087, "totalOtherIncomeExpensesNet": 13929000, "incomeBeforeTax": 164497000, "incomeBeforeTaxRatio": 0.25886450045321785, "incomeTaxExpense": 41400000, "netIncome": 123097000, "netIncomeRatio": 0.19371443498841776, "eps": 0.38, "epsdiluted": 0.38, "weightedAverageShsOut": 597679000, "weightedAverageShsOutDil": 597679000, "link": "https://www.sec.gov/Archives/edgar/data/796343/000110465906046450/0001104659-06-046450-index.htm", "finalLink": "https://www.sec.gov/Archives/edgar/data/796343/000110465906046450/a06-15114_110q.htm"}, {"date": "2006-03-03", "symbol": "ADBE", "fillingDate": "2006-04-12", "acceptedDate": "2006-04-12 09:38:28", "period": "Q1", "revenue": 655478000, "costOfRevenue": 77746000, "grossProfit": 577732000, "grossProfitRatio": 0.8813903746578833, "researchAndDevelopmentExpenses": 137543000, "generalAndAdministrativeExpenses": 60297000, "sellingAndMarketingExpenses": 213816000, "otherExpenses": 36096000, "operatingExpenses": 447752000, "costAndExpenses": 525498000, "interestExpense": 0, "depreciationAndAmortization": 73783000, "ebitda": 203763000, "ebitdaratio": 0.3108616917730267, "operatingIncome": 129980000, "operatingIncomeRatio": 0.1982980359371329, "totalOtherIncomeExpensesNet": 15542000, "incomeBeforeTax": 144257000, "incomeBeforeTaxRatio": 0.2200790873225341, "incomeTaxExpense": 39185000, "netIncome": 105072000, "netIncomeRatio": 0.16029828613622424, "eps": 0.18, "epsdiluted": 0.18, "weightedAverageShsOut": 598451000, "weightedAverageShsOutDil": 598451000, "link": "https://www.sec.gov/Archives/edgar/data/796343/000110465906024558/0001104659-06-024558-index.htm", "finalLink": "https://www.sec.gov/Archives/edgar/data/796343/000110465906024558/a06-8704_110q.htm"}, {"date": "2005-12-02", "symbol": "ADBE", "fillingDate": "2006-02-08", "acceptedDate": "2006-02-08 16:29:05", "period": "FY", "revenue": 510371000, "costOfRevenue": 30695000, "grossProfit": 479676000, "grossProfitRatio": 0.9398574762280772, "researchAndDevelopmentExpenses": 94647000, "generalAndAdministrativeExpenses": 45870000, "sellingAndMarketingExpenses": 147229000, "otherExpenses": 0, "operatingExpenses": 287746000, "costAndExpenses": 318441000, "interestExpense": 0, "depreciationAndAmortization": 16455000, "ebitda": 208385000, "ebitdaratio": 0.40830102023821885, "operatingIncome": 191930000, "operatingIncomeRatio": 0.37605976828620746, "totalOtherIncomeExpensesNet": 10291000, "incomeBeforeTax": 207219000, "incomeBeforeTaxRatio": 0.406016407672066, "incomeTaxExpense": 50968000, "netIncome": 156251000, "netIncomeRatio": 0.30615179937731574, "eps": 1.23, "epsdiluted": 1.23, "weightedAverageShsOut": 489921000, "weightedAverageShsOutDil": 489921000, "link": "https://www.sec.gov/Archives/edgar/data/796343/000104746906001601/0001047469-06-001601-index.htm", "finalLink": "https://www.sec.gov/Archives/edgar/data/796343/000104746906001601/a2167302z10-k.htm"}, {"date": "2005-09-02", "symbol": "ADBE", "fillingDate": "2005-10-05", "acceptedDate": "2005-10-05 15:58:50", "period": "Q3", "revenue": 959921000, "costOfRevenue": 54449000, "grossProfit": 905472000, "grossProfitRatio": 0.9432776238877991, "researchAndDevelopmentExpenses": 181272000, "generalAndAdministrativeExpenses": 120788000, "sellingAndMarketingExpenses": 291131000, "otherExpenses": -42019000, "operatingExpenses": 551172000, "costAndExpenses": 605621000, "interestExpense": 0, "depreciationAndAmortization": 17798000, "ebitda": 372098000, "ebitdaratio": 0.3876339823798, "operatingIncome": 354300000, "operatingIncomeRatio": 0.36909287326769596, "totalOtherIncomeExpensesNet": 20047000, "incomeBeforeTax": 370749000, "incomeBeforeTaxRatio": 0.3862286584000142, "incomeTaxExpense": 73939000, "netIncome": 296810000, "netIncomeRatio": 0.3092025281247103, "eps": 0.91, "epsdiluted": 0.91, "weightedAverageShsOut": 489017000, "weightedAverageShsOutDil": 489017000, "link": "https://www.sec.gov/Archives/edgar/data/796343/000110465905047297/0001104659-05-047297-index.htm", "finalLink": "https://www.sec.gov/Archives/edgar/data/796343/000110465905047297/a05-17166_110q.htm"}, {"date": "2005-06-03", "symbol": "ADBE", "fillingDate": "2005-07-07", "acceptedDate": "2005-07-07 15:30:27", "period": "Q2", "revenue": 23147000, "costOfRevenue": 465000, "grossProfit": 22682000, "grossProfitRatio": 0.9799110035857779, "researchAndDevelopmentExpenses": 2723000, "generalAndAdministrativeExpenses": -41132000, "sellingAndMarketingExpenses": 7580000, "otherExpenses": 42019000, "operatingExpenses": 11190000, "costAndExpenses": 11655000, "interestExpense": 0, "depreciationAndAmortization": 15128000, "ebitda": 26620000, "ebitdaratio": 1.150041042035685, "operatingIncome": 11492000, "operatingIncomeRatio": 0.4964790253596578, "totalOtherIncomeExpensesNet": 678000, "incomeBeforeTax": 11023000, "incomeBeforeTaxRatio": 0.47621722037413056, "incomeTaxExpense": 13139000, "netIncome": -2116000, "netIncomeRatio": -0.09141573422041734, "eps": 0.31, "epsdiluted": 0.31, "weightedAverageShsOut": 488765000, "weightedAverageShsOutDil": 488765000, "link": "https://www.sec.gov/Archives/edgar/data/796343/000104746905019021/0001047469-05-019021-index.htm", "finalLink": "https://www.sec.gov/Archives/edgar/data/796343/000104746905019021/a2160568z10-q.htm"}, {"date": "2005-03-04", "symbol": "ADBE", "fillingDate": "2005-04-12", "acceptedDate": "2005-04-12 15:12:41", "period": "Q1", "revenue": 472882000, "costOfRevenue": 26969000, "grossProfit": 445913000, "grossProfitRatio": 0.94296885903883, "researchAndDevelopmentExpenses": 86686000, "generalAndAdministrativeExpenses": 41132000, "sellingAndMarketingExpenses": 147383000, "otherExpenses": 0, "operatingExpenses": 275201000, "costAndExpenses": 302170000, "interestExpense": 0, "depreciationAndAmortization": 14954000, "ebitda": 185666000, "ebitdaratio": 0.39262649032951136, "operatingIncome": 170712000, "operatingIncomeRatio": 0.36100337927855153, "totalOtherIncomeExpensesNet": 7627000, "incomeBeforeTax": 176785000, "incomeBeforeTaxRatio": 0.37384590658980466, "incomeTaxExpense": 24891000, "netIncome": 151894000, "netIncomeRatio": 0.32120909656108715, "eps": 0.62, "epsdiluted": 0.62, "weightedAverageShsOut": 243130000, "weightedAverageShsOutDil": 243130000, "link": "https://www.sec.gov/Archives/edgar/data/796343/000104746905009915/0001047469-05-009915-index.htm", "finalLink": "https://www.sec.gov/Archives/edgar/data/796343/000104746905009915/a2155482z10-q.htm"}, {"date": "2004-12-03", "symbol": "ADBE", "fillingDate": "2005-02-02", "acceptedDate": "2005-02-02 13:35:09", "period": "FY", "revenue": 1262868000, "costOfRevenue": 80809000, "grossProfit": 1182059000, "grossProfitRatio": 0.9360115229778567, "researchAndDevelopmentExpenses": 231224000, "generalAndAdministrativeExpenses": 101151000, "sellingAndMarketingExpenses": 398204000, "otherExpenses": 0, "operatingExpenses": 730579000, "costAndExpenses": 811388000, "interestExpense": 0, "depreciationAndAmortization": 17801000, "ebitda": 469281000, "ebitdaratio": 0.3715994070639212, "operatingIncome": 451480000, "operatingIncomeRatio": 0.35750371376897666, "totalOtherIncomeExpensesNet": 12002000, "incomeBeforeTax": 467482000, "incomeBeforeTaxRatio": 0.37017487179974473, "incomeTaxExpense": 121545000, "netIncome": 345937000, "netIncomeRatio": 0.27392965852329776, "eps": 1.89, "epsdiluted": 1.89, "weightedAverageShsOut": 238829000, "weightedAverageShsOutDil": 238829000, "link": "https://www.sec.gov/Archives/edgar/data/796343/000104746905002143/0001047469-05-002143-index.htm", "finalLink": "https://www.sec.gov/Archives/edgar/data/796343/000104746905002143/a2150461z10-k.htm"}, {"date": "2004-09-03", "symbol": "ADBE", "fillingDate": "2004-10-07", "acceptedDate": "2004-10-07 13:42:22", "period": "Q3", "revenue": 403713000, "costOfRevenue": 23569000, "grossProfit": 380144000, "grossProfitRatio": 0.941619417754692, "researchAndDevelopmentExpenses": 80072000, "generalAndAdministrativeExpenses": 36819000, "sellingAndMarketingExpenses": 122939000, "otherExpenses": 0, "operatingExpenses": 239830000, "costAndExpenses": 263399000, "interestExpense": 0, "depreciationAndAmortization": 14828000, "ebitda": 155142000, "ebitdaratio": 0.3842878480504715, "operatingIncome": 140314000, "operatingIncomeRatio": 0.34755878557291936, "totalOtherIncomeExpensesNet": 2343000, "incomeBeforeTax": 141163000, "incomeBeforeTaxRatio": 0.34966176466945575, "incomeTaxExpense": 36702000, "netIncome": 104461000, "netIncomeRatio": 0.258750647118126, "eps": 0.44, "epsdiluted": 0.44, "weightedAverageShsOut": 238471000, "weightedAverageShsOutDil": 238471000, "link": "https://www.sec.gov/Archives/edgar/data/796343/000104746904030652/0001047469-04-030652-index.htm", "finalLink": "https://www.sec.gov/Archives/edgar/data/796343/000104746904030652/a2144543z10-q.htm"}, {"date": "2004-06-04", "symbol": "ADBE", "fillingDate": "2004-07-08", "acceptedDate": "2004-07-08 06:04:23", "period": "Q2", "revenue": 410085000, "costOfRevenue": 27255000, "grossProfit": 382830000, "grossProfitRatio": 0.9335381689162003, "researchAndDevelopmentExpenses": 76053000, "generalAndAdministrativeExpenses": 34377000, "sellingAndMarketingExpenses": 130561000, "otherExpenses": 0, "operatingExpenses": 240991000, "costAndExpenses": 268246000, "interestExpense": 0, "depreciationAndAmortization": 14741000, "ebitda": 156580000, "ebitdaratio": 0.38182328053940034, "operatingIncome": 141839000, "operatingIncomeRatio": 0.3458770742650914, "totalOtherIncomeExpensesNet": 5127000, "incomeBeforeTax": 147839000, "incomeBeforeTaxRatio": 0.36050818732701756, "incomeTaxExpense": 38438000, "netIncome": 109401000, "netIncomeRatio": 0.2667764000146311, "eps": 0.46, "epsdiluted": 0.46, "weightedAverageShsOut": 238619000, "weightedAverageShsOutDil": 238619000, "link": "https://www.sec.gov/Archives/edgar/data/796343/000104746904022731/0001047469-04-022731-index.htm", "finalLink": "https://www.sec.gov/Archives/edgar/data/796343/000104746904022731/a2139839z10-q.htm"}, {"date": "2004-03-05", "symbol": "ADBE", "fillingDate": "2004-04-07", "acceptedDate": "2004-04-07 15:22:32", "period": "Q1", "revenue": 423281000, "costOfRevenue": 24182000, "grossProfit": 399099000, "grossProfitRatio": 0.9428701028394849, "researchAndDevelopmentExpenses": 75071000, "generalAndAdministrativeExpenses": 33412000, "sellingAndMarketingExpenses": 127354000, "otherExpenses": 0, "operatingExpenses": 235837000, "costAndExpenses": 260019000, "interestExpense": 0, "depreciationAndAmortization": 13438000, "ebitda": 176700000, "ebitdaratio": 0.4174531812200406, "operatingIncome": 163262000, "operatingIncomeRatio": 0.38570594947564385, "totalOtherIncomeExpensesNet": 4032000, "incomeBeforeTax": 166263000, "incomeBeforeTaxRatio": 0.39279580231571937, "incomeTaxExpense": 43228000, "netIncome": 123035000, "netIncomeRatio": 0.2906697914624091, "eps": 0.52, "epsdiluted": 0.52, "weightedAverageShsOut": 238384000, "weightedAverageShsOutDil": 238384000, "link": "https://www.sec.gov/Archives/edgar/data/796343/000104746904011207/0001047469-04-011207-index.htm", "finalLink": "https://www.sec.gov/Archives/edgar/data/796343/000104746904011207/a2132987z10-q.htm"}, {"date": "2003-11-28", "symbol": "ADBE", "fillingDate": "2004-02-05", "acceptedDate": "2004-02-05 16:55:58", "period": "FY", "revenue": 975627000, "costOfRevenue": 70945000, "grossProfit": 904682000, "grossProfitRatio": 0.9272826602789795, "researchAndDevelopmentExpenses": 208166000, "generalAndAdministrativeExpenses": 92106000, "sellingAndMarketingExpenses": 317283000, "otherExpenses": 0, "operatingExpenses": 617450000, "costAndExpenses": 688395000, "interestExpense": 0, "depreciationAndAmortization": 12775000, "ebitda": 300007000, "ebitdaratio": 0.3075017399067472, "operatingIncome": 287232000, "operatingIncomeRatio": 0.2944075963457346, "totalOtherIncomeExpensesNet": 10962000, "incomeBeforeTax": 288315000, "incomeBeforeTaxRatio": 0.29551765172550576, "incomeTaxExpense": 86495000, "netIncome": 201820000, "netIncomeRatio": 0.2068618437169123, "eps": 1.14, "epsdiluted": 1.14, "weightedAverageShsOut": 234246000, "weightedAverageShsOutDil": 234246000, "link": "https://www.sec.gov/Archives/edgar/data/796343/000104746904003345/0001047469-04-003345-index.htm", "finalLink": "https://www.sec.gov/Archives/edgar/data/796343/000104746904003345/a2127850z10-k.htm"}, {"date": "2003-08-29", "symbol": "ADBE", "fillingDate": "2003-10-10", "acceptedDate": "2003-10-10 15:20:44", "period": "Q3", "revenue": 295766000, "costOfRevenue": 1279000, "grossProfit": 294487000, "grossProfitRatio": 0.9956756354685798, "researchAndDevelopmentExpenses": -303000, "generalAndAdministrativeExpenses": -179000, "sellingAndMarketingExpenses": 422000, "otherExpenses": 0, "operatingExpenses": -499000, "costAndExpenses": -1778000, "interestExpense": 0, "depreciationAndAmortization": 12182000, "ebitda": 12936000, "ebitdaratio": 0.043737278794722854, "operatingIncome": 754000, "operatingIncomeRatio": 0.0025493126322836297, "totalOtherIncomeExpensesNet": -927000, "incomeBeforeTax": 397000, "incomeBeforeTaxRatio": 0.0013422773408708235, "incomeTaxExpense": 119000, "netIncome": 278000, "netIncomeRatio": 0.0009399322437332215, "eps": 0.28, "epsdiluted": 0.28, "weightedAverageShsOut": 233364000, "weightedAverageShsOutDil": 233364000, "link": "https://www.sec.gov/Archives/edgar/data/796343/000104746903033124/0001047469-03-033124-index.htm", "finalLink": "https://www.sec.gov/Archives/edgar/data/796343/000104746903033124/a2119920z10-q.htm"}, {"date": "2003-05-30", "symbol": "ADBE", "fillingDate": "2003-07-08", "acceptedDate": "2003-07-08 16:37:35", "period": "Q2", "revenue": 23356000, "costOfRevenue": 23356000, "grossProfit": 296790, "grossProfitRatio": 12.707227264942627, "researchAndDevelopmentExpenses": 69117000, "generalAndAdministrativeExpenses": 30500000, "sellingAndMarketingExpenses": 105712000, "otherExpenses": 0, "operatingExpenses": 205329000, "costAndExpenses": 228685000, "interestExpense": 0, "depreciationAndAmortization": 12065000, "ebitda": 103526000, "ebitdaratio": 4.432522692241823, "operatingIncome": 91461000, "operatingIncomeRatio": 3.915953074156534, "totalOtherIncomeExpensesNet": 3885000, "incomeBeforeTax": 91780000, "incomeBeforeTaxRatio": 3.9296112348004795, "incomeTaxExpense": 27534000, "netIncome": 64246000, "netIncomeRatio": 2.7507278643603357, "eps": 0.28, "epsdiluted": 0.28, "weightedAverageShsOut": 232124000, "weightedAverageShsOutDil": 232124000, "link": "https://www.sec.gov/Archives/edgar/data/796343/000104746903023595/0001047469-03-023595-index.htm", "finalLink": "https://www.sec.gov/Archives/edgar/data/796343/000104746903023595/a2114287z10-q.htm"}, {"date": "2003-02-28", "symbol": "ADBE", "fillingDate": "2003-04-11", "acceptedDate": "2003-04-11 15:16:43", "period": "Q1", "revenue": 296895000, "costOfRevenue": 22362000000, "grossProfit": 274533000, "grossProfitRatio": 0.9246804425807104, "researchAndDevelopmentExpenses": 65956000, "generalAndAdministrativeExpenses": 30041000, "sellingAndMarketingExpenses": 98028000000, "otherExpenses": 0, "operatingExpenses": 194025000000, "costAndExpenses": 216387000000, "interestExpense": 0, "depreciationAndAmortization": 11992000000, "ebitda": 92500000000, "ebitdaratio": 0.3115579582007107, "operatingIncome": 80508000000, "operatingIncomeRatio": 0.27116657404132777, "totalOtherIncomeExpensesNet": 3649000000, "incomeBeforeTax": 77465000000, "incomeBeforeTaxRatio": 0.26091715926506004, "incomeTaxExpense": 23240000000, "netIncome": 54225000000, "netIncomeRatio": 0.18264032738847066, "eps": 0.23, "epsdiluted": 0.23, "weightedAverageShsOut": 231084000, "weightedAverageShsOutDil": 231084000, "link": "https://www.sec.gov/Archives/edgar/data/796343/000104746903013090/0001047469-03-013090-index.htm", "finalLink": "https://www.sec.gov/Archives/edgar/data/796343/000104746903013090/a2108094z10-q.htm"}, {"date": "2002-11-29", "symbol": "ADBE", "fillingDate": "2003-02-26", "acceptedDate": "2003-02-26 17:18:40", "period": "FY", "revenue": 879909000, "costOfRevenue": 72652000, "grossProfit": 807257000, "grossProfitRatio": 0.9174323708474399, "researchAndDevelopmentExpenses": 186336000, "generalAndAdministrativeExpenses": 81485000, "sellingAndMarketingExpenses": 286530000, "otherExpenses": 35349000, "operatingExpenses": 589700000, "costAndExpenses": 662352000, "interestExpense": 0, "depreciationAndAmortization": 17115000, "ebitda": 234672000, "ebitdaratio": 0.26670030650896853, "operatingIncome": 217557000, "operatingIncomeRatio": 0.2472494314753003, "totalOtherIncomeExpensesNet": 10706000, "incomeBeforeTax": 215276000, "incomeBeforeTaxRatio": 0.24465711795197004, "incomeTaxExpense": 71078000, "netIncome": 144198000, "netIncomeRatio": 0.1638783101434353, "eps": 0.81, "epsdiluted": 0.81, "weightedAverageShsOut": 236834000, "weightedAverageShsOutDil": 236834000, "link": "https://www.sec.gov/Archives/edgar/data/796343/000117494703000004/0001174947-03-000004-index.htm", "finalLink": "https://www.sec.gov/Archives/edgar/data/796343/000117494703000004/adobe_10kfy02.htm"}, {"date": "2002-08-30", "symbol": "ADBE", "fillingDate": "2002-10-15", "acceptedDate": "2002-10-15 10:06:07", "period": "Q3", "revenue": 284879000, "costOfRevenue": 31636000000, "grossProfit": 253243000, "grossProfitRatio": 0.8889493434054458, "researchAndDevelopmentExpenses": 5974600, "generalAndAdministrativeExpenses": 26649000, "sellingAndMarketingExpenses": 93837000000, "otherExpenses": 3541000000, "operatingExpenses": 183773000000, "costAndExpenses": 215409000000, "interestExpense": 0, "depreciationAndAmortization": 16841000000, "ebitda": 86311000000, "ebitdaratio": 0.3029742452058593, "operatingIncome": 69470000000, "operatingIncomeRatio": 0.24385791862510048, "totalOtherIncomeExpensesNet": 4141000000, "incomeBeforeTax": 69413000000, "incomeBeforeTaxRatio": 0.24365783367675398, "incomeTaxExpense": 22212000000, "netIncome": 47201000000, "netIncomeRatio": 0.165687888542153, "eps": 0.2, "epsdiluted": 0.2, "weightedAverageShsOut": 238010000, "weightedAverageShsOutDil": 238010000, "link": "https://www.sec.gov/Archives/edgar/data/796343/000091205702038573/0000912057-02-038573-index.htm", "finalLink": "https://www.sec.gov/Archives/edgar/data/796343/000091205702038573/a2090934z10-q.htm"}, {"date": "2002-05-31", "symbol": "ADBE", "fillingDate": "2002-07-15", "acceptedDate": "2002-07-12 20:33:49", "period": "Q2", "revenue": 494630000, "costOfRevenue": 4136000000, "grossProfit": 453270000, "grossProfitRatio": 0.9163819420576997, "researchAndDevelopmentExpenses": 3561000, "generalAndAdministrativeExpenses": 3467000, "sellingAndMarketingExpenses": 14580000000, "otherExpenses": -8900000000, "operatingExpenses": 12708000000, "costAndExpenses": 16844000000, "interestExpense": 0, "depreciationAndAmortization": 15722000000, "ebitda": 42785000000, "ebitdaratio": 0.8649899925196611, "operatingIncome": 27063000000, "operatingIncomeRatio": 0.5471362432525322, "totalOtherIncomeExpensesNet": -2194000000, "incomeBeforeTax": 6608000000, "incomeBeforeTaxRatio": 0.13359480824050302, "incomeTaxExpense": 2115000000, "netIncome": 4493000000, "netIncomeRatio": 0.09083557406546307, "eps": 0.23, "epsdiluted": 0.23, "weightedAverageShsOut": 238202000, "weightedAverageShsOutDil": 238202000, "link": "https://www.sec.gov/Archives/edgar/data/796343/000091205702027257/0000912057-02-027257-index.htm", "finalLink": "https://www.sec.gov/Archives/edgar/data/796343/000091205702027257/a2084217z10-q.htm"}, {"date": "2002-03-01", "symbol": "ADBE", "fillingDate": "2002-04-11", "acceptedDate": "2002-04-11 00:00:00", "period": "Q1", "revenue": 267896000, "costOfRevenue": 20997000000, "grossProfit": 246899000, "grossProfitRatio": 0.9216225699525189, "researchAndDevelopmentExpenses": 59297000, "generalAndAdministrativeExpenses": 25599000, "sellingAndMarketingExpenses": 89318000000, "otherExpenses": 8900000000, "operatingExpenses": 183114000000, "costAndExpenses": 204111000000, "interestExpense": 0, "depreciationAndAmortization": 13803000000, "ebitda": 77588000000, "ebitdaratio": 0.2896198524800669, "operatingIncome": 63785000000, "operatingIncomeRatio": 0.23809612685519754, "totalOtherIncomeExpensesNet": 4929000000, "incomeBeforeTax": 73247000000, "incomeBeforeTaxRatio": 0.2734158031474901, "incomeTaxExpense": 23439000000, "netIncome": 49808000000, "netIncomeRatio": 0.18592289545196644, "eps": 0.21, "epsdiluted": 0.21, "weightedAverageShsOut": 236581000, "weightedAverageShsOutDil": 236581000, "link": "https://www.sec.gov/Archives/edgar/data/796343/000091205702014581/0000912057-02-014581-index.htm", "finalLink": "https://www.sec.gov/Archives/edgar/data/796343/000091205702014581/a2076232z10-q.htm"}, {"date": "2001-11-30", "symbol": "ADBE", "fillingDate": "2002-02-21", "acceptedDate": "2002-02-21 00:00:00", "period": "FY", "revenue": 937602000, "costOfRevenue": 61410000, "grossProfit": 876192000, "grossProfitRatio": 0.9345031260598847, "researchAndDevelopmentExpenses": 169933000, "generalAndAdministrativeExpenses": 89596000, "sellingAndMarketingExpenses": 308273000, "otherExpenses": 22776000, "operatingExpenses": 590578000, "costAndExpenses": 651988000, "interestExpense": 0, "depreciationAndAmortization": 14190000, "ebitda": 299804000, "ebitdaratio": 0.3197561438648808, "operatingIncome": 285614000, "operatingIncomeRatio": 0.30462179048252885, "totalOtherIncomeExpensesNet": 15144000, "incomeBeforeTax": 246791000, "incomeBeforeTaxRatio": 0.2632150955309396, "incomeTaxExpense": 81441000, "netIncome": 165350000, "netIncomeRatio": 0.1763541460022483, "eps": 0.86, "epsdiluted": 0.86, "weightedAverageShsOut": 238461000, "weightedAverageShsOutDil": 238461000, "link": "https://www.sec.gov/Archives/edgar/data/796343/000091205702007164/0000912057-02-007164-index.htm", "finalLink": "https://www.sec.gov/Archives/edgar/data/796343/000091205702007164/a2069604z10-k.htm"}, {"date": "2001-08-31", "symbol": "ADBE", "fillingDate": "2001-10-11", "acceptedDate": "2001-10-11 00:00:00", "period": "Q3", "revenue": 292118000, "costOfRevenue": 20041000000, "grossProfit": 272077000, "grossProfitRatio": 0.9313941626329086, "researchAndDevelopmentExpenses": 54189000, "generalAndAdministrativeExpenses": 26030000, "sellingAndMarketingExpenses": 95447000000, "otherExpenses": 3568000000, "operatingExpenses": 179234000000, "costAndExpenses": 199275000000, "interestExpense": 0, "depreciationAndAmortization": 13787000000, "ebitda": 106630000000, "ebitdaratio": 0.3650237232899034, "operatingIncome": 92843000000, "operatingIncomeRatio": 0.3178270424965254, "totalOtherIncomeExpensesNet": 6744000000, "incomeBeforeTax": 60140000000, "incomeBeforeTaxRatio": 0.20587570776193181, "incomeTaxExpense": 19846000000, "netIncome": 40294000000, "netIncomeRatio": 0.1379374088553256, "eps": 0.17, "epsdiluted": 0.17, "weightedAverageShsOut": 238051000, "weightedAverageShsOutDil": 238051000, "link": "https://www.sec.gov/Archives/edgar/data/796343/000091205701535053/0000912057-01-535053-index.htm", "finalLink": "https://www.sec.gov/Archives/edgar/data/796343/000091205701535053/a2060753z10-q.htm"}, {"date": "2001-06-01", "symbol": "ADBE", "fillingDate": "2001-07-16", "acceptedDate": "2001-07-16 00:00:00", "period": "Q2", "revenue": 151240000, "costOfRevenue": 2343000000, "grossProfit": 127810000, "grossProfitRatio": 0.8450806664903465, "researchAndDevelopmentExpenses": 3910000, "generalAndAdministrativeExpenses": 705000000, "sellingAndMarketingExpenses": 5722000000, "otherExpenses": -1000000, "operatingExpenses": 10336000000, "costAndExpenses": 12679000000, "interestExpense": 0, "depreciationAndAmortization": 14476000000, "ebitda": 16921000000, "ebitdaratio": 1.118817773075906, "operatingIncome": 2445000000, "operatingIncomeRatio": 0.1616635810632108, "totalOtherIncomeExpensesNet": -1065000000, "incomeBeforeTax": -12613000000, "incomeBeforeTaxRatio": -0.8339724940491934, "incomeTaxExpense": -4162000000, "netIncome": -8451000000, "netIncomeRatio": -0.5587807458344354, "eps": 0.26, "epsdiluted": 0.26, "weightedAverageShsOut": 238163000, "weightedAverageShsOutDil": 238163000, "link": "https://www.sec.gov/Archives/edgar/data/796343/000091205701523851/0000912057-01-523851-index.htm", "finalLink": "https://www.sec.gov/Archives/edgar/data/796343/000091205701523851/a2052732z10-q.htm"}, {"date": "2001-03-02", "symbol": "ADBE", "fillingDate": "2001-04-13", "acceptedDate": "2001-04-13 00:00:00", "period": "Q1", "revenue": 328969000, "costOfRevenue": 20016000000, "grossProfit": 308953000, "grossProfitRatio": 0.9391553611434512, "researchAndDevelopmentExpenses": 55687000, "generalAndAdministrativeExpenses": 30370000, "sellingAndMarketingExpenses": 103860000000, "otherExpenses": 3582000000, "operatingExpenses": 193499000000, "costAndExpenses": 213515000000, "interestExpense": 0, "depreciationAndAmortization": 14192000000, "ebitda": 129646000000, "ebitdaratio": 0.3940979241205098, "operatingIncome": 115454000000, "operatingIncomeRatio": 0.35095708106234935, "totalOtherIncomeExpensesNet": 5697000000, "incomeBeforeTax": 104113000000, "incomeBeforeTaxRatio": 0.31648270809711554, "incomeTaxExpense": 34357000000, "netIncome": 69756000000, "netIncomeRatio": 0.2120442959670972, "eps": 0.29, "epsdiluted": 0.29, "weightedAverageShsOut": 240078000, "weightedAverageShsOutDil": 240078000, "link": "https://www.sec.gov/Archives/edgar/data/796343/000091205701508694/0000912057-01-508694-index.htm", "finalLink": "https://www.sec.gov/Archives/edgar/data/796343/000091205701508694/a2045034z10-q.htm"}, {"date": "2000-12-01", "symbol": "ADBE", "fillingDate": "2001-02-26", "acceptedDate": "2001-02-26 00:00:00", "period": "FY", "revenue": 355194000, "costOfRevenue": 22261000, "grossProfit": 332933000, "grossProfitRatio": 0.9373272071037236, "researchAndDevelopmentExpenses": 60270000, "generalAndAdministrativeExpenses": 31948000, "sellingAndMarketingExpenses": 113173000, "otherExpenses": 3850000, "operatingExpenses": 209241000, "costAndExpenses": 231502000, "interestExpense": 0, "depreciationAndAmortization": 12343000, "ebitda": 136035000, "ebitdaratio": 0.38298788830892416, "operatingIncome": 123692000, "operatingIncomeRatio": 0.3482378643783397, "totalOtherIncomeExpensesNet": 6511000, "incomeBeforeTax": 122784000, "incomeBeforeTaxRatio": 0.34568151489045423, "incomeTaxExpense": 43588000, "netIncome": 79196000, "netIncomeRatio": 0.22296547802046207, "eps": 1.21, "epsdiluted": 1.21, "weightedAverageShsOut": 238292000, "weightedAverageShsOutDil": 238292000, "link": "https://www.sec.gov/Archives/edgar/data/796343/000091205701006700/0000912057-01-006700-index.htm", "finalLink": "https://www.sec.gov/Archives/edgar/data/796343/000091205701006700/a2039309z10-k.htm"}, {"date": "2000-09-01", "symbol": "ADBE", "fillingDate": "2000-10-16", "acceptedDate": "2000-10-16 00:00:00", "period": "Q3", "revenue": 611099000, "costOfRevenue": 44390000000, "grossProfit": 566709000, "grossProfitRatio": 0.927360378596594, "researchAndDevelopmentExpenses": 119030000, "generalAndAdministrativeExpenses": 56660000, "sellingAndMarketingExpenses": 194393000000, "otherExpenses": 1746000000, "operatingExpenses": 371829000000, "costAndExpenses": 416219000000, "interestExpense": 0, "depreciationAndAmortization": 9864000000, "ebitda": 204744000000, "ebitdaratio": 0.3350422762923847, "operatingIncome": 194880000000, "operatingIncomeRatio": 0.3189008654898797, "totalOtherIncomeExpensesNet": 10807000000, "incomeBeforeTax": 219760000000, "incomeBeforeTaxRatio": 0.35961439963082903, "incomeTaxExpense": 76925000000, "netIncome": 142835000000, "netIncomeRatio": 0.23373463219543805, "eps": 1.75, "epsdiluted": 1.75, "weightedAverageShsOut": 118951000, "weightedAverageShsOutDil": 118951000, "link": "https://www.sec.gov/Archives/edgar/data/796343/000109238800500084/0001092388-00-500084-index.htm", "finalLink": "https://www.sec.gov/Archives/edgar/data/796343/000109238800500084/adobe_10qv3a.htm"}]