[{"date": "2020-03-31", "symbol": "ISRG", "fillingDate": "2020-04-17", "acceptedDate": "2020-04-17 17:22:31", "period": "Q1", "revenue": 900800000, "costOfRevenue": 296700000, "grossProfit": 604100000, "grossProfitRatio": 0.6706261101243339, "researchAndDevelopmentExpenses": 147100000, "generalAndAdministrativeExpenses": 308100000, "sellingAndMarketingExpenses": 0.0, "otherExpenses": 0.0, "operatingExpenses": 455200000, "costAndExpenses": 751900000, "interestExpense": 0.0, "depreciationAndAmortization": 67300000, "ebitda": 350300000, "ebitdaratio": 0.388876554174, "operatingIncome": 283000000, "operatingIncomeRatio": 0.314165186501, "totalOtherIncomeExpensesNet": 25100000, "incomeBeforeTax": 308100000, "incomeBeforeTaxRatio": 0.342029307282, "incomeTaxExpense": -8100000.0, "netIncome": 313500000, "netIncomeRatio": 0.348023978686, "eps": 2.69, "epsdiluted": 2.62, "weightedAverageShsOut": 116400000, "weightedAverageShsOutDil": 119800000, "link": "https://www.sec.gov/Archives/edgar/data/1035267/000103526720000075/0001035267-20-000075-index.htm", "finalLink": "https://www.sec.gov/Archives/edgar/data/1035267/000103526720000075/isrg-20200331.htm"}, {"date": "2019-12-31", "symbol": "ISRG", "fillingDate": "2020-02-07", "acceptedDate": "2020-02-07 17:18:28", "period": "FY", "revenue": 1087400000, "costOfRevenue": 312000000, "grossProfit": 775400000, "grossProfitRatio": 0.7130770645576605, "researchAndDevelopmentExpenses": 156600000, "generalAndAdministrativeExpenses": 341800000, "sellingAndMarketingExpenses": 0.0, "otherExpenses": -1000000.0, "operatingExpenses": 498400000, "costAndExpenses": 810400000, "interestExpense": 0.0, "depreciationAndAmortization": 67100000, "ebitda": 464700000, "ebitdaratio": 0.427349641346, "operatingIncome": 397600000, "operatingIncomeRatio": 0.36564281773, "totalOtherIncomeExpensesNet": 34100000, "incomeBeforeTax": 431700000, "incomeBeforeTaxRatio": 0.397002023175, "incomeTaxExpense": 69000000, "netIncome": 357700000, "netIncomeRatio": 0.328949788486, "eps": 3.09, "epsdiluted": 2.98, "weightedAverageShsOut": 115400000, "weightedAverageShsOutDil": 119500000, "link": "https://www.sec.gov/Archives/edgar/data/1035267/000103526720000032/0001035267-20-000032-index.htm", "finalLink": "https://www.sec.gov/Archives/edgar/data/1035267/000103526720000032/isrg-20191231.htm"}, {"date": "2019-09-30", "symbol": "ISRG", "fillingDate": "2019-10-18", "acceptedDate": "2019-10-18 17:18:46", "period": "Q3", "revenue": 594300000, "costOfRevenue": 163100000, "grossProfit": 431200000, "grossProfitRatio": 0.7255594817432274, "researchAndDevelopmentExpenses": 135900000, "generalAndAdministrativeExpenses": 284000000, "sellingAndMarketingExpenses": 0.0, "otherExpenses": 0.0, "operatingExpenses": 419900000, "costAndExpenses": 583000000, "interestExpense": 0.0, "depreciationAndAmortization": 60800000, "ebitda": 426500000, "ebitdaratio": 0.717651018004, "operatingIncome": 365700000, "operatingIncomeRatio": 0.615345784957, "totalOtherIncomeExpensesNet": 33300000, "incomeBeforeTax": 394600000, "incomeBeforeTaxRatio": 0.663974423692, "incomeTaxExpense": 300000.0, "netIncome": 396800000, "netIncomeRatio": 0.667676257782, "eps": 3.44, "epsdiluted": 3.33, "weightedAverageShsOut": 115300000, "weightedAverageShsOutDil": 119400000, "link": "https://www.sec.gov/Archives/edgar/data/1035267/000103526719000139/0001035267-19-000139-index.htm", "finalLink": "https://www.sec.gov/Archives/edgar/data/1035267/000103526719000139/isrg-20190930.htm"}, {"date": "2019-06-30", "symbol": "ISRG", "fillingDate": "2019-07-22", "acceptedDate": "2019-07-19 17:35:46", "period": "Q2", "revenue": 1098900000, "costOfRevenue": 339900000, "grossProfit": 759000000, "grossProfitRatio": 0.6906906906906907, "researchAndDevelopmentExpenses": 120800000, "generalAndAdministrativeExpenses": 279200000, "sellingAndMarketingExpenses": 0.0, "otherExpenses": 1000000.0, "operatingExpenses": 400000000, "costAndExpenses": 739900000, "interestExpense": 0.0, "depreciationAndAmortization": 48600000, "ebitda": 407600000, "ebitdaratio": 0.370916370916, "operatingIncome": 359000000, "operatingIncomeRatio": 0.32669032669, "totalOtherIncomeExpensesNet": 32800000, "incomeBeforeTax": 396200000, "incomeBeforeTaxRatio": 0.360542360542, "incomeTaxExpense": 75400000, "netIncome": 318300000, "netIncomeRatio": 0.289653289653, "eps": 2.75, "epsdiluted": 2.67, "weightedAverageShsOut": 115200000, "weightedAverageShsOutDil": 119400000, "link": "https://www.sec.gov/Archives/edgar/data/1035267/000103526719000088/0001035267-19-000088-index.htm", "finalLink": "https://www.sec.gov/Archives/edgar/data/1035267/000103526719000088/isrg-20190630x10q.htm"}, {"date": "2019-03-31", "symbol": "ISRG", "fillingDate": "2019-04-19", "acceptedDate": "2019-04-19 16:57:32", "period": "Q1", "revenue": 973700000, "costOfRevenue": 304100000, "grossProfit": 669600000, "grossProfitRatio": 0.6876861456300709, "researchAndDevelopmentExpenses": 144000000, "generalAndAdministrativeExpenses": 273400000, "sellingAndMarketingExpenses": 0.0, "otherExpenses": 0.0, "operatingExpenses": 417400000, "costAndExpenses": 721500000, "interestExpense": 0.0, "depreciationAndAmortization": 45600000, "ebitda": 297800000, "ebitdaratio": 0.305843689021, "operatingIncome": 252200000, "operatingIncomeRatio": 0.259012016021, "totalOtherIncomeExpensesNet": 27500000, "incomeBeforeTax": 279700000, "incomeBeforeTaxRatio": 0.287254801273, "incomeTaxExpense": -24000000, "netIncome": 306500000, "netIncomeRatio": 0.314778679265, "eps": 2.67, "epsdiluted": 2.56, "weightedAverageShsOut": 115000000, "weightedAverageShsOutDil": 119600000, "link": "https://www.sec.gov/Archives/edgar/data/1035267/000103526719000038/0001035267-19-000038-index.htm", "finalLink": "https://www.sec.gov/Archives/edgar/data/1035267/000103526719000038/isrg-20190331x10q.htm"}, {"date": "2018-12-31", "symbol": "ISRG", "fillingDate": "2019-02-04", "acceptedDate": "2019-02-04 17:27:54", "period": "FY", "revenue": 1046500000, "costOfRevenue": 310800000, "grossProfit": 735700000, "grossProfitRatio": 0.703010033444816, "researchAndDevelopmentExpenses": 119900000, "generalAndAdministrativeExpenses": 283800000, "sellingAndMarketingExpenses": 0.0, "otherExpenses": -1000000.0, "operatingExpenses": 403700000, "costAndExpenses": 714500000, "interestExpense": 0.0, "depreciationAndAmortization": 40400000, "ebitda": 372400000, "ebitdaratio": 0.355852842809, "operatingIncome": 332000000, "operatingIncomeRatio": 0.317247969422, "totalOtherIncomeExpensesNet": 26800000, "incomeBeforeTax": 358800000, "incomeBeforeTaxRatio": 0.342857142857, "incomeTaxExpense": 67500000, "netIncome": 292500000, "netIncomeRatio": 0.27950310559, "eps": 2.55, "epsdiluted": 2.45, "weightedAverageShsOut": 113700000, "weightedAverageShsOutDil": 118800000, "link": "https://www.sec.gov/Archives/edgar/data/1035267/000103526719000012/0001035267-19-000012-index.htm", "finalLink": "https://www.sec.gov/Archives/edgar/data/1035267/000103526719000012/isrg-20181231x10k.htm"}, {"date": "2018-09-30", "symbol": "ISRG", "fillingDate": "2018-10-22", "acceptedDate": "2018-10-19 19:30:07", "period": "Q3", "revenue": 920900000, "costOfRevenue": 278600000, "grossProfit": 642300000, "grossProfitRatio": 0.6974698664350092, "researchAndDevelopmentExpenses": 107600000, "generalAndAdministrativeExpenses": 221400000, "sellingAndMarketingExpenses": 0.0, "otherExpenses": 0.0, "operatingExpenses": 329000000, "costAndExpenses": 607600000, "interestExpense": 0.0, "depreciationAndAmortization": 35100000, "ebitda": 348400000, "ebitdaratio": 0.378325551091, "operatingIncome": 313300000, "operatingIncomeRatio": 0.340210663481, "totalOtherIncomeExpensesNet": 21900000, "incomeBeforeTax": 335200000, "incomeBeforeTaxRatio": 0.363991747204, "incomeTaxExpense": 43400000, "netIncome": 292500000, "netIncomeRatio": 0.317624063416, "eps": 2.57, "epsdiluted": 2.45, "weightedAverageShsOut": 113400000, "weightedAverageShsOutDil": 118600000, "link": "https://www.sec.gov/Archives/edgar/data/1035267/000103526718000127/0001035267-18-000127-index.htm", "finalLink": "https://www.sec.gov/Archives/edgar/data/1035267/000103526718000127/isrg-20180930x10q.htm"}, {"date": "2018-06-30", "symbol": "ISRG", "fillingDate": "2018-07-20", "acceptedDate": "2018-07-20 16:34:50", "period": "Q2", "revenue": 909300000, "costOfRevenue": 277000000, "grossProfit": 632300000, "grossProfitRatio": 0.6953700648850765, "researchAndDevelopmentExpenses": 95100000, "generalAndAdministrativeExpenses": 259800000, "sellingAndMarketingExpenses": 0.0, "otherExpenses": 0.0, "operatingExpenses": 354900000, "costAndExpenses": 631900000, "interestExpense": 0.0, "depreciationAndAmortization": 31800000, "ebitda": 309200000, "ebitdaratio": 0.340041790388, "operatingIncome": 277400000, "operatingIncomeRatio": 0.305069833938, "totalOtherIncomeExpensesNet": 18200000, "incomeBeforeTax": 295600000, "incomeBeforeTaxRatio": 0.325085230397, "incomeTaxExpense": 41000000, "netIncome": 255300000, "netIncomeRatio": 0.280765423952, "eps": 2.25, "epsdiluted": 2.15, "weightedAverageShsOut": 113200000, "weightedAverageShsOutDil": 118300000, "link": "https://www.sec.gov/Archives/edgar/data/1035267/000103526718000084/0001035267-18-000084-index.htm", "finalLink": "https://www.sec.gov/Archives/edgar/data/1035267/000103526718000084/isrg-20180630x10q.htm"}, {"date": "2018-03-31", "symbol": "ISRG", "fillingDate": "2018-04-18", "acceptedDate": "2018-04-18 17:23:18", "period": "Q1", "revenue": 847500000, "costOfRevenue": 253700000, "grossProfit": 593800000, "grossProfitRatio": 0.7006489675516224, "researchAndDevelopmentExpenses": 95500000, "generalAndAdministrativeExpenses": 221600000, "sellingAndMarketingExpenses": 0.0, "otherExpenses": 1000000.0, "operatingExpenses": 317100000, "costAndExpenses": 570800000, "interestExpense": 0.0, "depreciationAndAmortization": 24300000, "ebitda": 301000000, "ebitdaratio": 0.355162241888, "operatingIncome": 276700000, "operatingIncomeRatio": 0.326489675516, "totalOtherIncomeExpensesNet": 13200000, "incomeBeforeTax": 289900000, "incomeBeforeTaxRatio": 0.342064896755, "incomeTaxExpense": 2600000.0, "netIncome": 287600000, "netIncomeRatio": 0.339351032448, "eps": 2.55, "epsdiluted": 2.44, "weightedAverageShsOut": 112800000, "weightedAverageShsOutDil": 118000000, "link": "https://www.sec.gov/Archives/edgar/data/1035267/000103526718000048/0001035267-18-000048-index.htm", "finalLink": "https://www.sec.gov/Archives/edgar/data/1035267/000103526718000048/isrg-20180331x10q.htm"}, {"date": "2017-12-31", "symbol": "ISRG", "fillingDate": "2018-02-02", "acceptedDate": "2018-02-02 17:18:02", "period": "FY", "revenue": 892400000, "costOfRevenue": 259100000, "grossProfit": 633300000, "grossProfitRatio": 0.7096593455849395, "researchAndDevelopmentExpenses": 87100000, "generalAndAdministrativeExpenses": 219200000, "sellingAndMarketingExpenses": 0.0, "otherExpenses": 0.0, "operatingExpenses": 306300000, "costAndExpenses": 565400000, "interestExpense": 0.0, "depreciationAndAmortization": 23200000, "ebitda": 350200000, "ebitdaratio": 0.39242492156, "operatingIncome": 327000000, "operatingIncomeRatio": 0.366427610937, "totalOtherIncomeExpensesNet": 12300000, "incomeBeforeTax": 339300000, "incomeBeforeTaxRatio": 0.380210667862, "incomeTaxExpense": 378100000, "netIncome": -38000000, "netIncomeRatio": -0.042600896860986545, "eps": -0.35, "epsdiluted": -0.36, "weightedAverageShsOut": 111700000, "weightedAverageShsOutDil": 116300000, "link": "https://www.sec.gov/Archives/edgar/data/1035267/000103526718000013/0001035267-18-000013-index.htm", "finalLink": "https://www.sec.gov/Archives/edgar/data/1035267/000103526718000013/isrg-20171231x10k.htm"}, {"date": "2017-09-30", "symbol": "ISRG", "fillingDate": "2017-10-20", "acceptedDate": "2017-10-20 16:49:57", "period": "Q3", "revenue": 806100000, "costOfRevenue": 239300000, "grossProfit": 566800000, "grossProfitRatio": 0.7031385684158293, "researchAndDevelopmentExpenses": 83400000, "generalAndAdministrativeExpenses": 204800000, "sellingAndMarketingExpenses": 0.0, "otherExpenses": 0.0, "operatingExpenses": 288200000, "costAndExpenses": 527500000, "interestExpense": 0.0, "depreciationAndAmortization": 19500000, "ebitda": 298100000, "ebitdaratio": 0.369805235082, "operatingIncome": 278600000, "operatingIncomeRatio": 0.345614688004, "totalOtherIncomeExpensesNet": 10800000, "incomeBeforeTax": 289400000, "incomeBeforeTaxRatio": 0.359012529463, "incomeTaxExpense": -8000000.0, "netIncome": 297500000, "netIncomeRatio": 0.369060910557, "eps": -4.53, "epsdiluted": -4.39, "weightedAverageShsOut": 111600000, "weightedAverageShsOutDil": 115900000, "link": "https://www.sec.gov/Archives/edgar/data/1035267/000103526717000147/0001035267-17-000147-index.htm", "finalLink": "https://www.sec.gov/Archives/edgar/data/1035267/000103526717000147/isrg-20170930x10q.htm"}, {"date": "2017-06-30", "symbol": "ISRG", "fillingDate": "2017-07-21", "acceptedDate": "2017-07-21 16:39:38", "period": "Q2", "revenue": 756200000, "costOfRevenue": 228300000, "grossProfit": 527900000, "grossProfitRatio": 0.6980957418672309, "researchAndDevelopmentExpenses": 84600000, "generalAndAdministrativeExpenses": 185800000, "sellingAndMarketingExpenses": 0.0, "otherExpenses": 1000000.0, "operatingExpenses": 270400000, "costAndExpenses": 498700000, "interestExpense": 0.0, "depreciationAndAmortization": 18600000, "ebitda": 276100000, "ebitdaratio": 0.365115048929, "operatingIncome": 257500000, "operatingIncomeRatio": 0.340518381381, "totalOtherIncomeExpensesNet": 10100000, "incomeBeforeTax": 267600000, "incomeBeforeTaxRatio": 0.35387463634, "incomeTaxExpense": 46100000, "netIncome": 221500000, "netIncomeRatio": 0.292911928061, "eps": 5.97, "epsdiluted": 5.75, "weightedAverageShsOut": 37200000, "weightedAverageShsOutDil": 38500000, "link": "https://www.sec.gov/Archives/edgar/data/1035267/000103526717000101/0001035267-17-000101-index.htm", "finalLink": "https://www.sec.gov/Archives/edgar/data/1035267/000103526717000101/isrg-20170630x10q.htm"}, {"date": "2017-03-31", "symbol": "ISRG", "fillingDate": "2017-04-19", "acceptedDate": "2017-04-19 17:29:20", "period": "Q1", "revenue": 674200000, "costOfRevenue": 208100000, "grossProfit": 466100000, "grossProfitRatio": 0.6913378819341441, "researchAndDevelopmentExpenses": 73500000, "generalAndAdministrativeExpenses": 201100000, "sellingAndMarketingExpenses": 0.0, "otherExpenses": 0.0, "operatingExpenses": 274600000, "costAndExpenses": 482700000, "interestExpense": 0.0, "depreciationAndAmortization": 16600000, "ebitda": 208100000, "ebitdaratio": 0.308662118066, "operatingIncome": 191500000, "operatingIncomeRatio": 0.284040344112, "totalOtherIncomeExpensesNet": 8700000.0, "incomeBeforeTax": 200200000, "incomeBeforeTaxRatio": 0.296944526847, "incomeTaxExpense": 20400000, "netIncome": 179800000, "netIncomeRatio": 0.266686443192, "eps": 4.82, "epsdiluted": 4.67, "weightedAverageShsOut": 37300000, "weightedAverageShsOutDil": 38500000, "link": "https://www.sec.gov/Archives/edgar/data/1035267/000103526717000063/0001035267-17-000063-index.htm", "finalLink": "https://www.sec.gov/Archives/edgar/data/1035267/000103526717000063/isrg-20170331x10q.htm"}, {"date": "2016-12-31", "symbol": "ISRG", "fillingDate": "2017-02-06", "acceptedDate": "2017-02-03 18:05:19", "period": "FY", "revenue": 756900000, "costOfRevenue": 229700000, "grossProfit": 527200000, "grossProfitRatio": 0.6965253005681068, "researchAndDevelopmentExpenses": 69100000, "generalAndAdministrativeExpenses": 193700000, "sellingAndMarketingExpenses": 0.0, "otherExpenses": -1000000.0, "operatingExpenses": 262800000, "costAndExpenses": 492500000, "interestExpense": 0.0, "depreciationAndAmortization": 14500000, "ebitda": 278900000, "ebitdaratio": 0.3684766812, "operatingIncome": 264400000, "operatingIncomeRatio": 0.349319593077, "totalOtherIncomeExpensesNet": 11700000, "incomeBeforeTax": 276100000, "incomeBeforeTaxRatio": 0.364777381424, "incomeTaxExpense": 72100000, "netIncome": 204000000, "netIncomeRatio": 0.269520412208, "eps": 5.29, "epsdiluted": 5.16, "weightedAverageShsOut": 38300000, "weightedAverageShsOutDil": 39300000, "link": "https://www.sec.gov/Archives/edgar/data/1035267/000103526717000021/0001035267-17-000021-index.htm", "finalLink": "https://www.sec.gov/Archives/edgar/data/1035267/000103526717000021/isrg-20161231x10k.htm"}, {"date": "2016-09-30", "symbol": "ISRG", "fillingDate": "2016-10-19", "acceptedDate": "2016-10-19 16:15:36", "period": "Q3", "revenue": 682900000, "costOfRevenue": 195900000, "grossProfit": 487000000, "grossProfitRatio": 0.7131351588812418, "researchAndDevelopmentExpenses": 62600000, "generalAndAdministrativeExpenses": 168000000, "sellingAndMarketingExpenses": 0.0, "otherExpenses": 0.0, "operatingExpenses": 230600000, "costAndExpenses": 426500000, "interestExpense": 0.0, "depreciationAndAmortization": 13400000, "ebitda": 269800000, "ebitdaratio": 0.395079806707, "operatingIncome": 256400000, "operatingIncomeRatio": 0.375457607263, "totalOtherIncomeExpensesNet": 10400000, "incomeBeforeTax": 266800000, "incomeBeforeTaxRatio": 0.390686776981, "incomeTaxExpense": 55800000, "netIncome": 211000000, "netIncomeRatio": 0.308976424074, "eps": 5.48, "epsdiluted": 5.32, "weightedAverageShsOut": 38200000, "weightedAverageShsOutDil": 39200000, "link": "https://www.sec.gov/Archives/edgar/data/1035267/000103526716000240/0001035267-16-000240-index.htm", "finalLink": "https://www.sec.gov/Archives/edgar/data/1035267/000103526716000240/isrg-20160930x10q.htm"}, {"date": "2016-06-30", "symbol": "ISRG", "fillingDate": "2016-07-20", "acceptedDate": "2016-07-20 16:50:02", "period": "Q2", "revenue": 670100000, "costOfRevenue": 199200000, "grossProfit": 470900000, "grossProfitRatio": 0.7027309356812416, "researchAndDevelopmentExpenses": 54700000, "generalAndAdministrativeExpenses": 170800000, "sellingAndMarketingExpenses": 0.0, "otherExpenses": 0.0, "operatingExpenses": 225500000, "costAndExpenses": 424700000, "interestExpense": 0.0, "depreciationAndAmortization": 13200000, "ebitda": 258600000, "ebitdaratio": 0.385912550366, "operatingIncome": 245400000, "operatingIncomeRatio": 0.366213997911, "totalOtherIncomeExpensesNet": 8000000.0, "incomeBeforeTax": 253400000, "incomeBeforeTaxRatio": 0.37815251455, "incomeTaxExpense": 68900000, "netIncome": 184500000, "netIncomeRatio": 0.275332039994, "eps": 4.82, "epsdiluted": 4.71, "weightedAverageShsOut": 38000000, "weightedAverageShsOutDil": 38900000, "link": "https://www.sec.gov/Archives/edgar/data/1035267/000103526716000215/0001035267-16-000215-index.htm", "finalLink": "https://www.sec.gov/Archives/edgar/data/1035267/000103526716000215/isrg-20160630x10q.htm"}, {"date": "2016-03-31", "symbol": "ISRG", "fillingDate": "2016-04-19", "acceptedDate": "2016-04-19 16:08:30", "period": "Q1", "revenue": 594500000, "costOfRevenue": 189500000, "grossProfit": 405000000, "grossProfitRatio": 0.6812447434819175, "researchAndDevelopmentExpenses": 53200000, "generalAndAdministrativeExpenses": 172800000, "sellingAndMarketingExpenses": 0.0, "otherExpenses": 1000000.0, "operatingExpenses": 226000000, "costAndExpenses": 415500000, "interestExpense": 0.0, "depreciationAndAmortization": 15100000, "ebitda": 194100000, "ebitdaratio": 0.326492851135, "operatingIncome": 179000000, "operatingIncomeRatio": 0.301093355761, "totalOtherIncomeExpensesNet": 5500000.0, "incomeBeforeTax": 184500000, "incomeBeforeTaxRatio": 0.310344827586, "incomeTaxExpense": 48100000, "netIncome": 136400000, "netIncomeRatio": 0.229436501262, "eps": 3.62, "epsdiluted": 3.54, "weightedAverageShsOut": 37700000, "weightedAverageShsOutDil": 38500000, "link": "https://www.sec.gov/Archives/edgar/data/1035267/000103526716000174/0001035267-16-000174-index.htm", "finalLink": "https://www.sec.gov/Archives/edgar/data/1035267/000103526716000174/isrg-20160331x10q.htm"}, {"date": "2015-12-31", "symbol": "ISRG", "fillingDate": "2016-02-02", "acceptedDate": "2016-02-02 17:22:41", "period": "FY", "revenue": 676500000, "costOfRevenue": 217700000, "grossProfit": 458800000, "grossProfitRatio": 0.6781966001478197, "researchAndDevelopmentExpenses": 52600000, "generalAndAdministrativeExpenses": 160300000, "sellingAndMarketingExpenses": 0.0, "otherExpenses": -1000000.0, "operatingExpenses": 212900000, "costAndExpenses": 430600000, "interestExpense": 0.0, "depreciationAndAmortization": 16700000, "ebitda": 262600000, "ebitdaratio": 0.388174427199, "operatingIncome": 245900000, "operatingIncomeRatio": 0.363488543976, "totalOtherIncomeExpensesNet": 5900000.0, "incomeBeforeTax": 251800000, "incomeBeforeTaxRatio": 0.372209903917, "incomeTaxExpense": 61800000, "netIncome": 190000000, "netIncomeRatio": 0.280857354028, "eps": 5.09, "epsdiluted": 4.99, "weightedAverageShsOut": 37100000, "weightedAverageShsOutDil": 37900000, "link": "https://www.sec.gov/Archives/edgar/data/1035267/000103526716000130/0001035267-16-000130-index.htm", "finalLink": "https://www.sec.gov/Archives/edgar/data/1035267/000103526716000130/isrg-20151231x10k.htm"}, {"date": "2015-09-30", "symbol": "ISRG", "fillingDate": "2015-10-21", "acceptedDate": "2015-10-21 15:09:04", "period": "Q3", "revenue": 589700000, "costOfRevenue": 193900000, "grossProfit": 395800000, "grossProfitRatio": 0.6711887400373071, "researchAndDevelopmentExpenses": 51000000, "generalAndAdministrativeExpenses": 154900000, "sellingAndMarketingExpenses": 0.0, "otherExpenses": 0.0, "operatingExpenses": 205900000, "costAndExpenses": 399800000, "interestExpense": 0.0, "depreciationAndAmortization": 16800000, "ebitda": 206700000, "ebitdaratio": 0.350517212142, "operatingIncome": 189900000, "operatingIncomeRatio": 0.322028149907, "totalOtherIncomeExpensesNet": 3700000.0, "incomeBeforeTax": 193600000, "incomeBeforeTaxRatio": 0.328302526708, "incomeTaxExpense": 26300000, "netIncome": 167300000, "netIncomeRatio": 0.283703578091, "eps": 4.49, "epsdiluted": 4.41, "weightedAverageShsOut": 37000000, "weightedAverageShsOutDil": 37800000, "link": "https://www.sec.gov/Archives/edgar/data/1035267/000103526715000104/0001035267-15-000104-index.htm", "finalLink": "https://www.sec.gov/Archives/edgar/data/1035267/000103526715000104/isrg-20150930x10q.htm"}, {"date": "2015-06-30", "symbol": "ISRG", "fillingDate": "2015-07-22", "acceptedDate": "2015-07-22 16:21:31", "period": "Q2", "revenue": 586100000, "costOfRevenue": 199600000, "grossProfit": 386500000, "grossProfitRatio": 0.6594437809247569, "researchAndDevelopmentExpenses": 49400000, "generalAndAdministrativeExpenses": 163300000, "sellingAndMarketingExpenses": 0.0, "otherExpenses": 1000000.0, "operatingExpenses": 212700000, "costAndExpenses": 412300000, "interestExpense": 0.0, "depreciationAndAmortization": 14800000, "ebitda": 188600000, "ebitdaratio": 0.321788090769, "operatingIncome": 173800000, "operatingIncomeRatio": 0.296536427231, "totalOtherIncomeExpensesNet": 4600000.0, "incomeBeforeTax": 178400000, "incomeBeforeTaxRatio": 0.30438491725, "incomeTaxExpense": 43900000, "netIncome": 134500000, "netIncomeRatio": 0.229483023375, "eps": 3.65, "epsdiluted": 3.57, "weightedAverageShsOut": 36800000, "weightedAverageShsOutDil": 37700000, "link": "https://www.sec.gov/Archives/edgar/data/1035267/000103526715000071/0001035267-15-000071-index.htm", "finalLink": "https://www.sec.gov/Archives/edgar/data/1035267/000103526715000071/isrg-20150630x10q.htm"}, {"date": "2015-03-31", "symbol": "ISRG", "fillingDate": "2015-04-22", "acceptedDate": "2015-04-22 16:07:42", "period": "Q1", "revenue": 532100000, "costOfRevenue": 195300000, "grossProfit": 336800000, "grossProfitRatio": 0.6329637286224394, "researchAndDevelopmentExpenses": 44400000, "generalAndAdministrativeExpenses": 162000000, "sellingAndMarketingExpenses": 0.0, "otherExpenses": 0.0, "operatingExpenses": 206400000, "costAndExpenses": 401700000, "interestExpense": 0.0, "depreciationAndAmortization": 14800000, "ebitda": 145200000, "ebitdaratio": 0.272881037399, "operatingIncome": 130400000, "operatingIncomeRatio": 0.245066716783, "totalOtherIncomeExpensesNet": 4300000.0, "incomeBeforeTax": 134700000, "incomeBeforeTaxRatio": 0.253147904529, "incomeTaxExpense": 37700000, "netIncome": 97000000, "netIncomeRatio": 0.182296560797, "eps": 2.64, "epsdiluted": 2.57, "weightedAverageShsOut": 36700000, "weightedAverageShsOutDil": 37700000, "link": "https://www.sec.gov/Archives/edgar/data/1035267/000103526715000036/0001035267-15-000036-index.htm", "finalLink": "https://www.sec.gov/Archives/edgar/data/1035267/000103526715000036/isrg-20150331x10q.htm"}, {"date": "2014-12-31", "symbol": "ISRG", "fillingDate": "2015-02-06", "acceptedDate": "2015-02-05 19:35:06", "period": "FY", "revenue": 604700000, "costOfRevenue": 211300000, "grossProfit": 393400000, "grossProfitRatio": 0.6505705308417397, "researchAndDevelopmentExpenses": 47300000, "generalAndAdministrativeExpenses": 160000000, "sellingAndMarketingExpenses": 0.0, "otherExpenses": 0.0, "operatingExpenses": 207300000, "costAndExpenses": 418600000, "interestExpense": 0.0, "depreciationAndAmortization": -13600000, "ebitda": 172500000, "ebitdaratio": 0.28526542087, "operatingIncome": 186100000, "operatingIncomeRatio": 0.307755912022, "totalOtherIncomeExpensesNet": -1000000.0, "incomeBeforeTax": 184800000, "incomeBeforeTaxRatio": 0.305606085662, "incomeTaxExpense": 38000000, "netIncome": 146800000, "netIncomeRatio": 0.242765007442, "eps": 4.02, "epsdiluted": 3.93, "weightedAverageShsOut": 36900000, "weightedAverageShsOutDil": 37700000, "link": "https://www.sec.gov/Archives/edgar/data/1035267/000103526715000014/0001035267-15-000014-index.htm", "finalLink": "https://www.sec.gov/Archives/edgar/data/1035267/000103526715000014/isrg-20141231x10k.htm"}, {"date": "2014-09-30", "symbol": "ISRG", "fillingDate": "2014-10-23", "acceptedDate": "2014-10-23 15:42:30", "period": "Q3", "revenue": 550100000, "costOfRevenue": 189500000, "grossProfit": 360600000, "grossProfitRatio": 0.6555171786947828, "researchAndDevelopmentExpenses": 47500000, "generalAndAdministrativeExpenses": 154000000, "sellingAndMarketingExpenses": 0.0, "otherExpenses": -3000000.0, "operatingExpenses": 201500000, "costAndExpenses": 391000000, "interestExpense": 0.0, "depreciationAndAmortization": 19900000, "ebitda": 179000000, "ebitdaratio": 0.325395382658, "operatingIncome": 159100000, "operatingIncomeRatio": 0.289220141792, "totalOtherIncomeExpensesNet": 2000000.0, "incomeBeforeTax": 161100000, "incomeBeforeTaxRatio": 0.292855844392, "incomeTaxExpense": 37400000, "netIncome": 123700000, "netIncomeRatio": 0.224868205781, "eps": 3.39, "epsdiluted": 3.31, "weightedAverageShsOut": 37100000, "weightedAverageShsOutDil": 37900000, "link": "https://www.sec.gov/Archives/edgar/data/1035267/000103526714000104/0001035267-14-000104-index.htm", "finalLink": "https://www.sec.gov/Archives/edgar/data/1035267/000103526714000104/isrg-20140930x10q.htm"}, {"date": "2014-06-30", "symbol": "ISRG", "fillingDate": "2014-07-24", "acceptedDate": "2014-07-23 20:19:14", "period": "Q2", "revenue": 512200000, "costOfRevenue": 167800000, "grossProfit": 344400000, "grossProfitRatio": 0.6723935962514642, "researchAndDevelopmentExpenses": 40200000, "generalAndAdministrativeExpenses": 161200000, "sellingAndMarketingExpenses": 0.0, "otherExpenses": 3000000.0, "operatingExpenses": 201400000, "costAndExpenses": 369200000, "interestExpense": 0.0, "depreciationAndAmortization": 17200000, "ebitda": 160200000, "ebitdaratio": 0.312768449824, "operatingIncome": 143000000, "operatingIncomeRatio": 0.279187817259, "totalOtherIncomeExpensesNet": -400000.0, "incomeBeforeTax": 142600000, "incomeBeforeTaxRatio": 0.278406872316, "incomeTaxExpense": 38600000, "netIncome": 104000000, "netIncomeRatio": 0.203045685279, "eps": 2.78, "epsdiluted": 2.74, "weightedAverageShsOut": 37600000, "weightedAverageShsOutDil": 38300000, "link": "https://www.sec.gov/Archives/edgar/data/1035267/000103526714000072/0001035267-14-000072-index.htm", "finalLink": "https://www.sec.gov/Archives/edgar/data/1035267/000103526714000072/isrg-20140630x10q.htm"}, {"date": "2014-03-31", "symbol": "ISRG", "fillingDate": "2014-04-25", "acceptedDate": "2014-04-25 15:24:07", "period": "Q1", "revenue": 464700000, "costOfRevenue": 149300000, "grossProfit": 315400000, "grossProfitRatio": 0.6787174521196471, "researchAndDevelopmentExpenses": 43000000, "generalAndAdministrativeExpenses": 215800000, "sellingAndMarketingExpenses": 0.0, "otherExpenses": 0.0, "operatingExpenses": 258800000, "costAndExpenses": 408100000, "interestExpense": 0.0, "depreciationAndAmortization": 17000000, "ebitda": 73600000, "ebitdaratio": 0.158381751668, "operatingIncome": 56600000, "operatingIncomeRatio": 0.121799010114, "totalOtherIncomeExpensesNet": 3900000.0, "incomeBeforeTax": 60500000, "incomeBeforeTaxRatio": 0.12931034482758622, "incomeTaxExpense": 16200000, "netIncome": 44300000, "netIncomeRatio": 0.095330320637, "eps": 1.16, "epsdiluted": 1.13, "weightedAverageShsOut": 38300000, "weightedAverageShsOutDil": 39100000, "link": "https://www.sec.gov/Archives/edgar/data/1035267/000103526714000053/0001035267-14-000053-index.htm", "finalLink": "https://www.sec.gov/Archives/edgar/data/1035267/000103526714000053/isrg-20140331x10q.htm"}, {"date": "2013-12-31", "symbol": "ISRG", "fillingDate": "2014-02-03", "acceptedDate": "2014-02-03 17:13:14", "period": "FY", "revenue": 576200000, "costOfRevenue": 178200000, "grossProfit": 398000000, "grossProfitRatio": 0.6907323845886845, "researchAndDevelopmentExpenses": 41700000, "generalAndAdministrativeExpenses": 147700000, "sellingAndMarketingExpenses": 0.0, "otherExpenses": 0.0, "operatingExpenses": 189400000, "costAndExpenses": 367600000, "interestExpense": 0.0, "depreciationAndAmortization": 18100000, "ebitda": 226700000, "ebitdaratio": 0.393439777855, "operatingIncome": 208600000, "operatingIncomeRatio": 0.362027073933, "totalOtherIncomeExpensesNet": 5900000.0, "incomeBeforeTax": 114000000, "incomeBeforeTaxRatio": 0.197847969455, "incomeTaxExpense": 48300000, "netIncome": 166200000, "netIncomeRatio": 0.288441513363, "eps": 4.37, "epsdiluted": 4.27, "weightedAverageShsOut": 39200000, "weightedAverageShsOutDil": 40100000, "link": "https://www.sec.gov/Archives/edgar/data/1035267/000103526714000009/0001035267-14-000009-index.htm", "finalLink": "https://www.sec.gov/Archives/edgar/data/1035267/000103526714000009/isrg-20131231x10k.htm"}, {"date": "2013-09-30", "symbol": "ISRG", "fillingDate": "2013-10-18", "acceptedDate": "2013-10-18 13:43:10", "period": "Q3", "revenue": 499000000, "costOfRevenue": 142300000, "grossProfit": 356700000, "grossProfitRatio": 0.7148296593186373, "researchAndDevelopmentExpenses": 43200000, "generalAndAdministrativeExpenses": 139300000, "sellingAndMarketingExpenses": 0.0, "otherExpenses": -8000000.0, "operatingExpenses": 182500000, "costAndExpenses": 324800000, "interestExpense": 0.0, "depreciationAndAmortization": 36800000, "ebitda": 211000000, "ebitdaratio": 0.422845691383, "operatingIncome": 174200000, "operatingIncomeRatio": 0.349098196393, "totalOtherIncomeExpensesNet": 3900000.0, "incomeBeforeTax": 20200000, "incomeBeforeTaxRatio": 0.0404809619238, "incomeTaxExpense": 21300000, "netIncome": 156800000, "netIncomeRatio": 0.314228456914, "eps": 4.07, "epsdiluted": 3.99, "weightedAverageShsOut": 39600000, "weightedAverageShsOutDil": 40500000, "link": "https://www.sec.gov/Archives/edgar/data/1035267/000103526713000040/0001035267-13-000040-index.htm", "finalLink": "https://www.sec.gov/Archives/edgar/data/1035267/000103526713000040/isrg-2013930x10q.htm"}, {"date": "2013-06-30", "symbol": "ISRG", "fillingDate": "2013-07-22", "acceptedDate": "2013-07-22 17:16:15", "period": "Q2", "revenue": 578500000, "costOfRevenue": 173300000, "grossProfit": 405200000, "grossProfitRatio": 0.7004321521175454, "researchAndDevelopmentExpenses": 41200000, "generalAndAdministrativeExpenses": 145500000, "sellingAndMarketingExpenses": 0.0, "otherExpenses": 7000000.0, "operatingExpenses": 186700000, "costAndExpenses": 360000000, "interestExpense": 0.0, "depreciationAndAmortization": 6200000.0, "ebitda": 224700000, "ebitdaratio": 0.38841832325, "operatingIncome": 218500000, "operatingIncomeRatio": 0.377700950735, "totalOtherIncomeExpensesNet": 4300000.0, "incomeBeforeTax": 222800000, "incomeBeforeTaxRatio": 0.385133967156, "incomeTaxExpense": 63700000, "netIncome": 159100000, "netIncomeRatio": 0.275021607606, "eps": 3.99, "epsdiluted": 3.91, "weightedAverageShsOut": 40100000, "weightedAverageShsOutDil": 41100000, "link": "https://www.sec.gov/Archives/edgar/data/1035267/000119312513297410/0001193125-13-297410-index.htm", "finalLink": "https://www.sec.gov/Archives/edgar/data/1035267/000119312513297410/d551118d10q.htm"}, {"date": "2013-03-31", "symbol": "ISRG", "fillingDate": "2013-04-19", "acceptedDate": "2013-04-19 12:48:18", "period": "Q1", "revenue": 611400000, "costOfRevenue": 177100000, "grossProfit": 434300000, "grossProfitRatio": 0.7103369316323193, "researchAndDevelopmentExpenses": 41600000, "generalAndAdministrativeExpenses": 141500000, "sellingAndMarketingExpenses": 0.0, "otherExpenses": 1000000.0, "operatingExpenses": 183100000, "costAndExpenses": 360200000, "interestExpense": 0.0, "depreciationAndAmortization": 6200000.0, "ebitda": 257400000, "ebitdaratio": 0.421000981354, "operatingIncome": 251200000, "operatingIncomeRatio": 0.410860320576, "totalOtherIncomeExpensesNet": 4300000.0, "incomeBeforeTax": 255500000, "incomeBeforeTaxRatio": 0.417893359503, "incomeTaxExpense": 66600000, "netIncome": 188900000, "netIncomeRatio": 0.308963035656, "eps": 4.69, "epsdiluted": 4.56, "weightedAverageShsOut": 40300000, "weightedAverageShsOutDil": 41400000, "link": "https://www.sec.gov/Archives/edgar/data/1035267/000119312513162385/0001193125-13-162385-index.htm", "finalLink": "https://www.sec.gov/Archives/edgar/data/1035267/000119312513162385/d508282d10q.htm"}, {"date": "2012-12-31", "symbol": "ISRG", "fillingDate": "2013-02-04", "acceptedDate": "2013-02-04 16:09:03", "period": "FY", "revenue": 609300000, "costOfRevenue": 171400000, "grossProfit": 437900000, "grossProfitRatio": 0.7186935827999343, "researchAndDevelopmentExpenses": 41700000, "generalAndAdministrativeExpenses": 148100000, "sellingAndMarketingExpenses": 0.0, "otherExpenses": 3000000.0, "operatingExpenses": 189800000, "costAndExpenses": 361200000, "interestExpense": 0.0, "depreciationAndAmortization": 6100000.0, "ebitda": 254200000, "ebitdaratio": 0.417200065649, "operatingIncome": 248100000, "operatingIncomeRatio": 0.407188577056, "totalOtherIncomeExpensesNet": 3700000.0, "incomeBeforeTax": 251800000, "incomeBeforeTaxRatio": 0.413261119317, "incomeTaxExpense": 76900000, "netIncome": 174900000, "netIncomeRatio": 0.287050713934, "eps": 4.4, "epsdiluted": 4.26, "weightedAverageShsOut": 39800000, "weightedAverageShsOutDil": 41100000, "link": "https://www.sec.gov/Archives/edgar/data/1035267/000119312513036675/0001193125-13-036675-index.htm", "finalLink": "https://www.sec.gov/Archives/edgar/data/1035267/000119312513036675/d445195d10k.htm"}, {"date": "2012-09-30", "symbol": "ISRG", "fillingDate": "2012-10-18", "acceptedDate": "2012-10-18 16:10:11", "period": "Q3", "revenue": 537800000, "costOfRevenue": 147700000, "grossProfit": 390100000, "grossProfitRatio": 0.7253625883227965, "researchAndDevelopmentExpenses": 49700000, "generalAndAdministrativeExpenses": 129000000, "sellingAndMarketingExpenses": 0.0, "otherExpenses": 5000000.0, "operatingExpenses": 178700000, "costAndExpenses": 326400000, "interestExpense": 0.0, "depreciationAndAmortization": 6600000.0, "ebitda": 218000000, "ebitdaratio": 0.405355150614, "operatingIncome": 211400000, "operatingIncomeRatio": 0.393082930457, "totalOtherIncomeExpensesNet": 4300000.0, "incomeBeforeTax": 215700000, "incomeBeforeTaxRatio": 0.401078467832, "incomeTaxExpense": 32400000, "netIncome": 183300000, "netIncomeRatio": 0.340833023429, "eps": 4.58, "epsdiluted": 4.46, "weightedAverageShsOut": 39800000, "weightedAverageShsOutDil": 41100000, "link": "https://www.sec.gov/Archives/edgar/data/1035267/000119312512427223/0001193125-12-427223-index.htm", "finalLink": "https://www.sec.gov/Archives/edgar/data/1035267/000119312512427223/d410790d10q.htm"}, {"date": "2012-06-30", "symbol": "ISRG", "fillingDate": "2012-07-23", "acceptedDate": "2012-07-20 19:51:13", "period": "Q2", "revenue": 536500000, "costOfRevenue": 150100000, "grossProfit": 386400000, "grossProfitRatio": 0.7202236719478099, "researchAndDevelopmentExpenses": 40200000, "generalAndAdministrativeExpenses": 120900000, "sellingAndMarketingExpenses": 0.0, "otherExpenses": 4000000.0, "operatingExpenses": 161100000, "costAndExpenses": 311200000, "interestExpense": 0.0, "depreciationAndAmortization": -8300000.0, "ebitda": 217000000, "ebitdaratio": 0.404473438956, "operatingIncome": 225300000, "operatingIncomeRatio": 0.419944082013, "totalOtherIncomeExpensesNet": 4000000.0, "incomeBeforeTax": 229300000, "incomeBeforeTaxRatio": 0.427399813607, "incomeTaxExpense": 74400000, "netIncome": 154900000, "netIncomeRatio": 0.288723205965, "eps": 3.89, "epsdiluted": 3.76, "weightedAverageShsOut": 39700000, "weightedAverageShsOutDil": 41100000, "link": "https://www.sec.gov/Archives/edgar/data/1035267/000119312512309316/0001193125-12-309316-index.htm", "finalLink": "https://www.sec.gov/Archives/edgar/data/1035267/000119312512309316/d361804d10q.htm"}, {"date": "2012-03-31", "symbol": "ISRG", "fillingDate": "2012-04-19", "acceptedDate": "2012-04-18 18:49:11", "period": "Q1", "revenue": 495200000, "costOfRevenue": 139300000, "grossProfit": 355900000, "grossProfitRatio": 0.7186995153473344, "researchAndDevelopmentExpenses": 38400000, "generalAndAdministrativeExpenses": 124200000, "sellingAndMarketingExpenses": 0.0, "otherExpenses": 3000000.0, "operatingExpenses": 162600000, "costAndExpenses": 301900000, "interestExpense": 0.0, "depreciationAndAmortization": 20300000, "ebitda": 213600000, "ebitdaratio": 0.431340872375, "operatingIncome": 193300000, "operatingIncomeRatio": 0.39034733441, "totalOtherIncomeExpensesNet": 3800000.0, "incomeBeforeTax": 197100000, "incomeBeforeTaxRatio": 0.398021001616, "incomeTaxExpense": 53600000, "netIncome": 143500000, "netIncomeRatio": 0.2897819063, "eps": 3.63, "epsdiluted": 3.5, "weightedAverageShsOut": 39500000, "weightedAverageShsOutDil": 41000000, "link": "https://www.sec.gov/Archives/edgar/data/1035267/000119312512168803/0001193125-12-168803-index.htm", "finalLink": "https://www.sec.gov/Archives/edgar/data/1035267/000119312512168803/d317048d10q.htm"}, {"date": "2011-12-31", "symbol": "ISRG", "fillingDate": "2012-02-06", "acceptedDate": "2012-02-03 19:13:36", "period": "FY", "revenue": 496800000, "costOfRevenue": 133900000, "grossProfit": 362900000, "grossProfitRatio": 0.730475040257649, "researchAndDevelopmentExpenses": 41400000, "generalAndAdministrativeExpenses": 122000000, "sellingAndMarketingExpenses": 0.0, "otherExpenses": 0.0, "operatingExpenses": 163400000, "costAndExpenses": 297300000, "interestExpense": 0.0, "depreciationAndAmortization": 12500000, "ebitda": 212000000, "ebitdaratio": 0.426731078905, "operatingIncome": 199500000, "operatingIncomeRatio": 0.401570048309, "totalOtherIncomeExpensesNet": 3600000.0, "incomeBeforeTax": 203100000, "incomeBeforeTaxRatio": 0.408816425121, "incomeTaxExpense": 51900000, "netIncome": 151200000, "netIncomeRatio": 0.304347826087, "eps": 3.86, "epsdiluted": 3.77, "weightedAverageShsOut": 39200000, "weightedAverageShsOutDil": 40200000, "link": "https://www.sec.gov/Archives/edgar/data/1035267/000119312512039226/0001193125-12-039226-index.htm", "finalLink": "https://www.sec.gov/Archives/edgar/data/1035267/000119312512039226/d263902d10k.htm"}, {"date": "2011-09-30", "symbol": "ISRG", "fillingDate": "2011-10-19", "acceptedDate": "2011-10-19 17:09:13", "period": "Q3", "revenue": 446700000, "costOfRevenue": 121200000, "grossProfit": 325500000, "grossProfitRatio": 0.7286769644056413, "researchAndDevelopmentExpenses": 35400000, "generalAndAdministrativeExpenses": 111200000, "sellingAndMarketingExpenses": 0.0, "otherExpenses": 0.0, "operatingExpenses": 146600000, "costAndExpenses": 267800000, "interestExpense": 0.0, "depreciationAndAmortization": 11500000, "ebitda": 190400000, "ebitdaratio": 0.426236847996, "operatingIncome": 178900000, "operatingIncomeRatio": 0.40049250056, "totalOtherIncomeExpensesNet": 1900000.0, "incomeBeforeTax": 180800000, "incomeBeforeTaxRatio": 0.404745914484, "incomeTaxExpense": 58400000, "netIncome": 122400000, "netIncomeRatio": 0.274009402283, "eps": 3.12, "epsdiluted": 3.04, "weightedAverageShsOut": 39200000, "weightedAverageShsOutDil": 40200000, "link": "https://www.sec.gov/Archives/edgar/data/1035267/000119312511274983/0001193125-11-274983-index.htm", "finalLink": "https://www.sec.gov/Archives/edgar/data/1035267/000119312511274983/d228501d10q.htm"}, {"date": "2011-06-30", "symbol": "ISRG", "fillingDate": "2011-07-20", "acceptedDate": "2011-07-20 16:53:08", "period": "Q2", "revenue": 425700000, "costOfRevenue": 119100000, "grossProfit": 306600000, "grossProfitRatio": 0.7202255109231853, "researchAndDevelopmentExpenses": 32000000, "generalAndAdministrativeExpenses": 106500000, "sellingAndMarketingExpenses": 0.0, "otherExpenses": 1000000.0, "operatingExpenses": 138500000, "costAndExpenses": 257600000, "interestExpense": 0.0, "depreciationAndAmortization": 11200000, "ebitda": 179300000, "ebitdaratio": 0.421188630491, "operatingIncome": 168100000, "operatingIncomeRatio": 0.394879022786, "totalOtherIncomeExpensesNet": 4100000.0, "incomeBeforeTax": 172200000, "incomeBeforeTaxRatio": 0.404510218464, "incomeTaxExpense": 54800000, "netIncome": 117400000, "netIncomeRatio": 0.275781066479, "eps": 2.99, "epsdiluted": 2.92, "weightedAverageShsOut": 39200000, "weightedAverageShsOutDil": 40200000, "link": "https://www.sec.gov/Archives/edgar/data/1035267/000119312511192512/0001193125-11-192512-index.htm", "finalLink": "https://www.sec.gov/Archives/edgar/data/1035267/000119312511192512/d10q.htm"}, {"date": "2011-03-31", "symbol": "ISRG", "fillingDate": "2011-04-20", "acceptedDate": "2011-04-20 16:29:08", "period": "Q1", "revenue": 388100000, "costOfRevenue": 109300000, "grossProfit": 278800000, "grossProfitRatio": 0.7183715537232672, "researchAndDevelopmentExpenses": 31400000, "generalAndAdministrativeExpenses": 99100000, "sellingAndMarketingExpenses": 0.0, "otherExpenses": 0.0, "operatingExpenses": 130500000, "costAndExpenses": 239800000, "interestExpense": 0.0, "depreciationAndAmortization": 11300000, "ebitda": 159600000, "ebitdaratio": 0.411234217985, "operatingIncome": 148300000, "operatingIncomeRatio": 0.382118010822, "totalOtherIncomeExpensesNet": 5300000.0, "incomeBeforeTax": 153600000, "incomeBeforeTaxRatio": 0.395774284978, "incomeTaxExpense": 49500000, "netIncome": 104100000, "netIncomeRatio": 0.268229837671, "eps": 2.66, "epsdiluted": 2.59, "weightedAverageShsOut": 39100000, "weightedAverageShsOutDil": 40200000, "link": "https://www.sec.gov/Archives/edgar/data/1035267/000119312511103731/0001193125-11-103731-index.htm", "finalLink": "https://www.sec.gov/Archives/edgar/data/1035267/000119312511103731/d10q.htm"}, {"date": "2010-12-31", "symbol": "ISRG", "fillingDate": "2011-02-01", "acceptedDate": "2011-02-01 15:32:22", "period": "FY", "revenue": 389300000, "costOfRevenue": 107200000, "grossProfit": 282100000, "grossProfitRatio": 0.7246339583868482, "researchAndDevelopmentExpenses": 32600000, "generalAndAdministrativeExpenses": 95800000, "sellingAndMarketingExpenses": 0.0, "otherExpenses": 0.0, "operatingExpenses": 128400000, "costAndExpenses": 235600000, "interestExpense": 0.0, "depreciationAndAmortization": 10800000, "ebitda": 164500000, "ebitdaratio": 0.422553300796, "operatingIncome": 153700000, "operatingIncomeRatio": 0.394811199589, "totalOtherIncomeExpensesNet": 3500000.0, "incomeBeforeTax": 157200000, "incomeBeforeTaxRatio": 0.403801695351, "incomeTaxExpense": 36000000, "netIncome": 121200000, "netIncomeRatio": 0.31132802466, "eps": 3.09, "epsdiluted": 3.02, "weightedAverageShsOut": 39200000, "weightedAverageShsOutDil": 40300000, "link": "https://www.sec.gov/Archives/edgar/data/1035267/000119312511020229/0001193125-11-020229-index.htm", "finalLink": "https://www.sec.gov/Archives/edgar/data/1035267/000119312511020229/d10k.htm"}, {"date": "2010-09-30", "symbol": "ISRG", "fillingDate": "2010-10-20", "acceptedDate": "2010-10-20 17:27:05", "period": "Q3", "revenue": 344400000, "costOfRevenue": 93800000, "grossProfit": 250600000, "grossProfitRatio": 0.7276422764227642, "researchAndDevelopmentExpenses": 26900000, "generalAndAdministrativeExpenses": 91600000, "sellingAndMarketingExpenses": 0.0, "otherExpenses": 0.0, "operatingExpenses": 118500000, "costAndExpenses": 212300000, "interestExpense": 0.0, "depreciationAndAmortization": 10300000, "ebitda": 142400000, "ebitdaratio": 0.413472706156, "operatingIncome": 132100000, "operatingIncomeRatio": 0.38356562137, "totalOtherIncomeExpensesNet": 5000000.0, "incomeBeforeTax": 137100000, "incomeBeforeTaxRatio": 0.398083623693, "incomeTaxExpense": 50500000, "netIncome": 86600000, "netIncomeRatio": 0.251451800232, "eps": 2.2, "epsdiluted": 2.14, "weightedAverageShsOut": 39200000, "weightedAverageShsOutDil": 40400000, "link": "https://www.sec.gov/Archives/edgar/data/1035267/000119312510232766/0001193125-10-232766-index.htm", "finalLink": "https://www.sec.gov/Archives/edgar/data/1035267/000119312510232766/d10q.htm"}, {"date": "2010-06-30", "symbol": "ISRG", "fillingDate": "2010-07-23", "acceptedDate": "2010-07-22 20:49:59", "period": "Q2", "revenue": 350700000, "costOfRevenue": 93900000, "grossProfit": 256800000, "grossProfitRatio": 0.7322497861420018, "researchAndDevelopmentExpenses": 28500000, "generalAndAdministrativeExpenses": 88600000, "sellingAndMarketingExpenses": 0.0, "otherExpenses": 0.0, "operatingExpenses": 117100000, "costAndExpenses": 211000000, "interestExpense": 0.0, "depreciationAndAmortization": 9800000.0, "ebitda": 149500000, "ebitdaratio": 0.42629027659, "operatingIncome": 139700000, "operatingIncomeRatio": 0.398346164813, "totalOtherIncomeExpensesNet": 4500000.0, "incomeBeforeTax": 144200000, "incomeBeforeTaxRatio": 0.411177644711, "incomeTaxExpense": 55500000, "netIncome": 88700000, "netIncomeRatio": 0.252922725977, "eps": 2.25, "epsdiluted": 2.19, "weightedAverageShsOut": 39100000, "weightedAverageShsOutDil": 40400000, "link": "https://www.sec.gov/Archives/edgar/data/1035267/000119312510164132/0001193125-10-164132-index.htm", "finalLink": "https://www.sec.gov/Archives/edgar/data/1035267/000119312510164132/d10q.htm"}, {"date": "2010-03-31", "symbol": "ISRG", "fillingDate": "2010-04-20", "acceptedDate": "2010-04-20 16:52:35", "period": "Q1", "revenue": 328600000, "costOfRevenue": 88100000, "grossProfit": 240500000, "grossProfitRatio": 0.7318928788800974, "researchAndDevelopmentExpenses": 28000000, "generalAndAdministrativeExpenses": 82800000, "sellingAndMarketingExpenses": 0.0, "otherExpenses": 0.0, "operatingExpenses": 110800000, "costAndExpenses": 198900000, "interestExpense": 0.0, "depreciationAndAmortization": 9500000.0, "ebitda": 139200000, "ebitdaratio": 0.423615337797, "operatingIncome": 129700000, "operatingIncomeRatio": 0.394704808278, "totalOtherIncomeExpensesNet": 4100000.0, "incomeBeforeTax": 133800000, "incomeBeforeTaxRatio": 0.407181984175, "incomeTaxExpense": 48500000, "netIncome": 85300000, "netIncomeRatio": 0.259586122946, "eps": 2.2, "epsdiluted": 2.12, "weightedAverageShsOut": 38800000, "weightedAverageShsOutDil": 40200000, "link": "https://www.sec.gov/Archives/edgar/data/1035267/000119312510087846/0001193125-10-087846-index.htm", "finalLink": "https://www.sec.gov/Archives/edgar/data/1035267/000119312510087846/d10q.htm"}, {"date": "2009-12-31", "symbol": "ISRG", "fillingDate": "2010-01-29", "acceptedDate": "2010-01-29 15:05:27", "period": "FY", "revenue": 323038000, "costOfRevenue": 89879000, "grossProfit": 233159000, "grossProfitRatio": 0.7217695750964283, "researchAndDevelopmentExpenses": 25771000, "generalAndAdministrativeExpenses": 79006000, "sellingAndMarketingExpenses": 0.0, "otherExpenses": 0.0, "operatingExpenses": 104777000, "costAndExpenses": 194656000, "interestExpense": 0.0, "depreciationAndAmortization": 4798000.0, "ebitda": 133180000, "ebitdaratio": 0.4122734786619531, "operatingIncome": 128382000, "operatingIncomeRatio": 0.3974207368792526, "totalOtherIncomeExpensesNet": 4123000.0, "incomeBeforeTax": 132505000, "incomeBeforeTaxRatio": 0.4101839412081551, "incomeTaxExpense": 54953000, "netIncome": 77552000, "netIncomeRatio": 0.24007082758065615, "eps": 0.0, "epsdiluted": 0.0, "weightedAverageShsOut": 38298000, "weightedAverageShsOutDil": 39205000, "link": "https://www.sec.gov/Archives/edgar/data/1035267/000119312510016932/0001193125-10-016932-index.htm", "finalLink": "https://www.sec.gov/Archives/edgar/data/1035267/000119312510016932/d10k.htm"}, {"date": "2009-09-30", "symbol": "ISRG", "fillingDate": "2009-10-21", "acceptedDate": "2009-10-21 16:16:34", "period": "Q3", "revenue": 280134000, "costOfRevenue": 81130000, "grossProfit": 199004000, "grossProfitRatio": 0.7103885997415522, "researchAndDevelopmentExpenses": 24650000, "generalAndAdministrativeExpenses": 69863000, "sellingAndMarketingExpenses": 0.0, "otherExpenses": 0.0, "operatingExpenses": 94513000, "costAndExpenses": 175643000, "interestExpense": 0.0, "depreciationAndAmortization": 5072000.0, "ebitda": 109563000, "ebitdaratio": 0.39110925485660436, "operatingIncome": 104491000, "operatingIncomeRatio": 0.373003633975169, "totalOtherIncomeExpensesNet": 4362000.0, "incomeBeforeTax": 108853000, "incomeBeforeTaxRatio": 0.3885747535108198, "incomeTaxExpense": 44329000, "netIncome": 64524000, "netIncomeRatio": 0.23033262652873268, "eps": 4.05, "epsdiluted": 3.97, "weightedAverageShsOut": 38298000, "weightedAverageShsOutDil": 39205000, "link": "https://www.sec.gov/Archives/edgar/data/1035267/000119312509211111/0001193125-09-211111-index.htm", "finalLink": "https://www.sec.gov/Archives/edgar/data/1035267/000119312509211111/d10q.htm"}, {"date": "2009-06-30", "symbol": "ISRG", "fillingDate": "2009-07-23", "acceptedDate": "2009-07-23 16:07:31", "period": "Q2", "revenue": 260624000, "costOfRevenue": 70439000, "grossProfit": 190185000, "grossProfitRatio": 0.7297294186260667, "researchAndDevelopmentExpenses": 23369000, "generalAndAdministrativeExpenses": 67276000, "sellingAndMarketingExpenses": 0.0, "otherExpenses": 0.0, "operatingExpenses": 90645000, "costAndExpenses": 161084000, "interestExpense": 0.0, "depreciationAndAmortization": 4864000.0, "ebitda": 104404000, "ebitdaratio": 0.4005924243354411, "operatingIncome": 99540000, "operatingIncomeRatio": 0.3819295229909755, "totalOtherIncomeExpensesNet": 5171000.0, "incomeBeforeTax": 104711000, "incomeBeforeTaxRatio": 0.40177036650500336, "incomeTaxExpense": 42323000, "netIncome": 62388000, "netIncomeRatio": 0.23937933574805084, "eps": 2.36, "epsdiluted": 2.32, "weightedAverageShsOut": 38298000, "weightedAverageShsOutDil": 39205000, "link": "https://www.sec.gov/Archives/edgar/data/1035267/000119312509154009/0001193125-09-154009-index.htm", "finalLink": "https://www.sec.gov/Archives/edgar/data/1035267/000119312509154009/d10q.htm"}, {"date": "2009-03-31", "symbol": "ISRG", "fillingDate": "2009-04-17", "acceptedDate": "2009-04-17 17:18:37", "period": "Q1", "revenue": 188372000, "costOfRevenue": 59668000, "grossProfit": 128704000, "grossProfitRatio": 0.6832437941944662, "researchAndDevelopmentExpenses": 21312000, "generalAndAdministrativeExpenses": 62366000, "sellingAndMarketingExpenses": 0.0, "otherExpenses": 0.0, "operatingExpenses": 83678000, "costAndExpenses": 143346000, "interestExpense": 0.0, "depreciationAndAmortization": 4225000.0, "ebitda": 49251000, "ebitdaratio": 0.26145605504002717, "operatingIncome": 45026000, "operatingIncomeRatio": 0.23902703161828723, "totalOtherIncomeExpensesNet": 5016000.0, "incomeBeforeTax": 50042000, "incomeBeforeTaxRatio": 0.26565519291614464, "incomeTaxExpense": 21900000, "netIncome": 28142000, "netIncomeRatio": 0.14939587624487716, "eps": 0.72, "epsdiluted": 0.72, "weightedAverageShsOut": 38883000, "weightedAverageShsOutDil": 39336000, "link": "https://www.sec.gov/Archives/edgar/data/1035267/000119312509081807/0001193125-09-081807-index.htm", "finalLink": "https://www.sec.gov/Archives/edgar/data/1035267/000119312509081807/d10q.htm"}, {"date": "2008-12-31", "symbol": "ISRG", "fillingDate": "2009-02-06", "acceptedDate": "2009-02-06 16:59:30", "period": "FY", "revenue": 231545000, "costOfRevenue": 66205000, "grossProfit": 165340000, "grossProfitRatio": 0.7140728584076529, "researchAndDevelopmentExpenses": 20863000, "generalAndAdministrativeExpenses": 61740000, "sellingAndMarketingExpenses": 0.0, "otherExpenses": 0.0, "operatingExpenses": 82603000, "costAndExpenses": 148808000, "interestExpense": 0.0, "depreciationAndAmortization": 3946000.0, "ebitda": 86683000, "ebitdaratio": 0.37436783346649677, "operatingIncome": 82737000, "operatingIncomeRatio": 0.357325789803278, "totalOtherIncomeExpensesNet": 5525000.0, "incomeBeforeTax": 88262000, "incomeBeforeTaxRatio": 0.38118724222073463, "incomeTaxExpense": 37504000, "netIncome": 50758000, "netIncomeRatio": 0.21921440756656374, "eps": 0.0, "epsdiluted": 0.0, "weightedAverageShsOut": 38790000, "weightedAverageShsOutDil": 39978000, "link": "https://www.sec.gov/Archives/edgar/data/1035267/000119312509021360/0001193125-09-021360-index.htm", "finalLink": "https://www.sec.gov/Archives/edgar/data/1035267/000119312509021360/d10k.htm"}, {"date": "2008-09-30", "symbol": "ISRG", "fillingDate": "2008-10-17", "acceptedDate": "2008-10-17 17:01:06", "period": "Q3", "revenue": 235991000, "costOfRevenue": 66417000, "grossProfit": 169574000, "grossProfitRatio": 0.7185613010665661, "researchAndDevelopmentExpenses": 21851000, "generalAndAdministrativeExpenses": 62692000, "sellingAndMarketingExpenses": 0.0, "otherExpenses": 0.0, "operatingExpenses": 84543000, "costAndExpenses": 150960000, "interestExpense": 0.0, "depreciationAndAmortization": 3968000.0, "ebitda": 88999000, "ebitdaratio": 0.37712878880974277, "operatingIncome": 85031000, "operatingIncomeRatio": 0.3603145882681967, "totalOtherIncomeExpensesNet": 4595000.0, "incomeBeforeTax": 89626000, "incomeBeforeTaxRatio": 0.37978566979249206, "incomeTaxExpense": 32032000, "netIncome": 57594000, "netIncomeRatio": 0.24405167993694674, "eps": 3.96, "epsdiluted": 3.84, "weightedAverageShsOut": 38790000, "weightedAverageShsOutDil": 39978000, "link": "https://www.sec.gov/Archives/edgar/data/1035267/000119312508212329/0001193125-08-212329-index.htm", "finalLink": "https://www.sec.gov/Archives/edgar/data/1035267/000119312508212329/d10q.htm"}, {"date": "2008-06-30", "symbol": "ISRG", "fillingDate": "2008-07-25", "acceptedDate": "2008-07-25 17:17:05", "period": "Q2", "revenue": 219189000, "costOfRevenue": 63133000, "grossProfit": 156056000, "grossProfitRatio": 0.7119700349926319, "researchAndDevelopmentExpenses": 20357000, "generalAndAdministrativeExpenses": 57504000, "sellingAndMarketingExpenses": 0.0, "otherExpenses": 0.0, "operatingExpenses": 77861000, "costAndExpenses": 199381000, "interestExpense": 0.0, "depreciationAndAmortization": 3580000.0, "ebitda": 81775000, "ebitdaratio": 0.37307985345979955, "operatingIncome": 78195000, "operatingIncomeRatio": 0.35674691704419476, "totalOtherIncomeExpensesNet": 5707000.0, "incomeBeforeTax": 83902000, "incomeBeforeTaxRatio": 0.38278380758158487, "incomeTaxExpense": 32720000, "netIncome": 51182000, "netIncomeRatio": 0.23350624347024715, "eps": 2.48, "epsdiluted": 2.4, "weightedAverageShsOut": 38677000, "weightedAverageShsOutDil": 39914000, "link": "https://www.sec.gov/Archives/edgar/data/1035267/000119312508158146/0001193125-08-158146-index.htm", "finalLink": "https://www.sec.gov/Archives/edgar/data/1035267/000119312508158146/d10q.htm"}, {"date": "2008-03-31", "symbol": "ISRG", "fillingDate": "2008-04-18", "acceptedDate": "2008-04-18 16:18:17", "period": "Q1", "revenue": 188194000, "costOfRevenue": 58387000, "grossProfit": 129807000, "grossProfitRatio": 0.6897510016259817, "researchAndDevelopmentExpenses": 16301000, "generalAndAdministrativeExpenses": 48634000, "sellingAndMarketingExpenses": 0.0, "otherExpenses": 0.0, "operatingExpenses": 64935000, "costAndExpenses": 64935000, "interestExpense": 0.0, "depreciationAndAmortization": 3139000.0, "ebitda": 68011000, "ebitdaratio": 0.3613877169304016, "operatingIncome": 64872000, "operatingIncomeRatio": 0.34470812034390047, "totalOtherIncomeExpensesNet": 8541000.0, "incomeBeforeTax": 73413000, "incomeBeforeTaxRatio": 0.390092138962985, "incomeTaxExpense": 28632000, "netIncome": 44781000, "netIncomeRatio": 0.23795126305833342, "eps": 0.0, "epsdiluted": 0.0, "weightedAverageShsOut": 0.0, "weightedAverageShsOutDil": 0.0, "link": "https://www.sec.gov/Archives/edgar/data/1035267/000119312508084815/0001193125-08-084815-index.htm", "finalLink": "https://www.sec.gov/Archives/edgar/data/1035267/000119312508084815/d10q.htm"}, {"date": "2007-12-31", "symbol": "ISRG", "fillingDate": "2008-02-14", "acceptedDate": "2008-02-14 16:21:41", "period": "FY", "revenue": 189446000, "costOfRevenue": 54246000, "grossProfit": 135200000, "grossProfitRatio": 0.7136598291861533, "researchAndDevelopmentExpenses": 16123000, "generalAndAdministrativeExpenses": 45696000, "sellingAndMarketingExpenses": 0.0, "otherExpenses": 0.0, "operatingExpenses": 61819000, "costAndExpenses": -70477000, "interestExpense": 0.0, "depreciationAndAmortization": 2995000.0, "ebitda": 76376000, "ebitdaratio": 0.4031544609017873, "operatingIncome": 73381000, "operatingIncomeRatio": 0.3873452065496236, "totalOtherIncomeExpensesNet": 8432000.0, "incomeBeforeTax": 81813000, "incomeBeforeTaxRatio": 0.4318539319911743, "incomeTaxExpense": 32660000, "netIncome": 49153000, "netIncomeRatio": 0.2594565205916198, "eps": 0.0, "epsdiluted": 0.0, "weightedAverageShsOut": 37653000, "weightedAverageShsOutDil": 38776000, "link": "https://www.sec.gov/Archives/edgar/data/1035267/000119312508031448/0001193125-08-031448-index.htm", "finalLink": "https://www.sec.gov/Archives/edgar/data/1035267/000119312508031448/d10k.htm"}, {"date": "2007-09-30", "symbol": "ISRG", "fillingDate": "2007-10-19", "acceptedDate": "2007-10-19 16:52:50", "period": "Q3", "revenue": 156904000, "costOfRevenue": 48434000, "grossProfit": 108470000, "grossProfitRatio": 0.6913144343037781, "researchAndDevelopmentExpenses": 14320000, "generalAndAdministrativeExpenses": 40161000, "sellingAndMarketingExpenses": 0.0, "otherExpenses": 0.0, "operatingExpenses": 54481000, "costAndExpenses": 102915000, "interestExpense": 0.0, "depreciationAndAmortization": 2955000.0, "ebitda": 56944000, "ebitdaratio": 0.36292255136898993, "operatingIncome": 53989000, "operatingIncomeRatio": 0.3440893794931933, "totalOtherIncomeExpensesNet": 12220000, "incomeBeforeTax": 66209000, "incomeBeforeTaxRatio": 0.42197139652271454, "incomeTaxExpense": 25290000, "netIncome": 40919000, "netIncomeRatio": 0.2607900372202111, "eps": 2.53, "epsdiluted": 2.46, "weightedAverageShsOut": 37653000, "weightedAverageShsOutDil": 38776000, "link": "https://www.sec.gov/Archives/edgar/data/1035267/000119312507222158/0001193125-07-222158-index.htm", "finalLink": "https://www.sec.gov/Archives/edgar/data/1035267/000119312507222158/d10q.htm"}, {"date": "2007-06-30", "symbol": "ISRG", "fillingDate": "2007-07-20", "acceptedDate": "2007-07-20 16:08:19", "period": "Q2", "revenue": 140249000, "costOfRevenue": 46141000, "grossProfit": 94108000, "grossProfitRatio": 0.6710065668917425, "researchAndDevelopmentExpenses": 10192000, "generalAndAdministrativeExpenses": 38883000, "sellingAndMarketingExpenses": 0.0, "otherExpenses": 0.0, "operatingExpenses": 49075000, "costAndExpenses": 132937000, "interestExpense": 0.0, "depreciationAndAmortization": 2638000.0, "ebitda": 47671000, "ebitdaratio": 0.33990260180108234, "operatingIncome": 45033000, "operatingIncomeRatio": 0.3210931985254797, "totalOtherIncomeExpensesNet": 5232000.0, "incomeBeforeTax": 50265000, "incomeBeforeTaxRatio": 0.35839827734957114, "incomeTaxExpense": 19602000, "netIncome": 30663000, "netIncomeRatio": 0.2186325749203203, "eps": 1.45, "epsdiluted": 1.41, "weightedAverageShsOut": 37463000, "weightedAverageShsOutDil": 38528000, "link": "https://www.sec.gov/Archives/edgar/data/1035267/000119312507158965/0001193125-07-158965-index.htm", "finalLink": "https://www.sec.gov/Archives/edgar/data/1035267/000119312507158965/d10q.htm"}, {"date": "2007-03-31", "symbol": "ISRG", "fillingDate": "2007-04-23", "acceptedDate": "2007-04-20 20:52:49", "period": "Q1", "revenue": 114229000, "costOfRevenue": 37721000, "grossProfit": 76508000, "grossProfitRatio": 0.6697773770233478, "researchAndDevelopmentExpenses": 8224000.0, "generalAndAdministrativeExpenses": 33945000, "sellingAndMarketingExpenses": 0.0, "otherExpenses": 0.0, "operatingExpenses": 42169000, "costAndExpenses": 42169000, "interestExpense": 0.0, "depreciationAndAmortization": 2423000.0, "ebitda": 36762000, "ebitdaratio": 0.32182720675135035, "operatingIncome": 34339000, "operatingIncomeRatio": 0.3006154304073396, "totalOtherIncomeExpensesNet": 4608000.0, "incomeBeforeTax": 38947000, "incomeBeforeTaxRatio": 0.34095544914163656, "incomeTaxExpense": 15145000, "netIncome": 23802000, "netIncomeRatio": 0.20837090406114034, "eps": 0.64, "epsdiluted": 0.62, "weightedAverageShsOut": 37289000, "weightedAverageShsOutDil": 38398000, "link": "https://www.sec.gov/Archives/edgar/data/1035267/000119312507086724/0001193125-07-086724-index.htm", "finalLink": "https://www.sec.gov/Archives/edgar/data/1035267/000119312507086724/d10q.htm"}, {"date": "2006-12-31", "symbol": "ISRG", "fillingDate": "2007-02-15", "acceptedDate": "2007-02-15 15:33:18", "period": "FY", "revenue": 112567000, "costOfRevenue": 37622000, "grossProfit": 74945000, "grossProfitRatio": 0.6657812680448089, "researchAndDevelopmentExpenses": 8448000.0, "generalAndAdministrativeExpenses": 31051000, "sellingAndMarketingExpenses": 0.0, "otherExpenses": 0.0, "operatingExpenses": 39499000, "costAndExpenses": 39499000, "interestExpense": 0.0, "depreciationAndAmortization": 2613000.0, "ebitda": 38059000, "ebitdaratio": 0.3381008643741061, "operatingIncome": 35446000, "operatingIncomeRatio": 0.31488802224452994, "totalOtherIncomeExpensesNet": 4181000.0, "incomeBeforeTax": 39627000, "incomeBeforeTaxRatio": 0.35203034637149433, "incomeTaxExpense": 15986000, "netIncome": 23641000, "netIncomeRatio": 0.21001714534455035, "eps": 0.0, "epsdiluted": 0.0, "weightedAverageShsOut": 36646000, "weightedAverageShsOutDil": 38044000, "link": "https://www.sec.gov/Archives/edgar/data/1035267/000119312507032981/0001193125-07-032981-index.htm", "finalLink": "https://www.sec.gov/Archives/edgar/data/1035267/000119312507032981/d10k.htm"}, {"date": "2006-09-30", "symbol": "ISRG", "fillingDate": "2006-10-27", "acceptedDate": "2006-10-27 16:21:02", "period": "Q3", "revenue": 95832000, "costOfRevenue": 33598000, "grossProfit": 62234000, "grossProfitRatio": 0.6494072961015109, "researchAndDevelopmentExpenses": 7979000.0, "generalAndAdministrativeExpenses": 28577000, "sellingAndMarketingExpenses": 0.0, "otherExpenses": 0.0, "operatingExpenses": 36556000, "costAndExpenses": 36556000, "interestExpense": 0.0, "depreciationAndAmortization": 2174000.0, "ebitda": 27852000, "ebitdaratio": 0.290633608815427, "operatingIncome": 25678000, "operatingIncomeRatio": 0.26794807579931545, "totalOtherIncomeExpensesNet": 3144000.0, "incomeBeforeTax": 28822000, "incomeBeforeTaxRatio": 0.3007554887720177, "incomeTaxExpense": 11559000, "netIncome": 17263000, "netIncomeRatio": 0.18013815844394357, "eps": 1.32, "epsdiluted": 1.27, "weightedAverageShsOut": 36646000, "weightedAverageShsOutDil": 38044000, "link": "https://www.sec.gov/Archives/edgar/data/1035267/000119312506217047/0001193125-06-217047-index.htm", "finalLink": "https://www.sec.gov/Archives/edgar/data/1035267/000119312506217047/d10q.htm"}, {"date": "2006-06-30", "symbol": "ISRG", "fillingDate": "2006-07-31", "acceptedDate": "2006-07-31 15:05:39", "period": "Q2", "revenue": 87025000, "costOfRevenue": 28049000, "grossProfit": 58976000, "grossProfitRatio": 0.6776903188738869, "researchAndDevelopmentExpenses": 7206000.0, "generalAndAdministrativeExpenses": 27265000, "sellingAndMarketingExpenses": 0.0, "otherExpenses": 0.0, "operatingExpenses": 34471000, "costAndExpenses": 34471000, "interestExpense": 0.0, "depreciationAndAmortization": 1826000.0, "ebitda": 26331000, "ebitdaratio": 0.30256822752082735, "operatingIncome": 24505000, "operatingIncomeRatio": 0.2815857512209135, "totalOtherIncomeExpensesNet": 3257000.0, "incomeBeforeTax": 27762000, "incomeBeforeTaxRatio": 0.3190117782246481, "incomeTaxExpense": 11080000, "netIncome": 16682000, "netIncomeRatio": 0.19169204251651825, "eps": 0.85, "epsdiluted": 0.82, "weightedAverageShsOut": 36532000, "weightedAverageShsOutDil": 37974000, "link": "https://www.sec.gov/Archives/edgar/data/1035267/000119312506156931/0001193125-06-156931-index.htm", "finalLink": "https://www.sec.gov/Archives/edgar/data/1035267/000119312506156931/d10q.htm"}, {"date": "2006-03-31", "symbol": "ISRG", "fillingDate": "2006-05-10", "acceptedDate": "2006-05-10 14:09:29", "period": "Q1", "revenue": 77258000, "costOfRevenue": 25577000, "grossProfit": 51681000, "grossProfitRatio": 0.6689404333531802, "researchAndDevelopmentExpenses": 6145000.0, "generalAndAdministrativeExpenses": 23810000, "sellingAndMarketingExpenses": 0.0, "otherExpenses": 0.0, "operatingExpenses": 29955000, "costAndExpenses": 29955000, "interestExpense": 0.0, "depreciationAndAmortization": 1656000.0, "ebitda": 23382000, "ebitdaratio": 0.30264826943488055, "operatingIncome": 21726000, "operatingIncomeRatio": 0.28121359600300294, "totalOtherIncomeExpensesNet": 2201000.0, "incomeBeforeTax": 23927000, "incomeBeforeTaxRatio": 0.30970255507520256, "incomeTaxExpense": 9469000.0, "netIncome": 14458000, "netIncomeRatio": 0.18713919594087344, "eps": 0.4, "epsdiluted": 0.38, "weightedAverageShsOut": 36379000, "weightedAverageShsOutDil": 37824000, "link": "https://www.sec.gov/Archives/edgar/data/1035267/000103526706000002/0001035267-06-000002-index.htm", "finalLink": "https://www.sec.gov/Archives/edgar/data/1035267/000103526706000002/body10q.htm"}, {"date": "2005-12-31", "symbol": "ISRG", "fillingDate": "2006-03-15", "acceptedDate": "2006-03-15 16:25:48", "period": "FY", "revenue": 227338000, "costOfRevenue": 73769000, "grossProfit": 153569000, "grossProfitRatio": 0.6755095936447052, "researchAndDevelopmentExpenses": 17354000, "generalAndAdministrativeExpenses": 67443000, "sellingAndMarketingExpenses": 0.0, "otherExpenses": -517000.0, "operatingExpenses": 84797000, "costAndExpenses": 84797000, "interestExpense": 17000.0, "depreciationAndAmortization": 4859000.0, "ebitda": 73631000, "ebitdaratio": 0.32388338069306494, "operatingIncome": 68772000, "operatingIncomeRatio": 0.3025099191512198, "totalOtherIncomeExpensesNet": -517000.0, "incomeBeforeTax": 73807000, "incomeBeforeTaxRatio": 0.3246575583492421, "incomeTaxExpense": 20327000, "netIncome": 94134000, "netIncomeRatio": 0.4140706789010196, "eps": 2.68, "epsdiluted": 2.51, "weightedAverageShsOut": 35070000, "weightedAverageShsOutDil": 37488000, "link": "https://www.sec.gov/Archives/edgar/data/1035267/000119312506055046/0001193125-06-055046-index.htm", "finalLink": "https://www.sec.gov/Archives/edgar/data/1035267/000119312506055046/d10k.htm"}, {"date": "2005-09-30", "symbol": "ISRG", "fillingDate": "2005-11-09", "acceptedDate": "Not found...", "period": "Q3", "revenue": 0.0, "costOfRevenue": 0.0, "grossProfit": 0.0, "grossProfitRatio": 0.0, "researchAndDevelopmentExpenses": 0.0, "generalAndAdministrativeExpenses": 0.0, "sellingAndMarketingExpenses": 0.0, "otherExpenses": 0.0, "operatingExpenses": 0.0, "costAndExpenses": 0.0, "interestExpense": 0.0, "depreciationAndAmortization": 0.0, "ebitda": 0.0, "ebitdaratio": 0.0, "operatingIncome": 0.0, "operatingIncomeRatio": 0.0, "totalOtherIncomeExpensesNet": 0.0, "incomeBeforeTax": 0.0, "incomeBeforeTaxRatio": 0.0, "incomeTaxExpense": 0.0, "netIncome": 0.0, "netIncomeRatio": 0.0, "eps": 0.0, "epsdiluted": 0.0, "weightedAverageShsOut": 0.0, "weightedAverageShsOutDil": 0.0, "link": "https://www.sec.gov/Archives/edgar/data/1035267/000103526705000009/0001035267-05-000009-index.htm", "finalLink": "https://www.sec.gov/Archives/edgar/data/1035267/000103526705000009/body10q.htm"}, {"date": "2005-06-30", "symbol": "ISRG", "fillingDate": "2005-08-08", "acceptedDate": "Not found...", "period": "Q2", "revenue": 0.0, "costOfRevenue": 0.0, "grossProfit": 0.0, "grossProfitRatio": 0.0, "researchAndDevelopmentExpenses": 0.0, "generalAndAdministrativeExpenses": 0.0, "sellingAndMarketingExpenses": 0.0, "otherExpenses": 0.0, "operatingExpenses": 0.0, "costAndExpenses": 0.0, "interestExpense": 0.0, "depreciationAndAmortization": 0.0, "ebitda": 0.0, "ebitdaratio": 0.0, "operatingIncome": 0.0, "operatingIncomeRatio": 0.0, "totalOtherIncomeExpensesNet": 0.0, "incomeBeforeTax": 0.0, "incomeBeforeTaxRatio": 0.0, "incomeTaxExpense": 0.0, "netIncome": 0.0, "netIncomeRatio": 0.0, "eps": 0.0, "epsdiluted": 0.0, "weightedAverageShsOut": 0.0, "weightedAverageShsOutDil": 0.0, "link": "https://www.sec.gov/Archives/edgar/data/1035267/000103526705000007/0001035267-05-000007-index.htm", "finalLink": "https://www.sec.gov/Archives/edgar/data/1035267/000103526705000007/body10q.htm"}, {"date": "2005-03-31", "symbol": "ISRG", "fillingDate": "2005-05-10", "acceptedDate": "Not found...", "period": "Q1", "revenue": 0.0, "costOfRevenue": 0.0, "grossProfit": 0.0, "grossProfitRatio": 0.0, "researchAndDevelopmentExpenses": 0.0, "generalAndAdministrativeExpenses": 0.0, "sellingAndMarketingExpenses": 0.0, "otherExpenses": 0.0, "operatingExpenses": 0.0, "costAndExpenses": 0.0, "interestExpense": 0.0, "depreciationAndAmortization": 0.0, "ebitda": 0.0, "ebitdaratio": 0.0, "operatingIncome": 0.0, "operatingIncomeRatio": 0.0, "totalOtherIncomeExpensesNet": 0.0, "incomeBeforeTax": 0.0, "incomeBeforeTaxRatio": 0.0, "incomeTaxExpense": 0.0, "netIncome": 0.0, "netIncomeRatio": 0.0, "eps": 0.0, "epsdiluted": 0.0, "weightedAverageShsOut": 33693000, "weightedAverageShsOutDil": 34976000, "link": "https://www.sec.gov/Archives/edgar/data/1035267/000103526705000002/0001035267-05-000002-index.htm", "finalLink": "https://www.sec.gov/Archives/edgar/data/1035267/000103526705000002/body10q.htm"}, {"date": "2004-12-31", "symbol": "ISRG", "fillingDate": "2005-03-16", "acceptedDate": "2005-03-16 14:48:06", "period": "FY", "revenue": 138803000, "costOfRevenue": 50813000, "grossProfit": 87990000, "grossProfitRatio": 0.6339200161379798, "researchAndDevelopmentExpenses": 17812000, "generalAndAdministrativeExpenses": 48994000, "sellingAndMarketingExpenses": 0.0, "otherExpenses": 242000.0, "operatingExpenses": 66806000, "costAndExpenses": 66806000, "interestExpense": 91000.0, "depreciationAndAmortization": 5096000.0, "ebitda": 26280000, "ebitdaratio": 0.18933308357888518, "operatingIncome": 21184000, "operatingIncomeRatio": 0.15261917970072694, "totalOtherIncomeExpensesNet": 242000.0, "incomeBeforeTax": 24204000, "incomeBeforeTaxRatio": 0.17437663451078148, "incomeTaxExpense": -726000.0, "netIncome": 23478000, "netIncomeRatio": 0.16914620001008623, "eps": 0.7, "epsdiluted": 0.67, "weightedAverageShsOut": 33693000, "weightedAverageShsOutDil": 34976000, "link": "https://www.sec.gov/Archives/edgar/data/1035267/000119312505052547/0001193125-05-052547-index.htm", "finalLink": "https://www.sec.gov/Archives/edgar/data/1035267/000119312505052547/d10k.htm"}, {"date": "2004-09-30", "symbol": "ISRG", "fillingDate": "2004-11-08", "acceptedDate": "Not found...", "period": "Q3", "revenue": 0.0, "costOfRevenue": 0.0, "grossProfit": 0.0, "grossProfitRatio": 0.0, "researchAndDevelopmentExpenses": 0.0, "generalAndAdministrativeExpenses": 0.0, "sellingAndMarketingExpenses": 0.0, "otherExpenses": 0.0, "operatingExpenses": 0.0, "costAndExpenses": 0.0, "interestExpense": 0.0, "depreciationAndAmortization": -4151000.0, "ebitda": -4151000.0, "ebitdaratio": 0.0, "operatingIncome": 0.0, "operatingIncomeRatio": 0.0, "totalOtherIncomeExpensesNet": 0.0, "incomeBeforeTax": 0.0, "incomeBeforeTaxRatio": 0.0, "incomeTaxExpense": 0.0, "netIncome": 0.0, "netIncomeRatio": 0.0, "eps": 0.0, "epsdiluted": 0.0, "weightedAverageShsOut": 23626000, "weightedAverageShsOutDil": 23626000, "link": "https://www.sec.gov/Archives/edgar/data/1035267/000103526704000003/0001035267-04-000003-index.htm", "finalLink": "https://www.sec.gov/Archives/edgar/data/1035267/000103526704000003/body10q.htm"}]