[{"date": "2020-03-31", "symbol": "SGEN", "fillingDate": "2020-04-30", "acceptedDate": "2020-04-30 17:16:39", "period": "Q1", "revenue": 234514000, "costOfRevenue": 29421000, "grossProfit": 205093000, "grossProfitRatio": 0.8745448032953257, "researchAndDevelopmentExpenses": 195199000, "generalAndAdministrativeExpenses": 122249000, "sellingAndMarketingExpenses": 0.0, "otherExpenses": 0.0, "operatingExpenses": 317448000, "costAndExpenses": 346869000, "interestExpense": 0.0, "depreciationAndAmortization": 9004000.0, "ebitda": -103351000, "ebitdaratio": -0.4407029004664967, "operatingIncome": -112355000, "operatingIncomeRatio": -0.479097196755844, "totalOtherIncomeExpensesNet": -56047000, "incomeBeforeTax": -168402000, "incomeBeforeTaxRatio": -0.7180893251575599, "incomeTaxExpense": 0.0, "netIncome": -168402000, "netIncomeRatio": -0.7180893251575599, "eps": -0.98, "epsdiluted": -0.98, "weightedAverageShsOut": 172350000, "weightedAverageShsOutDil": 172350000, "link": "https://www.sec.gov/Archives/edgar/data/1060736/000106073620000013/0001060736-20-000013-index.htm", "finalLink": "https://www.sec.gov/Archives/edgar/data/1060736/000106073620000013/a10q2020q1.htm"}, {"date": "2019-12-31", "symbol": "SGEN", "fillingDate": "2020-02-06", "acceptedDate": "2020-02-06 17:17:54", "period": "FY", "revenue": 289804000, "costOfRevenue": 9639000.0, "grossProfit": 280165000, "grossProfitRatio": 0.9667395895156726, "researchAndDevelopmentExpenses": 201061000, "generalAndAdministrativeExpenses": 115229000, "sellingAndMarketingExpenses": 0.0, "otherExpenses": 0.0, "operatingExpenses": 316290000, "costAndExpenses": 328218000, "interestExpense": 0.0, "depreciationAndAmortization": 17027000, "ebitda": -21387000, "ebitdaratio": -0.07379815323459994, "operatingIncome": -38414000, "operatingIncomeRatio": -0.13255165560171703, "totalOtherIncomeExpensesNet": 64244000, "incomeBeforeTax": 25830000, "incomeBeforeTaxRatio": 0.0891292045658, "incomeTaxExpense": 0.0, "netIncome": 25830000, "netIncomeRatio": 0.0891292045658, "eps": 0.17, "epsdiluted": 0.17, "weightedAverageShsOut": 172350000, "weightedAverageShsOutDil": 165498000, "link": "https://www.sec.gov/Archives/edgar/data/1060736/000106073620000006/0001060736-20-000006-index.htm", "finalLink": "https://www.sec.gov/Archives/edgar/data/1060736/000106073620000006/a10k2019.htm"}, {"date": "2019-09-30", "symbol": "SGEN", "fillingDate": "2019-10-30", "acceptedDate": "2019-10-29 19:21:20", "period": "Q3", "revenue": 213263000, "costOfRevenue": 8723000.0, "grossProfit": 204540000, "grossProfitRatio": 0.9590974524413518, "researchAndDevelopmentExpenses": 196119000, "generalAndAdministrativeExpenses": 96101000, "sellingAndMarketingExpenses": 0.0, "otherExpenses": 0.0, "operatingExpenses": 292220000, "costAndExpenses": 303047000, "interestExpense": 0.0, "depreciationAndAmortization": 6665000.0, "ebitda": -83119000, "ebitdaratio": -0.38974880781007487, "operatingIncome": -89784000, "operatingIncomeRatio": -0.4210012988657198, "totalOtherIncomeExpensesNet": -2129000.0, "incomeBeforeTax": -91913000, "incomeBeforeTaxRatio": -0.4309842776290308, "incomeTaxExpense": 0.0, "netIncome": -91913000, "netIncomeRatio": -0.4309842776290308, "eps": -0.56, "epsdiluted": -0.56, "weightedAverageShsOut": 172350000, "weightedAverageShsOutDil": 163428000, "link": "https://www.sec.gov/Archives/edgar/data/1060736/000106073619000038/0001060736-19-000038-index.htm", "finalLink": "https://www.sec.gov/Archives/edgar/data/1060736/000106073619000038/a10q2019q3.htm"}, {"date": "2019-06-30", "symbol": "SGEN", "fillingDate": "2019-07-16", "acceptedDate": "2019-07-16 17:19:05", "period": "Q2", "revenue": 218447000, "costOfRevenue": 16520000, "grossProfit": 201927000, "grossProfitRatio": 0.924375248916213, "researchAndDevelopmentExpenses": 163929000, "generalAndAdministrativeExpenses": 82331000, "sellingAndMarketingExpenses": 0.0, "otherExpenses": 0.0, "operatingExpenses": 246260000, "costAndExpenses": 257157000, "interestExpense": 0.0, "depreciationAndAmortization": 7373000.0, "ebitda": -31337000, "ebitdaratio": -0.14345356081795585, "operatingIncome": -38710000, "operatingIncomeRatio": -0.17720545487006, "totalOtherIncomeExpensesNet": -40528000, "incomeBeforeTax": -79238000, "incomeBeforeTaxRatio": -0.36273329457488546, "incomeTaxExpense": 0.0, "netIncome": -79238000, "netIncomeRatio": -0.36273329457488546, "eps": -0.49, "epsdiluted": -0.49, "weightedAverageShsOut": 161049000, "weightedAverageShsOutDil": 161049000, "link": "https://www.sec.gov/Archives/edgar/data/1060736/000106073619000030/0001060736-19-000030-index.htm", "finalLink": "https://www.sec.gov/Archives/edgar/data/1060736/000106073619000030/a10q2019q2.htm"}, {"date": "2019-03-31", "symbol": "SGEN", "fillingDate": "2019-04-26", "acceptedDate": "2019-04-25 17:45:12", "period": "Q1", "revenue": 195199000, "costOfRevenue": 10300000, "grossProfit": 184899000, "grossProfitRatio": 0.9472333362363536, "researchAndDevelopmentExpenses": 158265000, "generalAndAdministrativeExpenses": 80271000, "sellingAndMarketingExpenses": 0.0, "otherExpenses": 0.0, "operatingExpenses": 238536000, "costAndExpenses": 248836000, "interestExpense": 0.0, "depreciationAndAmortization": 7365000.0, "ebitda": -46272000, "ebitdaratio": -0.2370503947253828, "operatingIncome": -53637000, "operatingIncomeRatio": -0.2747811208049222, "totalOtherIncomeExpensesNet": 40308000, "incomeBeforeTax": -13329000, "incomeBeforeTaxRatio": -0.06828416129180989, "incomeTaxExpense": 0.0, "netIncome": -13329000, "netIncomeRatio": -0.06828416129180989, "eps": -0.08, "epsdiluted": -0.08, "weightedAverageShsOut": 161049000, "weightedAverageShsOutDil": 160657000, "link": "https://www.sec.gov/Archives/edgar/data/1060736/000106073619000020/0001060736-19-000020-index.htm", "finalLink": "https://www.sec.gov/Archives/edgar/data/1060736/000106073619000020/a10q2019q1.htm"}, {"date": "2018-12-31", "symbol": "SGEN", "fillingDate": "2019-02-07", "acceptedDate": "2019-02-07 17:10:57", "period": "FY", "revenue": 174513000, "costOfRevenue": 30222000, "grossProfit": 144291000, "grossProfitRatio": 0.8268209245156521, "researchAndDevelopmentExpenses": 149772000, "generalAndAdministrativeExpenses": 79467000, "sellingAndMarketingExpenses": 0.0, "otherExpenses": 0.0, "operatingExpenses": 229239000, "costAndExpenses": 264824000, "interestExpense": 0.0, "depreciationAndAmortization": 8133000.0, "ebitda": -82178000, "ebitdaratio": -0.470899016119143, "operatingIncome": -90311000, "operatingIncomeRatio": -0.5175029940462889, "totalOtherIncomeExpensesNet": -53147000, "incomeBeforeTax": -143458000, "incomeBeforeTaxRatio": -0.822047641149943, "incomeTaxExpense": -23653000, "netIncome": -119805000, "netIncomeRatio": -0.6865104605387564, "eps": -0.75, "epsdiluted": -0.75, "weightedAverageShsOut": 161049000, "weightedAverageShsOutDil": 157655000, "link": "https://www.sec.gov/Archives/edgar/data/1060736/000106073619000010/0001060736-19-000010-index.htm", "finalLink": "https://www.sec.gov/Archives/edgar/data/1060736/000106073619000010/a10k2018.htm"}, {"date": "2018-09-30", "symbol": "SGEN", "fillingDate": "2018-10-26", "acceptedDate": "2018-10-26 16:21:09", "period": "Q3", "revenue": 169424000, "costOfRevenue": 12348000, "grossProfit": 157076000, "grossProfitRatio": 0.9271177637170649, "researchAndDevelopmentExpenses": 140175000, "generalAndAdministrativeExpenses": 57155000, "sellingAndMarketingExpenses": 0.0, "otherExpenses": 0.0, "operatingExpenses": 197330000, "costAndExpenses": 214998000, "interestExpense": 0.0, "depreciationAndAmortization": 6085000.0, "ebitda": -39489000, "ebitdaratio": -0.23307795825857022, "operatingIncome": -45574000, "operatingIncomeRatio": -0.2689937671168193, "totalOtherIncomeExpensesNet": -21872000, "incomeBeforeTax": -67446000, "incomeBeforeTaxRatio": -0.39808999905562376, "incomeTaxExpense": 0.0, "netIncome": -67446000, "netIncomeRatio": -0.39808999905562376, "eps": -0.43, "epsdiluted": -0.43, "weightedAverageShsOut": 156799000, "weightedAverageShsOutDil": 156799000, "link": "https://www.sec.gov/Archives/edgar/data/1060736/000106073618000021/0001060736-18-000021-index.htm", "finalLink": "https://www.sec.gov/Archives/edgar/data/1060736/000106073618000021/a10q2018q3.htm"}, {"date": "2018-06-30", "symbol": "SGEN", "fillingDate": "2018-07-26", "acceptedDate": "2018-07-26 17:12:54", "period": "Q2", "revenue": 170173000, "costOfRevenue": 13157000, "grossProfit": 157016000, "grossProfitRatio": 0.9226845621808395, "researchAndDevelopmentExpenses": 122860000, "generalAndAdministrativeExpenses": 58292000, "sellingAndMarketingExpenses": 0.0, "otherExpenses": -5377000.0, "operatingExpenses": 175775000, "costAndExpenses": 200457000, "interestExpense": 0.0, "depreciationAndAmortization": 7188000.0, "ebitda": -23096000, "ebitdaratio": -0.13572070775034817, "operatingIncome": -30284000, "operatingIncomeRatio": -0.17796007592273744, "totalOtherIncomeExpensesNet": 88652000, "incomeBeforeTax": 76273000, "incomeBeforeTaxRatio": 0.448208587731, "incomeTaxExpense": 0.0, "netIncome": 76273000, "netIncomeRatio": 0.448208587731, "eps": 0.5, "epsdiluted": 0.5, "weightedAverageShsOut": 155525000, "weightedAverageShsOutDil": 155525000, "link": "https://www.sec.gov/Archives/edgar/data/1060736/000106073618000012/0001060736-18-000012-index.htm", "finalLink": "https://www.sec.gov/Archives/edgar/data/1060736/000106073618000012/a10q2018q2.htm"}, {"date": "2018-03-31", "symbol": "SGEN", "fillingDate": "2018-04-26", "acceptedDate": "2018-04-26 17:26:46", "period": "Q1", "revenue": 140590000, "costOfRevenue": 10358000, "grossProfit": 130232000, "grossProfitRatio": 0.9263247741660147, "researchAndDevelopmentExpenses": 152502000, "generalAndAdministrativeExpenses": 66182000, "sellingAndMarketingExpenses": 0.0, "otherExpenses": 5377000.0, "operatingExpenses": 224061000, "costAndExpenses": 234419000, "interestExpense": 0.0, "depreciationAndAmortization": 7156000.0, "ebitda": -86673000, "ebitdaratio": -0.6164947720321502, "operatingIncome": -93829000, "operatingIncomeRatio": -0.6673945515328259, "totalOtherIncomeExpensesNet": 19000.0, "incomeBeforeTax": -111715000, "incomeBeforeTaxRatio": -0.7946155487588021, "incomeTaxExpense": 0.0, "netIncome": -111715000, "netIncomeRatio": -0.7946155487588021, "eps": -0.73, "epsdiluted": -0.73, "weightedAverageShsOut": 155525000, "weightedAverageShsOutDil": 152049000, "link": "https://www.sec.gov/Archives/edgar/data/1060736/000119312518135233/0001193125-18-135233-index.htm", "finalLink": "https://www.sec.gov/Archives/edgar/data/1060736/000119312518135233/d564571d10q.htm"}, {"date": "2017-12-31", "symbol": "SGEN", "fillingDate": "2018-02-15", "acceptedDate": "2018-02-14 21:44:39", "period": "FY", "revenue": 129605000, "costOfRevenue": 10213000, "grossProfit": 119392000, "grossProfitRatio": 0.921199027815285, "researchAndDevelopmentExpenses": 110504000, "generalAndAdministrativeExpenses": 48450000, "sellingAndMarketingExpenses": 0.0, "otherExpenses": 19350000, "operatingExpenses": 178304000, "costAndExpenses": 174617000, "interestExpense": 0.0, "depreciationAndAmortization": 7379000.0, "ebitda": -37633000, "ebitdaratio": -0.2903668839936731, "operatingIncome": -45012000, "operatingIncomeRatio": -0.3473014158404383, "totalOtherIncomeExpensesNet": -47546000, "incomeBeforeTax": -92558000, "incomeBeforeTaxRatio": -0.7141545465066934, "incomeTaxExpense": -27942000, "netIncome": -59201000, "netIncomeRatio": -0.456780216812623, "eps": -0.42, "epsdiluted": -0.42, "weightedAverageShsOut": 155525000, "weightedAverageShsOutDil": 143174000, "link": "https://www.sec.gov/Archives/edgar/data/1060736/000119312518046213/0001193125-18-046213-index.htm", "finalLink": "https://www.sec.gov/Archives/edgar/data/1060736/000119312518046213/d515764d10k.htm"}, {"date": "2017-09-30", "symbol": "SGEN", "fillingDate": "2017-11-06", "acceptedDate": "2017-11-06 16:36:55", "period": "Q3", "revenue": 135291000, "costOfRevenue": 9019000.0, "grossProfit": 126272000, "grossProfitRatio": 0.9333362899232026, "researchAndDevelopmentExpenses": 113606000, "generalAndAdministrativeExpenses": 39667000, "sellingAndMarketingExpenses": 0.0, "otherExpenses": 0.0, "operatingExpenses": 153273000, "costAndExpenses": 167488000, "interestExpense": 0.0, "depreciationAndAmortization": 6178000.0, "ebitda": -26019000, "ebitdaratio": -0.19231877951970197, "operatingIncome": -32197000, "operatingIncomeRatio": -0.2379833100501881, "totalOtherIncomeExpensesNet": 82218000, "incomeBeforeTax": 44606000, "incomeBeforeTaxRatio": 0.329704119269, "incomeTaxExpense": -5415000.0, "netIncome": 50021000, "netIncomeRatio": 0.369728954624, "eps": 0.36, "epsdiluted": 0.36, "weightedAverageShsOut": 142876000, "weightedAverageShsOutDil": 142876000, "link": "https://www.sec.gov/Archives/edgar/data/1060736/000119312517334363/0001193125-17-334363-index.htm", "finalLink": "https://www.sec.gov/Archives/edgar/data/1060736/000119312517334363/d443261d10q.htm"}, {"date": "2017-06-30", "symbol": "SGEN", "fillingDate": "2017-08-01", "acceptedDate": "2017-08-01 16:42:57", "period": "Q2", "revenue": 108223000, "costOfRevenue": 8055000.0, "grossProfit": 100168000, "grossProfitRatio": 0.9255703501104201, "researchAndDevelopmentExpenses": 114406000, "generalAndAdministrativeExpenses": 40712000, "sellingAndMarketingExpenses": 0.0, "otherExpenses": 0.0, "operatingExpenses": 155118000, "costAndExpenses": 167497000, "interestExpense": 0.0, "depreciationAndAmortization": 5431000.0, "ebitda": -53843000, "ebitdaratio": -0.49751901167034734, "operatingIncome": -59274000, "operatingIncomeRatio": -0.5477024292433217, "totalOtherIncomeExpensesNet": 2914000.0, "incomeBeforeTax": -56360000, "incomeBeforeTaxRatio": -0.5207765447270912, "incomeTaxExpense": 0.0, "netIncome": -56360000, "netIncomeRatio": -0.5207765447270912, "eps": -0.4, "epsdiluted": -0.4, "weightedAverageShsOut": 142876000, "weightedAverageShsOutDil": 142631000, "link": "https://www.sec.gov/Archives/edgar/data/1060736/000119312517244337/0001193125-17-244337-index.htm", "finalLink": "https://www.sec.gov/Archives/edgar/data/1060736/000119312517244337/d409692d10q.htm"}, {"date": "2017-03-31", "symbol": "SGEN", "fillingDate": "2017-05-01", "acceptedDate": "2017-05-01 16:35:48", "period": "Q1", "revenue": 109131000, "costOfRevenue": 7481000.0, "grossProfit": 101650000, "grossProfitRatio": 0.9314493590272241, "researchAndDevelopmentExpenses": 118184000, "generalAndAdministrativeExpenses": 38404000, "sellingAndMarketingExpenses": 0.0, "otherExpenses": 0.0, "operatingExpenses": 156588000, "costAndExpenses": 168449000, "interestExpense": 0.0, "depreciationAndAmortization": 4784000.0, "ebitda": -54534000, "ebitdaratio": -0.49971135607664185, "operatingIncome": -59318000, "operatingIncomeRatio": -0.5435485792304662, "totalOtherIncomeExpensesNet": -672000.0, "incomeBeforeTax": -59990000, "incomeBeforeTaxRatio": -0.549706316262107, "incomeTaxExpense": 0.0, "netIncome": -59990000, "netIncomeRatio": -0.549706316262107, "eps": -0.42, "epsdiluted": -0.42, "weightedAverageShsOut": 142876000, "weightedAverageShsOutDil": 142458000, "link": "https://www.sec.gov/Archives/edgar/data/1060736/000119312517151970/0001193125-17-151970-index.htm", "finalLink": "https://www.sec.gov/Archives/edgar/data/1060736/000119312517151970/d356128d10q.htm"}, {"date": "2016-12-31", "symbol": "SGEN", "fillingDate": "2017-02-21", "acceptedDate": "2017-02-21 17:07:00", "period": "FY", "revenue": 105275000, "costOfRevenue": 7896000.0, "grossProfit": 97379000, "grossProfitRatio": 0.9249964379007362, "researchAndDevelopmentExpenses": 108172000, "generalAndAdministrativeExpenses": 41377000, "sellingAndMarketingExpenses": 0.0, "otherExpenses": 0.0, "operatingExpenses": 149549000, "costAndExpenses": 161124000, "interestExpense": 0.0, "depreciationAndAmortization": 4764000.0, "ebitda": -51085000, "ebitdaratio": -0.4852529090477321, "operatingIncome": -55849000, "operatingIncomeRatio": -0.5305058180954643, "totalOtherIncomeExpensesNet": 1716000.0, "incomeBeforeTax": 18758000, "incomeBeforeTaxRatio": 0.178180954643, "incomeTaxExpense": 0.0, "netIncome": -55138000, "netIncomeRatio": -0.5237520778912372, "eps": -0.39, "epsdiluted": -0.39, "weightedAverageShsOut": 142876000, "weightedAverageShsOutDil": 140746000, "link": "https://www.sec.gov/Archives/edgar/data/1060736/000119312517050543/0001193125-17-050543-index.htm", "finalLink": "https://www.sec.gov/Archives/edgar/data/1060736/000119312517050543/d481013d10k.htm"}, {"date": "2016-09-30", "symbol": "SGEN", "fillingDate": "2016-10-27", "acceptedDate": "2016-10-27 17:23:44", "period": "Q3", "revenue": 106315000, "costOfRevenue": 7427000.0, "grossProfit": 98888000, "grossProfitRatio": 0.9301415604571321, "researchAndDevelopmentExpenses": 92711000, "generalAndAdministrativeExpenses": 34841000, "sellingAndMarketingExpenses": 0.0, "otherExpenses": 0.0, "operatingExpenses": 127552000, "costAndExpenses": 138727000, "interestExpense": 0.0, "depreciationAndAmortization": 4624000.0, "ebitda": -27788000, "ebitdaratio": -0.26137421812538214, "operatingIncome": -32412000, "operatingIncomeRatio": -0.30486761040304755, "totalOtherIncomeExpensesNet": 898000.0, "incomeBeforeTax": -31752000, "incomeBeforeTaxRatio": -0.2986596435122043, "incomeTaxExpense": 0.0, "netIncome": -31752000, "netIncomeRatio": -0.2986596435122043, "eps": -0.23, "epsdiluted": -0.23, "weightedAverageShsOut": 142876000, "weightedAverageShsOutDil": 140369000, "link": "https://www.sec.gov/Archives/edgar/data/1060736/000119312516749891/0001193125-16-749891-index.htm", "finalLink": "https://www.sec.gov/Archives/edgar/data/1060736/000119312516749891/d251389d10q.htm"}, {"date": "2016-06-30", "symbol": "SGEN", "fillingDate": "2016-07-26", "acceptedDate": "2016-07-26 17:16:51", "period": "Q2", "revenue": 95402000, "costOfRevenue": 6901000.0, "grossProfit": 88501000, "grossProfitRatio": 0.9276639902727406, "researchAndDevelopmentExpenses": 85554000, "generalAndAdministrativeExpenses": 33282000, "sellingAndMarketingExpenses": 0.0, "otherExpenses": 0.0, "operatingExpenses": 118836000, "costAndExpenses": 128844000, "interestExpense": 0.0, "depreciationAndAmortization": 4416000.0, "ebitda": -29026000, "ebitdaratio": -0.30424938680530805, "operatingIncome": -33442000, "operatingIncomeRatio": -0.3505377245760047, "totalOtherIncomeExpensesNet": 0.0, "incomeBeforeTax": -32743000, "incomeBeforeTaxRatio": -0.3432108341544202, "incomeTaxExpense": 0.0, "netIncome": -32743000, "netIncomeRatio": -0.3432108341544202, "eps": -0.23, "epsdiluted": -0.23, "weightedAverageShsOut": 142876000, "weightedAverageShsOutDil": 140086000, "link": "https://www.sec.gov/Archives/edgar/data/1060736/000119312516658290/0001193125-16-658290-index.htm", "finalLink": "https://www.sec.gov/Archives/edgar/data/1060736/000119312516658290/d206043d10q.htm"}, {"date": "2016-03-31", "symbol": "SGEN", "fillingDate": "2016-04-29", "acceptedDate": "2016-04-29 16:24:50", "period": "Q1", "revenue": 111155000, "costOfRevenue": 5944000.0, "grossProfit": 105211000, "grossProfitRatio": 0.9465251225765823, "researchAndDevelopmentExpenses": 92871000, "generalAndAdministrativeExpenses": 29747000, "sellingAndMarketingExpenses": 0.0, "otherExpenses": 0.0, "operatingExpenses": 122618000, "costAndExpenses": 132177000, "interestExpense": 0.0, "depreciationAndAmortization": 4230000.0, "ebitda": -16792000, "ebitdaratio": -0.15106832801043588, "operatingIncome": -21022000, "operatingIncomeRatio": -0.18912329629796232, "totalOtherIncomeExpensesNet": 0.0, "incomeBeforeTax": -20478000, "incomeBeforeTaxRatio": -0.1842292294543655, "incomeTaxExpense": 0.0, "netIncome": -20478000, "netIncomeRatio": -0.1842292294543655, "eps": -0.15, "epsdiluted": -0.15, "weightedAverageShsOut": 142876000, "weightedAverageShsOutDil": 139890000, "link": "https://www.sec.gov/Archives/edgar/data/1060736/000119312516569399/0001193125-16-569399-index.htm", "finalLink": "https://www.sec.gov/Archives/edgar/data/1060736/000119312516569399/d141676d10q.htm"}, {"date": "2015-12-31", "symbol": "SGEN", "fillingDate": "2016-02-19", "acceptedDate": "2016-02-19 16:17:12", "period": "FY", "revenue": 93477000, "costOfRevenue": 6701000.0, "grossProfit": 86776000, "grossProfitRatio": 0.9283139167923661, "researchAndDevelopmentExpenses": 74607000, "generalAndAdministrativeExpenses": 33635000, "sellingAndMarketingExpenses": 0.0, "otherExpenses": 0.0, "operatingExpenses": 108242000, "costAndExpenses": 118621000, "interestExpense": 0.0, "depreciationAndAmortization": 4754000.0, "ebitda": -20390000, "ebitdaratio": -0.21812852359403917, "operatingIncome": -25144000, "operatingIncomeRatio": -0.2689859537640275, "totalOtherIncomeExpensesNet": 288000.0, "incomeBeforeTax": -24856000, "incomeBeforeTaxRatio": -0.26590498197417545, "incomeTaxExpense": 0.0, "netIncome": -24856000, "netIncomeRatio": -0.26590498197417545, "eps": -0.17, "epsdiluted": -0.17, "weightedAverageShsOut": 142876000, "weightedAverageShsOutDil": 129184000, "link": "https://www.sec.gov/Archives/edgar/data/1060736/000119312516470022/0001193125-16-470022-index.htm", "finalLink": "https://www.sec.gov/Archives/edgar/data/1060736/000119312516470022/d46527d10k.htm"}, {"date": "2015-09-30", "symbol": "SGEN", "fillingDate": "2015-10-30", "acceptedDate": "2015-10-30 16:16:29", "period": "Q3", "revenue": 84072000, "costOfRevenue": 6625000.0, "grossProfit": 77447000, "grossProfitRatio": 0.9211984965267865, "researchAndDevelopmentExpenses": 70790000, "generalAndAdministrativeExpenses": 29684000, "sellingAndMarketingExpenses": 0.0, "otherExpenses": 0.0, "operatingExpenses": 100474000, "costAndExpenses": 110572000, "interestExpense": 0.0, "depreciationAndAmortization": 3352000.0, "ebitda": -23148000, "ebitdaratio": -0.27533542677704825, "operatingIncome": -26500000, "operatingIncomeRatio": -0.31520601389285374, "totalOtherIncomeExpensesNet": 62000.0, "incomeBeforeTax": -26438000, "incomeBeforeTaxRatio": -0.3144685507660101, "incomeTaxExpense": 0.0, "netIncome": -26438000, "netIncomeRatio": -0.3144685507660101, "eps": -0.21, "epsdiluted": -0.21, "weightedAverageShsOut": 142876000, "weightedAverageShsOutDil": 125693000, "link": "https://www.sec.gov/Archives/edgar/data/1060736/000119312515360311/0001193125-15-360311-index.htm", "finalLink": "https://www.sec.gov/Archives/edgar/data/1060736/000119312515360311/d15530d10q.htm"}, {"date": "2015-06-30", "symbol": "SGEN", "fillingDate": "2015-07-30", "acceptedDate": "2015-07-30 16:26:27", "period": "Q2", "revenue": 77096000, "costOfRevenue": 5940000.0, "grossProfit": 71156000, "grossProfitRatio": 0.9229532012036941, "researchAndDevelopmentExpenses": 85737000, "generalAndAdministrativeExpenses": 30343000, "sellingAndMarketingExpenses": 0.0, "otherExpenses": 0.0, "operatingExpenses": 116080000, "costAndExpenses": 124659000, "interestExpense": 0.0, "depreciationAndAmortization": 3284000.0, "ebitda": -44279000, "ebitdaratio": -0.5743358929127321, "operatingIncome": -47563000, "operatingIncomeRatio": -0.6169321365570198, "totalOtherIncomeExpensesNet": 61000.0, "incomeBeforeTax": -47502000, "incomeBeforeTaxRatio": -0.6161409152225796, "incomeTaxExpense": 0.0, "netIncome": -47502000, "netIncomeRatio": -0.6161409152225796, "eps": -0.38, "epsdiluted": -0.38, "weightedAverageShsOut": 142876000, "weightedAverageShsOutDil": 124690000, "link": "https://www.sec.gov/Archives/edgar/data/1060736/000119312515270861/0001193125-15-270861-index.htm", "finalLink": "https://www.sec.gov/Archives/edgar/data/1060736/000119312515270861/d934196d10q.htm"}, {"date": "2015-03-31", "symbol": "SGEN", "fillingDate": "2015-05-01", "acceptedDate": "2015-05-01 16:16:23", "period": "Q1", "revenue": 82157000, "costOfRevenue": 5210000.0, "grossProfit": 76947000, "grossProfitRatio": 0.9365848314811884, "researchAndDevelopmentExpenses": 63395000, "generalAndAdministrativeExpenses": 32121000, "sellingAndMarketingExpenses": 0.0, "otherExpenses": 0.0, "operatingExpenses": 95516000, "costAndExpenses": 103900000, "interestExpense": 0.0, "depreciationAndAmortization": 3115000.0, "ebitda": -18628000, "ebitdaratio": -0.22673661404384288, "operatingIncome": -21743000, "operatingIncomeRatio": -0.26465182516401525, "totalOtherIncomeExpensesNet": 53000.0, "incomeBeforeTax": -21690000, "incomeBeforeTaxRatio": -0.2640067188431905, "incomeTaxExpense": 0.0, "netIncome": -21690000, "netIncomeRatio": -0.2640067188431905, "eps": -0.17, "epsdiluted": -0.17, "weightedAverageShsOut": 142876000, "weightedAverageShsOutDil": 124312000, "link": "https://www.sec.gov/Archives/edgar/data/1060736/000119312515166347/0001193125-15-166347-index.htm", "finalLink": "https://www.sec.gov/Archives/edgar/data/1060736/000119312515166347/d891535d10q.htm"}, {"date": "2014-12-31", "symbol": "SGEN", "fillingDate": "2015-02-27", "acceptedDate": "2015-02-27 16:23:04", "period": "FY", "revenue": 74326000, "costOfRevenue": 5036000.0, "grossProfit": 69290000, "grossProfitRatio": 0.9322444366708823, "researchAndDevelopmentExpenses": 64043000, "generalAndAdministrativeExpenses": 29435000, "sellingAndMarketingExpenses": 0.0, "otherExpenses": 0.0, "operatingExpenses": 93478000, "costAndExpenses": 102050000, "interestExpense": 0.0, "depreciationAndAmortization": 4197000.0, "ebitda": -23527000, "ebitdaratio": -0.3165379544170277, "operatingIncome": -27724000, "operatingIncomeRatio": -0.37300540860533327, "totalOtherIncomeExpensesNet": 1040000.0, "incomeBeforeTax": -26684000, "incomeBeforeTaxRatio": -0.3590129967978904, "incomeTaxExpense": 0.0, "netIncome": -26684000, "netIncomeRatio": -0.3590129967978904, "eps": -0.22, "epsdiluted": -0.22, "weightedAverageShsOut": 142876000, "weightedAverageShsOutDil": 123408000, "link": "https://www.sec.gov/Archives/edgar/data/1060736/000119312515069861/0001193125-15-069861-index.htm", "finalLink": "https://www.sec.gov/Archives/edgar/data/1060736/000119312515069861/d823767d10k.htm"}, {"date": "2014-09-30", "symbol": "SGEN", "fillingDate": "2014-11-07", "acceptedDate": "2014-11-07 16:17:17", "period": "Q3", "revenue": 75853000, "costOfRevenue": 4725000.0, "grossProfit": 71128000, "grossProfitRatio": 0.9377084624207348, "researchAndDevelopmentExpenses": 58510000, "generalAndAdministrativeExpenses": 25342000, "sellingAndMarketingExpenses": 0.0, "otherExpenses": 0.0, "operatingExpenses": 83852000, "costAndExpenses": 91478000, "interestExpense": 0.0, "depreciationAndAmortization": 3068000.0, "ebitda": -12557000, "ebitdaratio": -0.16554388092758363, "operatingIncome": -15625000, "operatingIncomeRatio": -0.2059905343229668, "totalOtherIncomeExpensesNet": 59000.0, "incomeBeforeTax": -15566000, "incomeBeforeTaxRatio": -0.20521271406536326, "incomeTaxExpense": 0.0, "netIncome": -15566000, "netIncomeRatio": -0.20521271406536326, "eps": -0.12, "epsdiluted": -0.12, "weightedAverageShsOut": 142876000, "weightedAverageShsOutDil": 123234000, "link": "https://www.sec.gov/Archives/edgar/data/1060736/000119312514403383/0001193125-14-403383-index.htm", "finalLink": "https://www.sec.gov/Archives/edgar/data/1060736/000119312514403383/d782916d10q.htm"}, {"date": "2014-06-30", "symbol": "SGEN", "fillingDate": "2014-08-08", "acceptedDate": "2014-08-08 16:16:11", "period": "Q2", "revenue": 68308000, "costOfRevenue": 4088000.0, "grossProfit": 64220000, "grossProfitRatio": 0.94015342273233, "researchAndDevelopmentExpenses": 53694000, "generalAndAdministrativeExpenses": 25525000, "sellingAndMarketingExpenses": 0.0, "otherExpenses": 0.0, "operatingExpenses": 79219000, "costAndExpenses": 85951000, "interestExpense": 0.0, "depreciationAndAmortization": 2870000.0, "ebitda": -14773000, "ebitdaratio": -0.21627042220530537, "operatingIncome": -17643000, "operatingIncomeRatio": -0.25828599871171753, "totalOtherIncomeExpensesNet": 53000.0, "incomeBeforeTax": -17590000, "incomeBeforeTaxRatio": -0.25751010130584995, "incomeTaxExpense": 0.0, "netIncome": -17590000, "netIncomeRatio": -0.25751010130584995, "eps": -0.15, "epsdiluted": -0.15, "weightedAverageShsOut": 142876000, "weightedAverageShsOutDil": 123053000, "link": "https://www.sec.gov/Archives/edgar/data/1060736/000119312514303153/0001193125-14-303153-index.htm", "finalLink": "https://www.sec.gov/Archives/edgar/data/1060736/000119312514303153/d733646d10q.htm"}, {"date": "2014-03-31", "symbol": "SGEN", "fillingDate": "2014-05-09", "acceptedDate": "2014-05-09 16:16:21", "period": "Q1", "revenue": 68271000, "costOfRevenue": 3664000.0, "grossProfit": 64607000, "grossProfitRatio": 0.9463315316898829, "researchAndDevelopmentExpenses": 54496000, "generalAndAdministrativeExpenses": 24018000, "sellingAndMarketingExpenses": 0.0, "otherExpenses": 0.0, "operatingExpenses": 78514000, "costAndExpenses": 84642000, "interestExpense": 0.0, "depreciationAndAmortization": 2505000.0, "ebitda": -13866000, "ebitdaratio": -0.20310234213648548, "operatingIncome": -16371000, "operatingIncomeRatio": -0.23979434899151908, "totalOtherIncomeExpensesNet": 70000.0, "incomeBeforeTax": -16301000, "incomeBeforeTaxRatio": -0.23876902345065987, "incomeTaxExpense": 0.0, "netIncome": -16301000, "netIncomeRatio": -0.23876902345065987, "eps": -0.13, "epsdiluted": -0.13, "weightedAverageShsOut": 142876000, "weightedAverageShsOutDil": 122896000, "link": "https://www.sec.gov/Archives/edgar/data/1060736/000119312514192484/0001193125-14-192484-index.htm", "finalLink": "https://www.sec.gov/Archives/edgar/data/1060736/000119312514192484/d686955d10q.htm"}, {"date": "2013-12-31", "symbol": "SGEN", "fillingDate": "2014-02-28", "acceptedDate": "2014-02-28 16:17:13", "period": "FY", "revenue": 67409000, "costOfRevenue": 3751000.0, "grossProfit": 63658000, "grossProfitRatio": 0.9443546114020384, "researchAndDevelopmentExpenses": 50772000, "generalAndAdministrativeExpenses": 25481000, "sellingAndMarketingExpenses": 0.0, "otherExpenses": 0.0, "operatingExpenses": 76253000, "costAndExpenses": 83090000, "interestExpense": 0.0, "depreciationAndAmortization": 2205000.0, "ebitda": -13476000, "ebitdaratio": -0.07294615646939737, "operatingIncome": -15681000, "operatingIncomeRatio": -0.08488191448475958, "totalOtherIncomeExpensesNet": 10000.0, "incomeBeforeTax": -15671000, "incomeBeforeTaxRatio": -0.0848277840629212, "incomeTaxExpense": 0.0, "netIncome": -15671000, "netIncomeRatio": -0.0848277840629212, "eps": -0.12, "epsdiluted": -0.12, "weightedAverageShsOut": 142876000, "weightedAverageShsOutDil": 121575000, "link": "https://www.sec.gov/Archives/edgar/data/1060736/000119312514077371/0001193125-14-077371-index.htm", "finalLink": "https://www.sec.gov/Archives/edgar/data/1060736/000119312514077371/d626905d10k.htm"}, {"date": "2013-09-30", "symbol": "SGEN", "fillingDate": "2013-11-08", "acceptedDate": "2013-11-08 16:17:22", "period": "Q3", "revenue": 70969000, "costOfRevenue": 3528000.0, "grossProfit": 67441000, "grossProfitRatio": 0.9502881539827248, "researchAndDevelopmentExpenses": 67847000, "generalAndAdministrativeExpenses": 21451000, "sellingAndMarketingExpenses": 0.0, "otherExpenses": 0.0, "operatingExpenses": 89298000, "costAndExpenses": 94753000, "interestExpense": 0.0, "depreciationAndAmortization": 1919000.0, "ebitda": -45261000, "ebitdaratio": -0.5354747116237799, "operatingIncome": -47180000, "operatingIncomeRatio": -0.5581780538302278, "totalOtherIncomeExpensesNet": 331000.0, "incomeBeforeTax": -46849000, "incomeBeforeTaxRatio": -0.5542620526471458, "incomeTaxExpense": 0.0, "netIncome": -46849000, "netIncomeRatio": -0.5542620526471458, "eps": -0.2, "epsdiluted": -0.2, "weightedAverageShsOut": 142876000, "weightedAverageShsOutDil": 121260000, "link": "https://www.sec.gov/Archives/edgar/data/1060736/000119312513435260/0001193125-13-435260-index.htm", "finalLink": "https://www.sec.gov/Archives/edgar/data/1060736/000119312513435260/d587173d10q.htm"}, {"date": "2013-06-30", "symbol": "SGEN", "fillingDate": "2013-08-07", "acceptedDate": "2013-08-07 16:21:09", "period": "Q2", "revenue": 73558000, "costOfRevenue": 3311000.0, "grossProfit": 70247000, "grossProfitRatio": 0.9549879007042062, "researchAndDevelopmentExpenses": 52273000, "generalAndAdministrativeExpenses": 23536000, "sellingAndMarketingExpenses": 0.0, "otherExpenses": 0.0, "operatingExpenses": 75809000, "costAndExpenses": 80567000, "interestExpense": 0.0, "depreciationAndAmortization": 1655000.0, "ebitda": -5354000.0, "ebitdaratio": -0.07278610076402295, "operatingIncome": -7009000.0, "operatingIncomeRatio": -0.09528535305473232, "totalOtherIncomeExpensesNet": 110000.0, "incomeBeforeTax": -6899000.0, "incomeBeforeTaxRatio": -0.09378993447347671, "incomeTaxExpense": 0.0, "netIncome": -6899000.0, "netIncomeRatio": -0.09378993447347671, "eps": -0.05, "epsdiluted": -0.05, "weightedAverageShsOut": 142876000, "weightedAverageShsOutDil": 120888000, "link": "https://www.sec.gov/Archives/edgar/data/1060736/000119312513324237/0001193125-13-324237-index.htm", "finalLink": "https://www.sec.gov/Archives/edgar/data/1060736/000119312513324237/d539953d10q.htm"}, {"date": "2013-03-31", "symbol": "SGEN", "fillingDate": "2013-05-08", "acceptedDate": "2013-05-08 16:16:29", "period": "Q1", "revenue": 57328000, "costOfRevenue": 3169000.0, "grossProfit": 54159000, "grossProfitRatio": 0.9447216020094893, "researchAndDevelopmentExpenses": 47735000, "generalAndAdministrativeExpenses": 21886000, "sellingAndMarketingExpenses": 0.0, "otherExpenses": 0.0, "operatingExpenses": 69621000, "costAndExpenses": 73715000, "interestExpense": 0.0, "depreciationAndAmortization": 953000.0, "ebitda": -15434000, "ebitdaratio": -0.2692227183924086, "operatingIncome": -16387000, "operatingIncomeRatio": -0.28584635780072565, "totalOtherIncomeExpensesNet": 123000.0, "incomeBeforeTax": -16264000, "incomeBeforeTaxRatio": -0.28370080937761655, "incomeTaxExpense": 0.0, "netIncome": -16264000, "netIncomeRatio": -0.28370080937761655, "eps": -0.14, "epsdiluted": -0.14, "weightedAverageShsOut": 142876000, "weightedAverageShsOutDil": 120455000, "link": "https://www.sec.gov/Archives/edgar/data/1060736/000119312513207513/0001193125-13-207513-index.htm", "finalLink": "https://www.sec.gov/Archives/edgar/data/1060736/000119312513207513/d499664d10q.htm"}, {"date": "2012-12-31", "symbol": "SGEN", "fillingDate": "2013-02-27", "acceptedDate": "2013-02-27 16:17:45", "period": "FY", "revenue": 107967000, "costOfRevenue": 2738000.0, "grossProfit": 105229000, "grossProfitRatio": 0.9746403993812924, "researchAndDevelopmentExpenses": 47663000, "generalAndAdministrativeExpenses": 23411000, "sellingAndMarketingExpenses": 0.0, "otherExpenses": 0.0, "operatingExpenses": 71074000, "costAndExpenses": 74620000, "interestExpense": 0.0, "depreciationAndAmortization": 793000.0, "ebitda": -9915000.0, "ebitdaratio": -0.1551351858805858, "operatingIncome": -10708000, "operatingIncomeRatio": -0.16754287144824134, "totalOtherIncomeExpensesNet": 112000.0, "incomeBeforeTax": -10596000, "incomeBeforeTaxRatio": -0.165790461885092, "incomeTaxExpense": 0.0, "netIncome": -10596000, "netIncomeRatio": -0.165790461885092, "eps": -0.09, "epsdiluted": -0.09, "weightedAverageShsOut": 142876000, "weightedAverageShsOutDil": 117851000, "link": "https://www.sec.gov/Archives/edgar/data/1060736/000119312513080019/0001193125-13-080019-index.htm", "finalLink": "https://www.sec.gov/Archives/edgar/data/1060736/000119312513080019/d442571d10k.htm"}, {"date": "2012-09-30", "symbol": "SGEN", "fillingDate": "2012-11-07", "acceptedDate": "2012-11-07 16:21:10", "period": "Q3", "revenue": 33658000, "costOfRevenue": 2742000.0, "grossProfit": 30916000, "grossProfitRatio": 0.9185334838671341, "researchAndDevelopmentExpenses": 41392000, "generalAndAdministrativeExpenses": 18842000, "sellingAndMarketingExpenses": 0.0, "otherExpenses": 0.0, "operatingExpenses": 60234000, "costAndExpenses": 63589000, "interestExpense": 0.0, "depreciationAndAmortization": 785000.0, "ebitda": -12972000, "ebitdaratio": -0.26031465724835445, "operatingIncome": -13757000, "operatingIncomeRatio": -0.27606758709263124, "totalOtherIncomeExpensesNet": 105000.0, "incomeBeforeTax": -13652000, "incomeBeforeTaxRatio": -0.27396050730454324, "incomeTaxExpense": 0.0, "netIncome": -13652000, "netIncomeRatio": -0.27396050730454324, "eps": -0.12, "epsdiluted": -0.12, "weightedAverageShsOut": 142876000, "weightedAverageShsOutDil": 117361000, "link": "https://www.sec.gov/Archives/edgar/data/1060736/000119312512457499/0001193125-12-457499-index.htm", "finalLink": "https://www.sec.gov/Archives/edgar/data/1060736/000119312512457499/d400622d10q.htm"}, {"date": "2012-06-30", "symbol": "SGEN", "fillingDate": "2012-08-08", "acceptedDate": "2012-08-08 16:22:09", "period": "Q2", "revenue": 20942000, "costOfRevenue": 2995000.0, "grossProfit": 17947000, "grossProfitRatio": 0.8569859612262439, "researchAndDevelopmentExpenses": 42755000, "generalAndAdministrativeExpenses": 19862000, "sellingAndMarketingExpenses": 0.0, "otherExpenses": 0.0, "operatingExpenses": 62617000, "costAndExpenses": 66114000, "interestExpense": 0.0, "depreciationAndAmortization": 960000.0, "ebitda": -16331000, "ebitdaratio": -0.33449398848903183, "operatingIncome": -17291000, "operatingIncomeRatio": -0.35415685230321775, "totalOtherIncomeExpensesNet": 55000.0, "incomeBeforeTax": -17236000, "incomeBeforeTaxRatio": -0.35303033406386336, "incomeTaxExpense": 0.0, "netIncome": -17236000, "netIncomeRatio": -0.35303033406386336, "eps": -0.14, "epsdiluted": -0.14, "weightedAverageShsOut": 142876000, "weightedAverageShsOutDil": 116800000, "link": "https://www.sec.gov/Archives/edgar/data/1060736/000119312512344080/0001193125-12-344080-index.htm", "finalLink": "https://www.sec.gov/Archives/edgar/data/1060736/000119312512344080/d362801d10q.htm"}, {"date": "2012-03-31", "symbol": "SGEN", "fillingDate": "2012-05-09", "acceptedDate": "2012-05-09 16:16:29", "period": "Q1", "revenue": 48245000, "costOfRevenue": 3071000.0, "grossProfit": 45174000, "grossProfitRatio": 0.9363457353093585, "researchAndDevelopmentExpenses": 38487000, "generalAndAdministrativeExpenses": 22185000, "sellingAndMarketingExpenses": 0.0, "otherExpenses": 0.0, "operatingExpenses": 60672000, "costAndExpenses": 63743000, "interestExpense": 0.0, "depreciationAndAmortization": 1047000.0, "ebitda": -14451000, "ebitdaratio": -0.2995336304280236, "operatingIncome": -15498000, "operatingIncomeRatio": -0.3212353611773241, "totalOtherIncomeExpensesNet": 3200000.0, "incomeBeforeTax": -12298000, "incomeBeforeTaxRatio": -0.254907244274018, "incomeTaxExpense": 0.0, "netIncome": -12298000, "netIncomeRatio": -0.254907244274018, "eps": -0.11, "epsdiluted": -0.11, "weightedAverageShsOut": 142876000, "weightedAverageShsOutDil": 116348000, "link": "https://www.sec.gov/Archives/edgar/data/1060736/000119312512222068/0001193125-12-222068-index.htm", "finalLink": "https://www.sec.gov/Archives/edgar/data/1060736/000119312512222068/d313716d10q.htm"}, {"date": "2011-12-31", "symbol": "SGEN", "fillingDate": "2012-02-29", "acceptedDate": "2012-02-29 15:25:21", "period": "FY", "revenue": 48887000, "costOfRevenue": 2391000.0, "grossProfit": 46496000, "grossProfitRatio": 0.9510912921635609, "researchAndDevelopmentExpenses": 40239000, "generalAndAdministrativeExpenses": 24954000, "sellingAndMarketingExpenses": 0.0, "otherExpenses": 0.0, "operatingExpenses": 65193000, "costAndExpenses": 67584000, "interestExpense": 0.0, "depreciationAndAmortization": -7877000.0, "ebitda": -26574000, "ebitdaratio": -0.5435800928672244, "operatingIncome": -18697000, "operatingIncomeRatio": -0.38245341297277397, "totalOtherIncomeExpensesNet": 0.0, "incomeBeforeTax": -27165000, "incomeBeforeTaxRatio": -0.5556691963098574, "incomeTaxExpense": 0.0, "netIncome": -27165000, "netIncomeRatio": -0.5556691963098574, "eps": -0.23, "epsdiluted": -0.23, "weightedAverageShsOut": 142876000, "weightedAverageShsOutDil": 113098.0, "link": "https://www.sec.gov/Archives/edgar/data/1060736/000119312512088821/0001193125-12-088821-index.htm", "finalLink": "https://www.sec.gov/Archives/edgar/data/1060736/000119312512088821/d258205d10k.htm"}, {"date": "2011-09-30", "symbol": "SGEN", "fillingDate": "2011-11-04", "acceptedDate": "2011-11-04 16:33:05", "period": "Q3", "revenue": 20666000, "costOfRevenue": 724000.0, "grossProfit": 19942000, "grossProfitRatio": 0.9649666118261879, "researchAndDevelopmentExpenses": 41080000, "generalAndAdministrativeExpenses": 19795000, "sellingAndMarketingExpenses": 0.0, "otherExpenses": 0.0, "operatingExpenses": 60875000, "costAndExpenses": 61599000, "interestExpense": 0.0, "depreciationAndAmortization": -73000.0, "ebitda": -41006000, "ebitdaratio": -1.9842252975902448, "operatingIncome": -40933000, "operatingIncomeRatio": -1.9806929255782444, "totalOtherIncomeExpensesNet": 0.0, "incomeBeforeTax": -40685000, "incomeBeforeTaxRatio": -1.9686925384689828, "incomeTaxExpense": 0.0, "netIncome": -40685000, "netIncomeRatio": -1.9686925384689828, "eps": -0.35, "epsdiluted": -0.35, "weightedAverageShsOut": 142876000, "weightedAverageShsOutDil": 112435000, "link": "https://www.sec.gov/Archives/edgar/data/1060736/000119312511297494/0001193125-11-297494-index.htm", "finalLink": "https://www.sec.gov/Archives/edgar/data/1060736/000119312511297494/d238944d10q.htm"}, {"date": "2011-06-30", "symbol": "SGEN", "fillingDate": "2011-08-05", "acceptedDate": "2011-08-05 16:18:09", "period": "Q2", "revenue": 13054000, "costOfRevenue": 0.0, "grossProfit": 13054000, "grossProfitRatio": 1.0, "researchAndDevelopmentExpenses": 49643000, "generalAndAdministrativeExpenses": 15197000, "sellingAndMarketingExpenses": 0.0, "otherExpenses": 0.0, "operatingExpenses": 64840000, "costAndExpenses": 64840000, "interestExpense": 0.0, "depreciationAndAmortization": -402000.0, "ebitda": -52188000, "ebitdaratio": -3.997855063582044, "operatingIncome": -51786000, "operatingIncomeRatio": -3.9670599050099584, "totalOtherIncomeExpensesNet": 0.0, "incomeBeforeTax": -51506000, "incomeBeforeTaxRatio": -3.9456105408303968, "incomeTaxExpense": 0.0, "netIncome": -51506000, "netIncomeRatio": -3.9456105408303968, "eps": -0.46, "epsdiluted": -0.46, "weightedAverageShsOut": 111270000, "weightedAverageShsOutDil": 111270000, "link": "https://www.sec.gov/Archives/edgar/data/1060736/000119312511212365/0001193125-11-212365-index.htm", "finalLink": "https://www.sec.gov/Archives/edgar/data/1060736/000119312511212365/d10q.htm"}, {"date": "2011-03-31", "symbol": "SGEN", "fillingDate": "2011-05-06", "acceptedDate": "2011-05-06 16:31:00", "period": "Q1", "revenue": 12171000, "costOfRevenue": 0.0, "grossProfit": 12171000, "grossProfitRatio": 1.0, "researchAndDevelopmentExpenses": 32434000, "generalAndAdministrativeExpenses": 12713000, "sellingAndMarketingExpenses": 0.0, "otherExpenses": 0.0, "operatingExpenses": 45147000, "costAndExpenses": 45147000, "interestExpense": 0.0, "depreciationAndAmortization": 48000.0, "ebitda": -32928000, "ebitdaratio": -2.705447374907567, "operatingIncome": -32976000, "operatingIncomeRatio": -2.709391175745625, "totalOtherIncomeExpensesNet": 0.0, "incomeBeforeTax": -32674000, "incomeBeforeTaxRatio": -2.6845780954728453, "incomeTaxExpense": 0.0, "netIncome": -32674000, "netIncomeRatio": -2.6845780954728453, "eps": -0.3, "epsdiluted": -0.3, "weightedAverageShsOut": 108513000, "weightedAverageShsOutDil": 108513000, "link": "https://www.sec.gov/Archives/edgar/data/1060736/000119312511130806/0001193125-11-130806-index.htm", "finalLink": "https://www.sec.gov/Archives/edgar/data/1060736/000119312511130806/d10q.htm"}, {"date": "2010-12-31", "symbol": "SGEN", "fillingDate": "2011-02-28", "acceptedDate": "2011-02-28 16:58:59", "period": "FY", "revenue": 8146000.0, "costOfRevenue": 0.0, "grossProfit": 8146000.0, "grossProfitRatio": 1.0, "researchAndDevelopmentExpenses": 32520000, "generalAndAdministrativeExpenses": 10522000, "sellingAndMarketingExpenses": 0.0, "otherExpenses": 0.0, "operatingExpenses": 43042000, "costAndExpenses": 43042000, "interestExpense": 0.0, "depreciationAndAmortization": 938000.0, "ebitda": -33958000, "ebitdaratio": -4.168671740731647, "operatingIncome": -34896000, "operatingIncomeRatio": -4.283820279891971, "totalOtherIncomeExpensesNet": 0.0, "incomeBeforeTax": -34546000, "incomeBeforeTaxRatio": -4.240854407070955, "incomeTaxExpense": 0.0, "netIncome": -34546000, "netIncomeRatio": -4.240854407070955, "eps": -0.66, "epsdiluted": -0.66, "weightedAverageShsOut": 101055000, "weightedAverageShsOutDil": 101055000, "link": "https://www.sec.gov/Archives/edgar/data/1060736/000119312511050126/0001193125-11-050126-index.htm", "finalLink": "https://www.sec.gov/Archives/edgar/data/1060736/000119312511050126/d10k.htm"}, {"date": "2010-09-30", "symbol": "SGEN", "fillingDate": "2010-11-05", "acceptedDate": "2010-11-05 16:17:46", "period": "Q3", "revenue": 15991000, "costOfRevenue": 0.0, "grossProfit": 15991000, "grossProfitRatio": 1.0, "researchAndDevelopmentExpenses": 44287000, "generalAndAdministrativeExpenses": 7038000.0, "sellingAndMarketingExpenses": 0.0, "otherExpenses": 0.0, "operatingExpenses": 51325000, "costAndExpenses": 51325000, "interestExpense": 0.0, "depreciationAndAmortization": 934000.0, "ebitda": -34400000, "ebitdaratio": -2.1512100556563065, "operatingIncome": -35334000, "operatingIncomeRatio": -2.209617910074417, "totalOtherIncomeExpensesNet": 0.0, "incomeBeforeTax": -34856000, "incomeBeforeTaxRatio": -2.17972609592896, "incomeTaxExpense": 0.0, "netIncome": -34856000, "netIncomeRatio": -2.17972609592896, "eps": -0.31, "epsdiluted": -0.31, "weightedAverageShsOut": 100922000, "weightedAverageShsOutDil": 100922000, "link": "https://www.sec.gov/Archives/edgar/data/1060736/000119312510250099/0001193125-10-250099-index.htm", "finalLink": "https://www.sec.gov/Archives/edgar/data/1060736/000119312510250099/d10q.htm"}, {"date": "2010-06-30", "symbol": "SGEN", "fillingDate": "2010-08-06", "acceptedDate": "2010-08-06 16:31:51", "period": "Q2", "revenue": 36878000, "costOfRevenue": 0.0, "grossProfit": 36878000, "grossProfitRatio": 1.0, "researchAndDevelopmentExpenses": 39287000, "generalAndAdministrativeExpenses": 6467000.0, "sellingAndMarketingExpenses": 0.0, "otherExpenses": 0.0, "operatingExpenses": 45754000, "costAndExpenses": 45754000, "interestExpense": 0.0, "depreciationAndAmortization": 874000.0, "ebitda": -8002000.0, "ebitdaratio": -0.21698573675362004, "operatingIncome": -8876000.0, "operatingIncomeRatio": -0.24068550355225338, "totalOtherIncomeExpensesNet": 0.0, "incomeBeforeTax": -8323000.0, "incomeBeforeTaxRatio": -0.22569011334671077, "incomeTaxExpense": 0.0, "netIncome": -8323000.0, "netIncomeRatio": -0.22569011334671077, "eps": 0.03, "epsdiluted": 0.03, "weightedAverageShsOut": 100771000, "weightedAverageShsOutDil": 103468000, "link": "https://www.sec.gov/Archives/edgar/data/1060736/000119312510181460/0001193125-10-181460-index.htm", "finalLink": "https://www.sec.gov/Archives/edgar/data/1060736/000119312510181460/d10q.htm"}, {"date": "2010-03-31", "symbol": "SGEN", "fillingDate": "2010-05-07", "acceptedDate": "2010-05-07 16:33:17", "period": "Q1", "revenue": 46455000, "costOfRevenue": 0.0, "grossProfit": 46455000, "grossProfitRatio": 1.0, "researchAndDevelopmentExpenses": 30316000, "generalAndAdministrativeExpenses": 5231000.0, "sellingAndMarketingExpenses": 0.0, "otherExpenses": 0.0, "operatingExpenses": 35547000, "costAndExpenses": 35547000, "interestExpense": 0.0, "depreciationAndAmortization": 816000.0, "ebitda": 11724000, "ebitdaratio": 0.2523732644494672, "operatingIncome": 10908000, "operatingIncomeRatio": 0.234807878592186, "totalOtherIncomeExpensesNet": 0.0, "incomeBeforeTax": 11460000, "incomeBeforeTaxRatio": 0.24669034549564095, "incomeTaxExpense": 0.0, "netIncome": 11460000, "netIncomeRatio": 0.24669034549564095, "eps": 0.11, "epsdiluted": 0.11, "weightedAverageShsOut": 100622000, "weightedAverageShsOutDil": 103036000, "link": "https://www.sec.gov/Archives/edgar/data/1060736/000119312510112956/0001193125-10-112956-index.htm", "finalLink": "https://www.sec.gov/Archives/edgar/data/1060736/000119312510112956/d10q.htm"}, {"date": "2009-12-31", "symbol": "SGEN", "fillingDate": "2010-03-12", "acceptedDate": "2010-03-12 16:59:05", "period": "FY", "revenue": 21769000, "costOfRevenue": 0.0, "grossProfit": 21769000, "grossProfitRatio": 1.0, "researchAndDevelopmentExpenses": 28918000, "generalAndAdministrativeExpenses": 5552000.0, "sellingAndMarketingExpenses": 0.0, "otherExpenses": 0.0, "operatingExpenses": 34470000, "costAndExpenses": 34470000, "interestExpense": 0.0, "depreciationAndAmortization": 846000.0, "ebitda": -11855000, "ebitdaratio": -0.5445817446828058, "operatingIncome": -12701000, "operatingIncomeRatio": -0.5834443474665809, "totalOtherIncomeExpensesNet": 0.0, "incomeBeforeTax": -12117000, "incomeBeforeTaxRatio": -0.5566172079562681, "incomeTaxExpense": 0.0, "netIncome": -12117000, "netIncomeRatio": -0.5566172079562681, "eps": -0.9, "epsdiluted": -0.9, "weightedAverageShsOut": 90988000, "weightedAverageShsOutDil": 90988000, "link": "https://www.sec.gov/Archives/edgar/data/1060736/000119312510055489/0001193125-10-055489-index.htm", "finalLink": "https://www.sec.gov/Archives/edgar/data/1060736/000119312510055489/d10k.htm"}, {"date": "2009-09-30", "symbol": "SGEN", "fillingDate": "2009-11-06", "acceptedDate": "2009-11-06 16:30:54", "period": "Q3", "revenue": 11646000, "costOfRevenue": 0.0, "grossProfit": 11646000, "grossProfitRatio": 1.0, "researchAndDevelopmentExpenses": 28263000, "generalAndAdministrativeExpenses": 3956000.0, "sellingAndMarketingExpenses": 0.0, "otherExpenses": 0.0, "operatingExpenses": 32219000, "costAndExpenses": 32219000, "interestExpense": 0.0, "depreciationAndAmortization": 856000.0, "ebitda": -19717000, "ebitdaratio": -1.69302764897819, "operatingIncome": -20573000, "operatingIncomeRatio": -1.766529280439636, "totalOtherIncomeExpensesNet": 0.0, "incomeBeforeTax": -19827000, "incomeBeforeTaxRatio": -1.7024729520865534, "incomeTaxExpense": 0.0, "netIncome": -19827000, "netIncomeRatio": -1.7024729520865534, "eps": -0.79, "epsdiluted": -0.79, "weightedAverageShsOut": 87771000, "weightedAverageShsOutDil": 87771000, "link": "https://www.sec.gov/Archives/edgar/data/1060736/000119312509227593/0001193125-09-227593-index.htm", "finalLink": "https://www.sec.gov/Archives/edgar/data/1060736/000119312509227593/d10q.htm"}, {"date": "2009-06-30", "symbol": "SGEN", "fillingDate": "2009-08-10", "acceptedDate": "2009-08-10 06:03:42", "period": "Q2", "revenue": 9408000.0, "costOfRevenue": 0.0, "grossProfit": 9408000.0, "grossProfitRatio": 1.0, "researchAndDevelopmentExpenses": 28712000, "generalAndAdministrativeExpenses": 4019000.0, "sellingAndMarketingExpenses": 0.0, "otherExpenses": 0.0, "operatingExpenses": 32731000, "costAndExpenses": 32731000, "interestExpense": 0.0, "depreciationAndAmortization": 820000.0, "ebitda": -22503000, "ebitdaratio": -2.391900510204082, "operatingIncome": -23323000, "operatingIncomeRatio": -2.4790603741496597, "totalOtherIncomeExpensesNet": 0.0, "incomeBeforeTax": -22471000, "incomeBeforeTaxRatio": -2.388499149659864, "incomeTaxExpense": 0.0, "netIncome": -22471000, "netIncomeRatio": -2.388499149659864, "eps": -0.59, "epsdiluted": -0.59, "weightedAverageShsOut": 84880000, "weightedAverageShsOutDil": 84880000, "link": "https://www.sec.gov/Archives/edgar/data/1060736/000119312509169655/0001193125-09-169655-index.htm", "finalLink": "https://www.sec.gov/Archives/edgar/data/1060736/000119312509169655/d10q.htm"}, {"date": "2009-03-31", "symbol": "SGEN", "fillingDate": "2009-05-08", "acceptedDate": "2009-05-08 16:02:14", "period": "Q1", "revenue": 9142000.0, "costOfRevenue": 0.0, "grossProfit": 9142000.0, "grossProfitRatio": 1.0, "researchAndDevelopmentExpenses": 33246000, "generalAndAdministrativeExpenses": 4156000.0, "sellingAndMarketingExpenses": 0.0, "otherExpenses": 0.0, "operatingExpenses": 37402000, "costAndExpenses": 37402000, "interestExpense": 0.0, "depreciationAndAmortization": 738000.0, "ebitda": -27522000, "ebitdaratio": -3.010500984467294, "operatingIncome": -28260000, "operatingIncomeRatio": -3.091227302559615, "totalOtherIncomeExpensesNet": 0.0, "incomeBeforeTax": -27268000, "incomeBeforeTaxRatio": -2.9827171297309123, "incomeTaxExpense": 0.0, "netIncome": -27268000, "netIncomeRatio": -2.9827171297309123, "eps": -0.33, "epsdiluted": -0.33, "weightedAverageShsOut": 83545000, "weightedAverageShsOutDil": 83545000, "link": "https://www.sec.gov/Archives/edgar/data/1060736/000119312509105334/0001193125-09-105334-index.htm", "finalLink": "https://www.sec.gov/Archives/edgar/data/1060736/000119312509105334/d10q.htm"}, {"date": "2008-12-31", "symbol": "SGEN", "fillingDate": "2009-03-13", "acceptedDate": "2009-03-13 16:52:07", "period": "FY", "revenue": 10068000, "costOfRevenue": 0.0, "grossProfit": 10068000, "grossProfitRatio": 1.0, "researchAndDevelopmentExpenses": 37582000, "generalAndAdministrativeExpenses": 4362000.0, "sellingAndMarketingExpenses": 0.0, "otherExpenses": 0.0, "operatingExpenses": 41944000, "costAndExpenses": 41944000, "interestExpense": 0.0, "depreciationAndAmortization": 927000.0, "ebitda": -30949000, "ebitdaratio": -3.0739968216130316, "operatingIncome": -31876000, "operatingIncomeRatio": -3.1660707191100514, "totalOtherIncomeExpensesNet": 0.0, "incomeBeforeTax": -30597000, "incomeBeforeTaxRatio": -3.0390345649582837, "incomeTaxExpense": 0.0, "netIncome": -30597000, "netIncomeRatio": -3.0390345649582837, "eps": -1.09, "epsdiluted": -1.09, "weightedAverageShsOut": 78724000, "weightedAverageShsOutDil": 78724000, "link": "https://www.sec.gov/Archives/edgar/data/1060736/000119312509053947/0001193125-09-053947-index.htm", "finalLink": "https://www.sec.gov/Archives/edgar/data/1060736/000119312509053947/d10k.htm"}, {"date": "2008-09-30", "symbol": "SGEN", "fillingDate": "2008-11-07", "acceptedDate": "2008-11-07 16:16:26", "period": "Q3", "revenue": 8079000.0, "costOfRevenue": 0.0, "grossProfit": 8079000.0, "grossProfitRatio": 1.0, "researchAndDevelopmentExpenses": 27711000, "generalAndAdministrativeExpenses": 3687000.0, "sellingAndMarketingExpenses": 0.0, "otherExpenses": 0.0, "operatingExpenses": 31398000, "costAndExpenses": 31398000, "interestExpense": 0.0, "depreciationAndAmortization": 879000.0, "ebitda": -22440000, "ebitdaratio": -2.7775714816190122, "operatingIncome": -23319000, "operatingIncomeRatio": -2.8863720757519493, "totalOtherIncomeExpensesNet": 0.0, "incomeBeforeTax": -21764000, "incomeBeforeTaxRatio": -2.6938977596237157, "incomeTaxExpense": 0.0, "netIncome": -21764000, "netIncomeRatio": -2.6938977596237157, "eps": -0.7, "epsdiluted": -0.7, "weightedAverageShsOut": 78369000, "weightedAverageShsOutDil": 78369000, "link": "https://www.sec.gov/Archives/edgar/data/1060736/000119312508230022/0001193125-08-230022-index.htm", "finalLink": "https://www.sec.gov/Archives/edgar/data/1060736/000119312508230022/d10q.htm"}, {"date": "2008-06-30", "symbol": "SGEN", "fillingDate": "2008-08-08", "acceptedDate": "2008-08-08 16:30:49", "period": "Q2", "revenue": 10004000, "costOfRevenue": 0.0, "grossProfit": 10004000, "grossProfitRatio": 1.0, "researchAndDevelopmentExpenses": 23499000, "generalAndAdministrativeExpenses": 4094000.0, "sellingAndMarketingExpenses": 0.0, "otherExpenses": 0.0, "operatingExpenses": 27593000, "costAndExpenses": 27593000, "interestExpense": 0.0, "depreciationAndAmortization": 835000.0, "ebitda": -16754000, "ebitdaratio": -1.6747301079568173, "operatingIncome": -17589000, "operatingIncomeRatio": -1.7581967213114753, "totalOtherIncomeExpensesNet": 0.0, "incomeBeforeTax": -16028000, "incomeBeforeTaxRatio": -1.602159136345462, "incomeTaxExpense": 0.0, "netIncome": -16028000, "netIncomeRatio": -1.602159136345462, "eps": -0.43, "epsdiluted": -0.43, "weightedAverageShsOut": 77768000, "weightedAverageShsOutDil": 77768000, "link": "https://www.sec.gov/Archives/edgar/data/1060736/000119312508171980/0001193125-08-171980-index.htm", "finalLink": "https://www.sec.gov/Archives/edgar/data/1060736/000119312508171980/d10q.htm"}, {"date": "2008-03-31", "symbol": "SGEN", "fillingDate": "2008-05-09", "acceptedDate": "2008-05-09 16:18:12", "period": "Q1", "revenue": 7085000.0, "costOfRevenue": 0.0, "grossProfit": 7085000.0, "grossProfitRatio": 1.0, "researchAndDevelopmentExpenses": 22152000, "generalAndAdministrativeExpenses": 3935000.0, "sellingAndMarketingExpenses": 0.0, "otherExpenses": 0.0, "operatingExpenses": 26087000, "costAndExpenses": 26087000, "interestExpense": 0.0, "depreciationAndAmortization": 774000.0, "ebitda": -18228000, "ebitdaratio": -2.572759350741002, "operatingIncome": -19002000, "operatingIncomeRatio": -2.6820042342978123, "totalOtherIncomeExpensesNet": 0.0, "incomeBeforeTax": -17112000, "incomeBeforeTaxRatio": -2.415243472124206, "incomeTaxExpense": 0.0, "netIncome": -17112000, "netIncomeRatio": -2.415243472124206, "eps": -0.22, "epsdiluted": -0.22, "weightedAverageShsOut": 76258000, "weightedAverageShsOutDil": 76258000, "link": "https://www.sec.gov/Archives/edgar/data/1060736/000119312508109794/0001193125-08-109794-index.htm", "finalLink": "https://www.sec.gov/Archives/edgar/data/1060736/000119312508109794/d10q.htm"}, {"date": "2007-12-31", "symbol": "SGEN", "fillingDate": "2008-03-11", "acceptedDate": "2008-03-10 19:21:30", "period": "FY", "revenue": 7836000.0, "costOfRevenue": 0.0, "grossProfit": 7836000.0, "grossProfitRatio": 1.0, "researchAndDevelopmentExpenses": 20109000, "generalAndAdministrativeExpenses": 4306000.0, "sellingAndMarketingExpenses": 0.0, "otherExpenses": 0.0, "operatingExpenses": 24415000, "costAndExpenses": 24415000, "interestExpense": 0.0, "depreciationAndAmortization": 669000.0, "ebitda": -15910000, "ebitdaratio": -2.0303726391015826, "operatingIncome": -16579000, "operatingIncomeRatio": -2.1157478305257786, "totalOtherIncomeExpensesNet": 0.0, "incomeBeforeTax": -14941000, "incomeBeforeTaxRatio": -1.9067126084737112, "incomeTaxExpense": 0.0, "netIncome": -14941000, "netIncomeRatio": -1.9067126084737112, "eps": -0.8, "epsdiluted": -0.8, "weightedAverageShsOut": 61293000, "weightedAverageShsOutDil": 61293000, "link": "https://www.sec.gov/Archives/edgar/data/1060736/000119312508051949/0001193125-08-051949-index.htm", "finalLink": "https://www.sec.gov/Archives/edgar/data/1060736/000119312508051949/d10k.htm"}, {"date": "2007-09-30", "symbol": "SGEN", "fillingDate": "2007-11-08", "acceptedDate": "2007-11-07 18:28:41", "period": "Q3", "revenue": 4637000.0, "costOfRevenue": 0.0, "grossProfit": 4637000.0, "grossProfitRatio": 1.0, "researchAndDevelopmentExpenses": 17735000, "generalAndAdministrativeExpenses": 3297000.0, "sellingAndMarketingExpenses": 0.0, "otherExpenses": 0.0, "operatingExpenses": 21032000, "costAndExpenses": 21032000, "interestExpense": 0.0, "depreciationAndAmortization": 651000.0, "ebitda": -15744000, "ebitdaratio": -3.395298684494285, "operatingIncome": -16395000, "operatingIncomeRatio": -3.53569117964201, "totalOtherIncomeExpensesNet": 0.0, "incomeBeforeTax": -14613000, "incomeBeforeTaxRatio": -3.1513909855510027, "incomeTaxExpense": 0.0, "netIncome": -14613000, "netIncomeRatio": -3.1513909855510027, "eps": -0.57, "epsdiluted": -0.57, "weightedAverageShsOut": 59228000, "weightedAverageShsOutDil": 59228000, "link": "https://www.sec.gov/Archives/edgar/data/1060736/000119312507238758/0001193125-07-238758-index.htm", "finalLink": "https://www.sec.gov/Archives/edgar/data/1060736/000119312507238758/d10q.htm"}, {"date": "2007-06-30", "symbol": "SGEN", "fillingDate": "2007-08-07", "acceptedDate": "2007-08-07 16:45:31", "period": "Q2", "revenue": 5611000.0, "costOfRevenue": 0.0, "grossProfit": 5611000.0, "grossProfitRatio": 1.0, "researchAndDevelopmentExpenses": 15179000, "generalAndAdministrativeExpenses": 2814000.0, "sellingAndMarketingExpenses": 0.0, "otherExpenses": 0.0, "operatingExpenses": 17993000, "costAndExpenses": 17993000, "interestExpense": 0.0, "depreciationAndAmortization": 635000.0, "ebitda": -11747000, "ebitdaratio": -2.093566209231866, "operatingIncome": -12382000, "operatingIncomeRatio": -2.2067367670646942, "totalOtherIncomeExpensesNet": 0.0, "incomeBeforeTax": -10550000, "incomeBeforeTaxRatio": -1.8802352521832115, "incomeTaxExpense": 0.0, "netIncome": -10550000, "netIncomeRatio": -1.8802352521832115, "eps": -0.35, "epsdiluted": -0.35, "weightedAverageShsOut": 55808000, "weightedAverageShsOutDil": 55808000, "link": "https://www.sec.gov/Archives/edgar/data/1060736/000119312507173792/0001193125-07-173792-index.htm", "finalLink": "https://www.sec.gov/Archives/edgar/data/1060736/000119312507173792/d10q.htm"}, {"date": "2007-03-31", "symbol": "SGEN", "fillingDate": "2007-05-08", "acceptedDate": "2007-05-08 16:09:22", "period": "Q1", "revenue": 4336000.0, "costOfRevenue": 0.0, "grossProfit": 4336000.0, "grossProfitRatio": 1.0, "researchAndDevelopmentExpenses": 11805000, "generalAndAdministrativeExpenses": 2820000.0, "sellingAndMarketingExpenses": 0.0, "otherExpenses": 0.0, "operatingExpenses": 14625000, "costAndExpenses": 14625000, "interestExpense": 0.0, "depreciationAndAmortization": 593000.0, "ebitda": -9696000.0, "ebitdaratio": -2.236162361623616, "operatingIncome": -10289000, "operatingIncomeRatio": -2.3729243542435423, "totalOtherIncomeExpensesNet": 0.0, "incomeBeforeTax": -8828000.0, "incomeBeforeTaxRatio": -2.0359778597785976, "incomeTaxExpense": 0.0, "netIncome": -8828000.0, "netIncomeRatio": -2.0359778597785976, "eps": -0.16, "epsdiluted": -0.16, "weightedAverageShsOut": 54539000, "weightedAverageShsOutDil": 54539000, "link": "https://www.sec.gov/Archives/edgar/data/1060736/000119312507106023/0001193125-07-106023-index.htm", "finalLink": "https://www.sec.gov/Archives/edgar/data/1060736/000119312507106023/d10q.htm"}, {"date": "2006-12-31", "symbol": "SGEN", "fillingDate": "2007-03-09", "acceptedDate": "2007-03-09 16:52:19", "period": "FY", "revenue": 2677000.0, "costOfRevenue": 0.0, "grossProfit": 2677000.0, "grossProfitRatio": 1.0, "researchAndDevelopmentExpenses": 11081000, "generalAndAdministrativeExpenses": 2746000.0, "sellingAndMarketingExpenses": 0.0, "otherExpenses": 0.0, "operatingExpenses": 13827000, "costAndExpenses": 13827000, "interestExpense": 0.0, "depreciationAndAmortization": 616000.0, "ebitda": -10628000, "ebitdaratio": -3.9701158012700786, "operatingIncome": -11244000, "operatingIncomeRatio": -4.200224131490474, "totalOtherIncomeExpensesNet": 0.0, "incomeBeforeTax": -10020000, "incomeBeforeTaxRatio": -3.742995890922675, "incomeTaxExpense": 0.0, "netIncome": -10020000, "netIncomeRatio": -3.742995890922675, "eps": -0.74, "epsdiluted": -0.74, "weightedAverageShsOut": 48659000, "weightedAverageShsOutDil": 48659000, "link": "https://www.sec.gov/Archives/edgar/data/1060736/000119312507050988/0001193125-07-050988-index.htm", "finalLink": "https://www.sec.gov/Archives/edgar/data/1060736/000119312507050988/d10k.htm"}, {"date": "2006-09-30", "symbol": "SGEN", "fillingDate": "2006-11-07", "acceptedDate": "2006-11-07 16:31:08", "period": "Q3", "revenue": 2619000.0, "costOfRevenue": 0.0, "grossProfit": 2619000.0, "grossProfitRatio": 1.0, "researchAndDevelopmentExpenses": 9797000.0, "generalAndAdministrativeExpenses": 2619000.0, "sellingAndMarketingExpenses": 0.0, "otherExpenses": 0.0, "operatingExpenses": 12416000, "costAndExpenses": 12416000, "interestExpense": 0.0, "depreciationAndAmortization": 606000.0, "ebitda": -9369000.0, "ebitdaratio": -3.577319587628866, "operatingIncome": -9975000.0, "operatingIncomeRatio": -3.808705612829324, "totalOtherIncomeExpensesNet": 0.0, "incomeBeforeTax": -8649000.0, "incomeBeforeTaxRatio": -3.3024054982817868, "incomeTaxExpense": 0.0, "netIncome": -8649000.0, "netIncomeRatio": -3.3024054982817868, "eps": -0.54, "epsdiluted": -0.54, "weightedAverageShsOut": 47862000, "weightedAverageShsOutDil": 47862000, "link": "https://www.sec.gov/Archives/edgar/data/1060736/000119312506226717/0001193125-06-226717-index.htm", "finalLink": "https://www.sec.gov/Archives/edgar/data/1060736/000119312506226717/d10q.htm"}, {"date": "2006-06-30", "symbol": "SGEN", "fillingDate": "2006-08-08", "acceptedDate": "2006-08-08 17:10:09", "period": "Q2", "revenue": 2402000.0, "costOfRevenue": 0.0, "grossProfit": 2402000.0, "grossProfitRatio": 1.0, "researchAndDevelopmentExpenses": 10007000, "generalAndAdministrativeExpenses": 2402000.0, "sellingAndMarketingExpenses": 0.0, "otherExpenses": 0.0, "operatingExpenses": 12409000, "costAndExpenses": 12409000, "interestExpense": 0.0, "depreciationAndAmortization": 608000.0, "ebitda": -8961000.0, "ebitdaratio": -3.730641132389675, "operatingIncome": -9569000.0, "operatingIncomeRatio": -3.9837635303913403, "totalOtherIncomeExpensesNet": 0.0, "incomeBeforeTax": -8643000.0, "incomeBeforeTaxRatio": -3.5982514571190674, "incomeTaxExpense": 0.0, "netIncome": -8643000.0, "netIncomeRatio": -3.5982514571190674, "eps": -0.37, "epsdiluted": -0.37, "weightedAverageShsOut": 46269000, "weightedAverageShsOutDil": 46269000, "link": "https://www.sec.gov/Archives/edgar/data/1060736/000119312506165923/0001193125-06-165923-index.htm", "finalLink": "https://www.sec.gov/Archives/edgar/data/1060736/000119312506165923/d10q.htm"}, {"date": "2006-03-31", "symbol": "SGEN", "fillingDate": "2006-05-09", "acceptedDate": "2006-05-09 14:26:07", "period": "Q1", "revenue": 2307000.0, "costOfRevenue": 0.0, "grossProfit": 2307000.0, "grossProfitRatio": 1.0, "researchAndDevelopmentExpenses": 9251000.0, "generalAndAdministrativeExpenses": 2307000.0, "sellingAndMarketingExpenses": 0.0, "otherExpenses": 0.0, "operatingExpenses": 11558000, "costAndExpenses": 11558000, "interestExpense": 0.0, "depreciationAndAmortization": 588000.0, "ebitda": -8829000.0, "ebitdaratio": -3.8270481144343305, "operatingIncome": -9417000.0, "operatingIncomeRatio": -4.081924577373212, "totalOtherIncomeExpensesNet": 0.0, "incomeBeforeTax": -8703000.0, "incomeBeforeTaxRatio": -3.7724317295188556, "incomeTaxExpense": 0.0, "netIncome": -8703000.0, "netIncomeRatio": -3.7724317295188556, "eps": -0.21, "epsdiluted": -0.21, "weightedAverageShsOut": 42418000, "weightedAverageShsOutDil": 42418000, "link": "https://www.sec.gov/Archives/edgar/data/1060736/000119312506105149/0001193125-06-105149-index.htm", "finalLink": "https://www.sec.gov/Archives/edgar/data/1060736/000119312506105149/d10q.htm"}, {"date": "2005-12-31", "symbol": "SGEN", "fillingDate": "2006-03-08", "acceptedDate": "2006-03-08 17:24:23", "period": "FY", "revenue": 2319000.0, "costOfRevenue": 0.0, "grossProfit": 2319000.0, "grossProfitRatio": 1.0, "researchAndDevelopmentExpenses": 8537000.0, "generalAndAdministrativeExpenses": 1779000.0, "sellingAndMarketingExpenses": 0.0, "otherExpenses": 0.0, "operatingExpenses": 10316000, "costAndExpenses": 10316000, "interestExpense": 0.0, "depreciationAndAmortization": 600000.0, "ebitda": -7397000.0, "ebitdaratio": -3.1897369555843036, "operatingIncome": -7997000.0, "operatingIncomeRatio": -3.4484691677447175, "totalOtherIncomeExpensesNet": 0.0, "incomeBeforeTax": -7349000.0, "incomeBeforeTaxRatio": -3.1690383786114706, "incomeTaxExpense": 0.0, "netIncome": -7349000.0, "netIncomeRatio": -3.1690383786114706, "eps": -0.7, "epsdiluted": -0.7, "weightedAverageShsOut": 42238000, "weightedAverageShsOutDil": 42238000, "link": "https://www.sec.gov/Archives/edgar/data/1060736/000119312506048545/0001193125-06-048545-index.htm", "finalLink": "https://www.sec.gov/Archives/edgar/data/1060736/000119312506048545/d10k.htm"}, {"date": "2005-09-30", "symbol": "SGEN", "fillingDate": "2005-11-08", "acceptedDate": "2005-11-08 13:58:40", "period": "Q3", "revenue": 3736000.0, "costOfRevenue": 0.0, "grossProfit": 3736000.0, "grossProfitRatio": 1.0, "researchAndDevelopmentExpenses": 7806000.0, "generalAndAdministrativeExpenses": 1664000.0, "sellingAndMarketingExpenses": 0.0, "otherExpenses": 0.0, "operatingExpenses": 9470000.0, "costAndExpenses": 9470000.0, "interestExpense": 0.0, "depreciationAndAmortization": 590000.0, "ebitda": -6248000.0, "ebitdaratio": -1.6723768736616702, "operatingIncome": -6838000.0, "operatingIncomeRatio": -1.8302997858672376, "totalOtherIncomeExpensesNet": 0.0, "incomeBeforeTax": -6171000.0, "incomeBeforeTaxRatio": -1.6517665952890792, "incomeTaxExpense": 0.0, "netIncome": -6171000.0, "netIncomeRatio": -1.6517665952890792, "eps": -0.52, "epsdiluted": -0.52, "weightedAverageShsOut": 42191000, "weightedAverageShsOutDil": 42191000, "link": "https://www.sec.gov/Archives/edgar/data/1060736/000119312505219581/0001193125-05-219581-index.htm", "finalLink": "https://www.sec.gov/Archives/edgar/data/1060736/000119312505219581/d10q.htm"}, {"date": "2005-06-30", "symbol": "SGEN", "fillingDate": "2005-08-09", "acceptedDate": "2005-08-09 16:22:19", "period": "Q2", "revenue": 1857000.0, "costOfRevenue": 0.0, "grossProfit": 1857000.0, "grossProfitRatio": 1.0, "researchAndDevelopmentExpenses": 9365000.0, "generalAndAdministrativeExpenses": 1857000.0, "sellingAndMarketingExpenses": 0.0, "otherExpenses": 0.0, "operatingExpenses": 11222000, "costAndExpenses": 11222000, "interestExpense": 0.0, "depreciationAndAmortization": 577000.0, "ebitda": -8445000.0, "ebitdaratio": -4.5476575121163165, "operatingIncome": -9022000.0, "operatingIncomeRatio": -4.858373721055465, "totalOtherIncomeExpensesNet": 0.0, "incomeBeforeTax": -8360000.0, "incomeBeforeTaxRatio": -4.501884760366182, "incomeTaxExpense": 0.0, "netIncome": -8360000.0, "netIncomeRatio": -4.501884760366182, "eps": -0.38, "epsdiluted": -0.38, "weightedAverageShsOut": 42127000, "weightedAverageShsOutDil": 42127000, "link": "https://www.sec.gov/Archives/edgar/data/1060736/000119312505162632/0001193125-05-162632-index.htm", "finalLink": "https://www.sec.gov/Archives/edgar/data/1060736/000119312505162632/d10q.htm"}, {"date": "2005-03-31", "symbol": "SGEN", "fillingDate": "2005-05-10", "acceptedDate": "2005-05-10 14:23:29", "period": "Q1", "revenue": 1845000.0, "costOfRevenue": 0.0, "grossProfit": 1845000.0, "grossProfitRatio": 1.0, "researchAndDevelopmentExpenses": 8975000.0, "generalAndAdministrativeExpenses": 1845000.0, "sellingAndMarketingExpenses": 0.0, "otherExpenses": 0.0, "operatingExpenses": 10820000, "costAndExpenses": 10820000, "interestExpense": 0.0, "depreciationAndAmortization": 566000.0, "ebitda": -7648000.0, "ebitdaratio": -4.145257452574525, "operatingIncome": -8214000.0, "operatingIncomeRatio": -4.452032520325203, "totalOtherIncomeExpensesNet": 0.0, "incomeBeforeTax": -7553000.0, "incomeBeforeTaxRatio": -4.093766937669376, "incomeTaxExpense": 0.0, "netIncome": -7553000.0, "netIncomeRatio": -4.093766937669376, "eps": -0.18, "epsdiluted": -0.18, "weightedAverageShsOut": 42067000, "weightedAverageShsOutDil": 42067000, "link": "https://www.sec.gov/Archives/edgar/data/1060736/000119312505102496/0001193125-05-102496-index.htm", "finalLink": "https://www.sec.gov/Archives/edgar/data/1060736/000119312505102496/d10q.htm"}, {"date": "2004-12-31", "symbol": "SGEN", "fillingDate": "2005-03-15", "acceptedDate": "2005-03-15 16:13:26", "period": "FY", "revenue": 1696000.0, "costOfRevenue": 0.0, "grossProfit": 1696000.0, "grossProfitRatio": 1.0, "researchAndDevelopmentExpenses": 10993000, "generalAndAdministrativeExpenses": 1809000.0, "sellingAndMarketingExpenses": 0.0, "otherExpenses": 80000.0, "operatingExpenses": 12882000, "costAndExpenses": 12882000, "interestExpense": 0.0, "depreciationAndAmortization": 569000.0, "ebitda": -10617000, "ebitdaratio": -6.26002358490566, "operatingIncome": -11186000, "operatingIncomeRatio": -6.595518867924528, "totalOtherIncomeExpensesNet": 0.0, "incomeBeforeTax": -10570000, "incomeBeforeTaxRatio": -6.232311320754717, "incomeTaxExpense": 0.0, "netIncome": -10570000, "netIncomeRatio": -6.232311320754717, "eps": -1.8, "epsdiluted": -1.8, "weightedAverageShsOut": 39985000, "weightedAverageShsOutDil": 39985000, "link": "https://www.sec.gov/Archives/edgar/data/1060736/000119312505051054/0001193125-05-051054-index.htm", "finalLink": "https://www.sec.gov/Archives/edgar/data/1060736/000119312505051054/d10k.htm"}, {"date": "2004-09-30", "symbol": "SGEN", "fillingDate": "2004-11-10", "acceptedDate": "2004-11-10 15:54:16", "period": "Q3", "revenue": 1491000.0, "costOfRevenue": 0.0, "grossProfit": 1491000.0, "grossProfitRatio": 1.0, "researchAndDevelopmentExpenses": 9423000.0, "generalAndAdministrativeExpenses": 1847000.0, "sellingAndMarketingExpenses": 0.0, "otherExpenses": 789000.0, "operatingExpenses": 12059000, "costAndExpenses": 12059000, "interestExpense": 0.0, "depreciationAndAmortization": 481000.0, "ebitda": -9401000.0, "ebitdaratio": -6.305164319248826, "operatingIncome": -9882000.0, "operatingIncomeRatio": -6.627766599597585, "totalOtherIncomeExpensesNet": 0.0, "incomeBeforeTax": -9368000.0, "incomeBeforeTaxRatio": -6.283031522468142, "incomeTaxExpense": 0.0, "netIncome": -9368000.0, "netIncomeRatio": -6.283031522468142, "eps": -1.56, "epsdiluted": -1.56, "weightedAverageShsOut": 39327000, "weightedAverageShsOutDil": 39327000, "link": "https://www.sec.gov/Archives/edgar/data/1060736/000119312504192777/0001193125-04-192777-index.htm", "finalLink": "https://www.sec.gov/Archives/edgar/data/1060736/000119312504192777/d10q.htm"}, {"date": "2004-06-30", "symbol": "SGEN", "fillingDate": "2004-08-10", "acceptedDate": "2004-08-10 17:20:14", "period": "Q2", "revenue": 1542000.0, "costOfRevenue": 0.0, "grossProfit": 1542000.0, "grossProfitRatio": 1.0, "researchAndDevelopmentExpenses": 9014000.0, "generalAndAdministrativeExpenses": 1387000.0, "sellingAndMarketingExpenses": 0.0, "otherExpenses": -153000.0, "operatingExpenses": 10248000, "costAndExpenses": 10248000, "interestExpense": 0.0, "depreciationAndAmortization": 355000.0, "ebitda": -9037000.0, "ebitdaratio": -5.860570687418936, "operatingIncome": -9392000.0, "operatingIncomeRatio": -6.090791180285343, "totalOtherIncomeExpensesNet": 0.0, "incomeBeforeTax": -8836000.0, "incomeBeforeTaxRatio": -5.730220492866407, "incomeTaxExpense": 0.0, "netIncome": -8836000.0, "netIncomeRatio": -5.730220492866407, "eps": -1.17, "epsdiluted": -1.17, "weightedAverageShsOut": 38370000, "weightedAverageShsOutDil": 38370000, "link": "https://www.sec.gov/Archives/edgar/data/1060736/000119312504136949/0001193125-04-136949-index.htm", "finalLink": "https://www.sec.gov/Archives/edgar/data/1060736/000119312504136949/d10q.htm"}, {"date": "2004-03-31", "symbol": "SGEN", "fillingDate": "2004-05-10", "acceptedDate": "2004-05-10 15:12:23", "period": "Q1", "revenue": 1972000.0, "costOfRevenue": 0.0, "grossProfit": 1972000.0, "grossProfitRatio": 1.0, "researchAndDevelopmentExpenses": 7572000.0, "generalAndAdministrativeExpenses": 1455000.0, "sellingAndMarketingExpenses": 0.0, "otherExpenses": 153000.0, "operatingExpenses": 9180000.0, "costAndExpenses": 9180000.0, "interestExpense": 0.0, "depreciationAndAmortization": 339000.0, "ebitda": -6869000.0, "ebitdaratio": -3.483265720081136, "operatingIncome": -7208000.0, "operatingIncomeRatio": -3.6551724137931036, "totalOtherIncomeExpensesNet": 0.0, "incomeBeforeTax": -6665000.0, "incomeBeforeTaxRatio": -3.379817444219067, "incomeTaxExpense": 0.0, "netIncome": -6665000.0, "netIncomeRatio": -3.379817444219067, "eps": -0.24, "epsdiluted": -0.24, "weightedAverageShsOut": 36548000, "weightedAverageShsOutDil": 36548000, "link": "https://www.sec.gov/Archives/edgar/data/1060736/000119312504083536/0001193125-04-083536-index.htm", "finalLink": "https://www.sec.gov/Archives/edgar/data/1060736/000119312504083536/d10q.htm"}, {"date": "2003-12-31", "symbol": "SGEN", "fillingDate": "2004-03-16", "acceptedDate": "2004-03-15 21:14:57", "period": "FY", "revenue": 5070000.0, "costOfRevenue": 0.0, "grossProfit": 5070000.0, "grossProfitRatio": 1.0, "researchAndDevelopmentExpenses": 21760000, "generalAndAdministrativeExpenses": 5058000.0, "sellingAndMarketingExpenses": 0.0, "otherExpenses": 1515000.0, "operatingExpenses": 28333000, "costAndExpenses": 28333000, "interestExpense": 0.0, "depreciationAndAmortization": -992320000, "ebitda": -1015583000, "ebitdaratio": -200.31222879684418, "operatingIncome": -23263000, "operatingIncomeRatio": -4.58836291913215, "totalOtherIncomeExpensesNet": 0.0, "incomeBeforeTax": -22086000, "incomeBeforeTaxRatio": -4.35621301775148, "incomeTaxExpense": 0.0, "netIncome": -22086000, "netIncomeRatio": -4.35621301775148, "eps": -0.73, "epsdiluted": -0.73, "weightedAverageShsOut": 30722000, "weightedAverageShsOutDil": 30722000, "link": "https://www.sec.gov/Archives/edgar/data/1060736/000119312504042552/0001193125-04-042552-index.htm", "finalLink": "https://www.sec.gov/Archives/edgar/data/1060736/000119312504042552/d10k.htm"}, {"date": "2003-09-30", "symbol": "SGEN", "fillingDate": "2003-11-12", "acceptedDate": "2003-11-12 16:56:33", "period": "Q3", "revenue": 1525377000, "costOfRevenue": 0.0, "grossProfit": 1525377000, "grossProfitRatio": 1.0, "researchAndDevelopmentExpenses": 5479212000, "generalAndAdministrativeExpenses": 1191964000, "sellingAndMarketingExpenses": 0.0, "otherExpenses": 338653000, "operatingExpenses": 7009829000, "costAndExpenses": 7009829000, "interestExpense": 0.0, "depreciationAndAmortization": 333164000, "ebitda": -5151288000, "ebitdaratio": -3.377058917238165, "operatingIncome": -5484452000, "operatingIncomeRatio": -3.5954731191043265, "totalOtherIncomeExpensesNet": 0.0, "incomeBeforeTax": -5183399000, "incomeBeforeTaxRatio": -3.3981101065507087, "incomeTaxExpense": 0.0, "netIncome": -5183399000, "netIncomeRatio": -3.3981101065507087, "eps": -0.54, "epsdiluted": -0.54, "weightedAverageShsOut": 30626501, "weightedAverageShsOutDil": 30626501, "link": "https://www.sec.gov/Archives/edgar/data/1060736/000119312503078611/0001193125-03-078611-index.htm", "finalLink": "https://www.sec.gov/Archives/edgar/data/1060736/000119312503078611/d10q.htm"}, {"date": "2003-06-30", "symbol": "SGEN", "fillingDate": "2003-08-12", "acceptedDate": "2003-08-12 14:11:26", "period": "Q2", "revenue": 1504593000, "costOfRevenue": 0.0, "grossProfit": 1504593000, "grossProfitRatio": 1.0, "researchAndDevelopmentExpenses": 5633662000, "generalAndAdministrativeExpenses": 1125978000, "sellingAndMarketingExpenses": 0.0, "otherExpenses": 490793000, "operatingExpenses": 7250433000, "costAndExpenses": 7250433000, "interestExpense": 0.0, "depreciationAndAmortization": 330372000, "ebitda": -5415468000, "ebitdaratio": -3.599290971046655, "operatingIncome": -5745840000, "operatingIncomeRatio": -3.818866630377783, "totalOtherIncomeExpensesNet": 0.0, "incomeBeforeTax": -5504827000, "incomeBeforeTaxRatio": -3.6586817830469767, "incomeTaxExpense": 0.0, "netIncome": -5504827000, "netIncomeRatio": -3.6586817830469767, "eps": -0.37, "epsdiluted": -0.37, "weightedAverageShsOut": 30584599, "weightedAverageShsOutDil": 30584599, "link": "https://www.sec.gov/Archives/edgar/data/1060736/000119312503034136/0001193125-03-034136-index.htm", "finalLink": "https://www.sec.gov/Archives/edgar/data/1060736/000119312503034136/d10q.htm"}, {"date": "2003-03-31", "symbol": "SGEN", "fillingDate": "2003-05-09", "acceptedDate": "2003-05-08 19:56:41", "period": "Q1", "revenue": 710443000, "costOfRevenue": 0.0, "grossProfit": 710443000, "grossProfitRatio": 1.0, "researchAndDevelopmentExpenses": 5527432000, "generalAndAdministrativeExpenses": 1137827000, "sellingAndMarketingExpenses": 0.0, "otherExpenses": 344391000, "operatingExpenses": 7009650000, "costAndExpenses": 7009650000, "interestExpense": 0.0, "depreciationAndAmortization": 330110000, "ebitda": -5969097000, "ebitdaratio": -8.401936538188144, "operatingIncome": -6299207000, "operatingIncomeRatio": -8.866590282401262, "totalOtherIncomeExpensesNet": 0.0, "incomeBeforeTax": -5961606000, "incomeBeforeTaxRatio": -8.391392412902935, "incomeTaxExpense": 0.0, "netIncome": -5961606000, "netIncomeRatio": -8.391392412902935, "eps": -0.2, "epsdiluted": -0.2, "weightedAverageShsOut": 30549829, "weightedAverageShsOutDil": 30549829, "link": "https://www.sec.gov/Archives/edgar/data/1060736/000089843003002827/0000898430-03-002827-index.htm", "finalLink": "https://www.sec.gov/Archives/edgar/data/1060736/000089843003002827/d10q.htm"}, {"date": "2002-12-31", "symbol": "SGEN", "fillingDate": "2003-03-28", "acceptedDate": "2003-03-27 21:50:25", "period": "FY", "revenue": 634285000, "costOfRevenue": 0.0, "grossProfit": 634285000, "grossProfitRatio": 1.0, "researchAndDevelopmentExpenses": 5356063000, "generalAndAdministrativeExpenses": 984718000, "sellingAndMarketingExpenses": 0.0, "otherExpenses": 2820890000, "operatingExpenses": 9161671000, "costAndExpenses": 9161671000, "interestExpense": 0.0, "depreciationAndAmortization": 334917000, "ebitda": -5896367000, "ebitdaratio": -9.2960845676628, "operatingIncome": -6231284000, "operatingIncomeRatio": -9.824107459580473, "totalOtherIncomeExpensesNet": 0.0, "incomeBeforeTax": -5814381000, "incomeBeforeTaxRatio": -9.166827214895513, "incomeTaxExpense": 0.0, "netIncome": -5814381000, "netIncomeRatio": -9.166827214895513, "eps": -0.77, "epsdiluted": -0.77, "weightedAverageShsOut": 30138023, "weightedAverageShsOutDil": 30138023, "link": "https://www.sec.gov/Archives/edgar/data/1060736/000103221003000471/0001032210-03-000471-index.htm", "finalLink": "https://www.sec.gov/Archives/edgar/data/1060736/000103221003000471/d10k.htm"}, {"date": "2002-09-30", "symbol": "SGEN", "fillingDate": "2002-11-12", "acceptedDate": "2002-11-12 08:38:49", "period": "Q3", "revenue": 404706000, "costOfRevenue": 0.0, "grossProfit": 404706000, "grossProfitRatio": 1.0, "researchAndDevelopmentExpenses": 4296664000, "generalAndAdministrativeExpenses": 1093313000, "sellingAndMarketingExpenses": 0.0, "otherExpenses": -1707296000, "operatingExpenses": 3682681000, "costAndExpenses": 3682681000, "interestExpense": 0.0, "depreciationAndAmortization": 318149000, "ebitda": -5255928000, "ebitdaratio": -12.98702762005011, "operatingIncome": -5574077000, "operatingIncomeRatio": -13.773151374083902, "totalOtherIncomeExpensesNet": 0.0, "incomeBeforeTax": -5088136000, "incomeBeforeTaxRatio": -12.572425414992612, "incomeTaxExpense": 0.0, "netIncome": -5088136000, "netIncomeRatio": -12.572425414992612, "eps": -0.58, "epsdiluted": -0.58, "weightedAverageShsOut": 30032631, "weightedAverageShsOutDil": 30032631, "link": "https://www.sec.gov/Archives/edgar/data/1060736/000110465902005498/0001104659-02-005498-index.htm", "finalLink": "https://www.sec.gov/Archives/edgar/data/1060736/000110465902005498/j5521_10q.htm"}, {"date": "2002-06-30", "symbol": "SGEN", "fillingDate": "2002-08-13", "acceptedDate": "2002-08-12 17:51:37", "period": "Q2", "revenue": 375405000, "costOfRevenue": 0.0, "grossProfit": 375405000, "grossProfitRatio": 1.0, "researchAndDevelopmentExpenses": 5314607000, "generalAndAdministrativeExpenses": 1054793000, "sellingAndMarketingExpenses": 0.0, "otherExpenses": 827769000, "operatingExpenses": 7197169000, "costAndExpenses": 7197169000, "interestExpense": 0.0, "depreciationAndAmortization": -301120000, "ebitda": -7122884000, "ebitdaratio": -18.97386555853012, "operatingIncome": -6821764000, "operatingIncomeRatio": -18.171745181870246, "totalOtherIncomeExpensesNet": 0.0, "incomeBeforeTax": -6266085000, "incomeBeforeTaxRatio": -16.69153314420426, "incomeTaxExpense": 0.0, "netIncome": -6266085000, "netIncomeRatio": -16.69153314420426, "eps": -0.41, "epsdiluted": -0.41, "weightedAverageShsOut": 29848057, "weightedAverageShsOutDil": 29848057, "link": "https://www.sec.gov/Archives/edgar/data/1060736/000110465902003574/0001104659-02-003574-index.htm", "finalLink": "https://www.sec.gov/Archives/edgar/data/1060736/000110465902003574/j4383_10q.htm"}, {"date": "2002-03-31", "symbol": "SGEN", "fillingDate": "2002-05-14", "acceptedDate": "2002-05-14 13:51:42", "period": "Q1", "revenue": 269272000, "costOfRevenue": 0.0, "grossProfit": 269272000, "grossProfitRatio": 1.0, "researchAndDevelopmentExpenses": 4852896000, "generalAndAdministrativeExpenses": 1105412000, "sellingAndMarketingExpenses": 0.0, "otherExpenses": 879527000, "operatingExpenses": 6837835000, "costAndExpenses": 6837835000, "interestExpense": 0.0, "depreciationAndAmortization": 879527000, "ebitda": -5689036000, "ebitdaratio": -21.12746962179506, "operatingIncome": -6568563000, "operatingIncomeRatio": -24.393783980510413, "totalOtherIncomeExpensesNet": 0.0, "incomeBeforeTax": -5991936000, "incomeBeforeTaxRatio": -22.252354496568525, "incomeTaxExpense": 0.0, "netIncome": -5991936000, "netIncomeRatio": -22.252354496568525, "eps": -0.2, "epsdiluted": -0.2, "weightedAverageShsOut": 29508376, "weightedAverageShsOutDil": 29508376, "link": "https://www.sec.gov/Archives/edgar/data/1060736/000110465902002278/0001104659-02-002278-index.htm", "finalLink": "https://www.sec.gov/Archives/edgar/data/1060736/000110465902002278/j3660_10q.htm"}, {"date": "2001-12-31", "symbol": "SGEN", "fillingDate": "2002-03-29", "acceptedDate": "2002-03-29 00:00:00", "period": "FY", "revenue": 895085000, "costOfRevenue": 0.0, "grossProfit": 895085000, "grossProfitRatio": 1.0, "researchAndDevelopmentExpenses": -8999544000, "generalAndAdministrativeExpenses": -1485907000, "sellingAndMarketingExpenses": 0.0, "otherExpenses": -3421920000, "operatingExpenses": -13907371000, "costAndExpenses": -13907371000, "interestExpense": 0.0, "depreciationAndAmortization": -3460800000, "ebitda": 11341656000, "ebitdaratio": 12.671037946116849, "operatingIncome": 14802456000, "operatingIncomeRatio": 16.537486383974706, "totalOtherIncomeExpensesNet": 0.0, "incomeBeforeTax": 12774297000, "incomeBeforeTaxRatio": 14.271602138344402, "incomeTaxExpense": 0.0, "netIncome": 12774297000, "netIncomeRatio": 14.271602138344402, "eps": -1.03, "epsdiluted": -1.03, "weightedAverageShsOut": 2749212000, "weightedAverageShsOutDil": 2749212000, "link": "https://www.sec.gov/Archives/edgar/data/1060736/000091205702012548/0000912057-02-012548-index.htm", "finalLink": "https://www.sec.gov/Archives/edgar/data/1060736/000091205702012548/a2074703z10-k405.htm"}, {"date": "2001-09-30", "symbol": "SGEN", "fillingDate": "2001-11-09", "acceptedDate": "2001-11-09 00:00:00", "period": "Q3", "revenue": 70331000, "costOfRevenue": 0.0, "grossProfit": 70331000, "grossProfitRatio": 1.0, "researchAndDevelopmentExpenses": 5093631000, "generalAndAdministrativeExpenses": 787105000, "sellingAndMarketingExpenses": 0.0, "otherExpenses": 1225670000, "operatingExpenses": 7106406000, "costAndExpenses": 7106406000, "interestExpense": 0.0, "depreciationAndAmortization": 1225670000, "ebitda": -5810405000, "ebitdaratio": -82.61513415136996, "operatingIncome": -7036075000, "operatingIncomeRatio": -100.04229998151598, "totalOtherIncomeExpensesNet": 0.0, "incomeBeforeTax": -6235703000, "incomeBeforeTaxRatio": -88.66222576104421, "incomeTaxExpense": 0.0, "netIncome": -6235703000, "netIncomeRatio": -88.66222576104421, "eps": -0.7, "epsdiluted": -0.7, "weightedAverageShsOut": 22300257, "weightedAverageShsOutDil": 22300257, "link": "https://www.sec.gov/Archives/edgar/data/1060736/000110465901502620/0001104659-01-502620-index.htm", "finalLink": "https://www.sec.gov/Archives/edgar/data/1060736/000110465901502620/j2238_10q.htm"}, {"date": "2001-06-30", "symbol": "SGEN", "fillingDate": "2001-08-13", "acceptedDate": "2001-08-13 00:00:00", "period": "Q2", "revenue": 34584000, "costOfRevenue": 0.0, "grossProfit": 34584000, "grossProfitRatio": 1.0, "researchAndDevelopmentExpenses": 6375104000, "generalAndAdministrativeExpenses": 1557501000, "sellingAndMarketingExpenses": 0.0, "otherExpenses": 2922082000, "operatingExpenses": 10854687000, "costAndExpenses": 10854687000, "interestExpense": 0.0, "depreciationAndAmortization": 1679711000, "ebitda": -9140392000, "ebitdaratio": -264.29539671524407, "operatingIncome": -10820103000, "operatingIncomeRatio": -312.86441707147816, "totalOtherIncomeExpensesNet": 0.0, "incomeBeforeTax": -9356274000, "incomeBeforeTaxRatio": -270.5376474670368, "incomeTaxExpense": 0.0, "netIncome": -9356274000, "netIncomeRatio": -270.5376474670368, "eps": -0.49, "epsdiluted": -0.49, "weightedAverageShsOut": 19005967, "weightedAverageShsOutDil": 19005967, "link": "https://www.sec.gov/Archives/edgar/data/1060736/000110465901501597/0001104659-01-501597-index.htm", "finalLink": "https://www.sec.gov/Archives/edgar/data/1060736/000110465901501597/j1051_10q.htm"}]