[{"date": "2020-04-26", "symbol": "NVDA", "fillingDate": "2020-05-21", "acceptedDate": "2020-05-21 16:32:58", "period": "Q1", "revenue": 3080000000, "costOfRevenue": 1076000000, "grossProfit": 2004000000, "grossProfitRatio": 0.6506493506493507, "researchAndDevelopmentExpenses": 735000000, "generalAndAdministrativeExpenses": 293000000, "sellingAndMarketingExpenses": 0.0, "otherExpenses": 0.0, "operatingExpenses": 1028000000, "costAndExpenses": 2104000000, "interestExpense": 25000000, "depreciationAndAmortization": 107000000, "ebitda": 1083000000, "ebitdaratio": 0.351623376623, "operatingIncome": 976000000, "operatingIncomeRatio": 0.316883116883, "totalOtherIncomeExpensesNet": 5000000.0, "incomeBeforeTax": 981000000, "incomeBeforeTaxRatio": 0.318506493506, "incomeTaxExpense": 64000000, "netIncome": 917000000, "netIncomeRatio": 0.297727272727, "eps": 1.49, "epsdiluted": 1.47, "weightedAverageShsOut": 614000000, "weightedAverageShsOutDil": 622000000, "link": "https://www.sec.gov/Archives/edgar/data/1045810/000104581020000065/0001045810-20-000065-index.htm", "finalLink": "https://www.sec.gov/Archives/edgar/data/1045810/000104581020000010/nvda-2020x10k.htm"}, {"date": "2020-01-26", "symbol": "NVDA", "fillingDate": "2020-02-20", "acceptedDate": "2020-02-20 16:38:18", "period": "FY", "revenue": 3105000000, "costOfRevenue": 1090000000, "grossProfit": 2015000000, "grossProfitRatio": 0.6489533011272142, "researchAndDevelopmentExpenses": 738000000, "generalAndAdministrativeExpenses": 287000000, "sellingAndMarketingExpenses": 0.0, "otherExpenses": 26000000, "operatingExpenses": 1025000000, "costAndExpenses": 2115000000, "interestExpense": 13000000, "depreciationAndAmortization": 106000000, "ebitda": 1096000000, "ebitdaratio": 0.3529790660225443, "operatingIncome": 990000000, "operatingIncomeRatio": 0.3188405797101449, "totalOtherIncomeExpensesNet": 26000000, "incomeBeforeTax": 1016000000, "incomeBeforeTaxRatio": 0.3272141706924316, "incomeTaxExpense": 65000000, "netIncome": 951000000, "netIncomeRatio": 0.30628019323671496, "eps": 1.56, "epsdiluted": 1.53, "weightedAverageShsOut": 609000000, "weightedAverageShsOutDil": 618000000, "link": "https://www.sec.gov/Archives/edgar/data/1045810/000104581020000010/0001045810-20-000010-index.htm", "finalLink": "https://www.sec.gov/Archives/edgar/data/1045810/000104581020000010/nvda-2020x10k.htm"}, {"date": "2019-10-27", "symbol": "NVDA", "fillingDate": "2019-11-14", "acceptedDate": "2019-11-14 16:36:33", "period": "Q3", "revenue": 3014000000, "costOfRevenue": 1098000000, "grossProfit": 1916000000, "grossProfitRatio": 0.6357000663570007, "researchAndDevelopmentExpenses": 712000000, "generalAndAdministrativeExpenses": 277000000, "sellingAndMarketingExpenses": 0.0, "otherExpenses": 32000000, "operatingExpenses": 989000000, "costAndExpenses": 2087000000, "interestExpense": 12000000, "depreciationAndAmortization": 92000000, "ebitda": 1019000000, "ebitdaratio": 0.33808891838088917, "operatingIncome": 927000000, "operatingIncomeRatio": 0.30756469807564696, "totalOtherIncomeExpensesNet": 32000000, "incomeBeforeTax": 959000000, "incomeBeforeTaxRatio": 0.3181818181818182, "incomeTaxExpense": 61000000, "netIncome": 898000000, "netIncomeRatio": 0.2979429329794293, "eps": 1.47, "epsdiluted": 1.45, "weightedAverageShsOut": 609000000, "weightedAverageShsOutDil": 617000000, "link": "https://www.sec.gov/Archives/edgar/data/1045810/000104581019000170/0001045810-19-000170-index.htm", "finalLink": "https://www.sec.gov/Archives/edgar/data/1045810/000104581019000170/nvda2020q310q.htm"}, {"date": "2019-07-28", "symbol": "NVDA", "fillingDate": "2019-08-15", "acceptedDate": "2019-08-15 17:20:59", "period": "Q2", "revenue": 2579000000, "costOfRevenue": 1038000000, "grossProfit": 1541000000, "grossProfitRatio": 0.5975184179914695, "researchAndDevelopmentExpenses": 705000000, "generalAndAdministrativeExpenses": 265000000, "sellingAndMarketingExpenses": 0.0, "otherExpenses": 35000000, "operatingExpenses": 970000000, "costAndExpenses": 2008000000, "interestExpense": 14000000, "depreciationAndAmortization": 92000000, "ebitda": 663000000, "ebitdaratio": 0.2570763861962001, "operatingIncome": 571000000, "operatingIncomeRatio": 0.22140364482357502, "totalOtherIncomeExpensesNet": 35000000, "incomeBeforeTax": 606000000, "incomeBeforeTaxRatio": 0.23497479643272587, "incomeTaxExpense": 53000000, "netIncome": 553000000, "netIncomeRatio": 0.21442419542458316, "eps": 0.91, "epsdiluted": 0.9, "weightedAverageShsOut": 608000000, "weightedAverageShsOutDil": 616000000, "link": "https://www.sec.gov/Archives/edgar/data/1045810/000104581019000144/0001045810-19-000144-index.htm", "finalLink": "https://www.sec.gov/Archives/edgar/data/1045810/000104581019000144/nvda2020q210q.htm"}, {"date": "2019-04-28", "symbol": "NVDA", "fillingDate": "2019-05-16", "acceptedDate": "2019-05-16 16:36:34", "period": "Q1", "revenue": 2220000000, "costOfRevenue": 924000000, "grossProfit": 1296000000, "grossProfitRatio": 0.5837837837837838, "researchAndDevelopmentExpenses": 674000000, "generalAndAdministrativeExpenses": 264000000, "sellingAndMarketingExpenses": 0.0, "otherExpenses": 31000000, "operatingExpenses": 938000000, "costAndExpenses": 1862000000, "interestExpense": 13000000, "depreciationAndAmortization": 91000000, "ebitda": 449000000, "ebitdaratio": 0.20225225225225224, "operatingIncome": 358000000, "operatingIncomeRatio": 0.16126126126126125, "totalOtherIncomeExpensesNet": 31000000, "incomeBeforeTax": 389000000, "incomeBeforeTaxRatio": 0.1752252252252252, "incomeTaxExpense": -5000000.0, "netIncome": 394000000, "netIncomeRatio": 0.17747747747747747, "eps": 0.65, "epsdiluted": 0.64, "weightedAverageShsOut": 607000000, "weightedAverageShsOutDil": 616000000, "link": "https://www.sec.gov/Archives/edgar/data/1045810/000104581019000079/0001045810-19-000079-index.htm", "finalLink": "https://www.sec.gov/Archives/edgar/data/1045810/000104581019000023/nvda-2019x10k.htm"}, {"date": "2019-01-27", "symbol": "NVDA", "fillingDate": "2019-02-21", "acceptedDate": "2019-02-21 16:37:18", "period": "FY", "revenue": 2205000000, "costOfRevenue": 998000000, "grossProfit": 1207000000, "grossProfitRatio": 0.5473922902494331, "researchAndDevelopmentExpenses": 647000000, "generalAndAdministrativeExpenses": 266000000, "sellingAndMarketingExpenses": 0.0, "otherExpenses": 30000000, "operatingExpenses": 913000000, "costAndExpenses": 1911000000, "interestExpense": 14000000, "depreciationAndAmortization": 78000000, "ebitda": 372000000, "ebitdaratio": 0.16870748299319727, "operatingIncome": 294000000, "operatingIncomeRatio": 0.13333333333333333, "totalOtherIncomeExpensesNet": 30000000, "incomeBeforeTax": 324000000, "incomeBeforeTaxRatio": 0.1469387755102041, "incomeTaxExpense": -242000000, "netIncome": 566000000, "netIncomeRatio": 0.2566893424036281, "eps": 0.93, "epsdiluted": 0.92, "weightedAverageShsOut": 608000000, "weightedAverageShsOutDil": 625000000, "link": "https://www.sec.gov/Archives/edgar/data/1045810/000104581019000023/0001045810-19-000023-index.htm", "finalLink": "https://www.sec.gov/Archives/edgar/data/1045810/000104581019000023/nvda-2019x10k.htm"}, {"date": "2018-10-28", "symbol": "NVDA", "fillingDate": "2018-11-15", "acceptedDate": "2018-11-15 16:32:23", "period": "Q3", "revenue": 3181000000, "costOfRevenue": 1260000000, "grossProfit": 1921000000, "grossProfitRatio": 0.6038981452373468, "researchAndDevelopmentExpenses": 605000000, "generalAndAdministrativeExpenses": 258000000, "sellingAndMarketingExpenses": 0.0, "otherExpenses": 23000000, "operatingExpenses": 863000000, "costAndExpenses": 2123000000, "interestExpense": 15000000, "depreciationAndAmortization": 68000000, "ebitda": 1126000000, "ebitdaratio": 0.3539767368751965, "operatingIncome": 1058000000, "operatingIncomeRatio": 0.33259981138006917, "totalOtherIncomeExpensesNet": 23000000, "incomeBeforeTax": 1081000000, "incomeBeforeTaxRatio": 0.3398302420622446, "incomeTaxExpense": -149000000, "netIncome": 1230000000, "netIncomeRatio": 0.3866708582206853, "eps": 2.02, "epsdiluted": 1.97, "weightedAverageShsOut": 608000000, "weightedAverageShsOutDil": 626000000, "link": "https://www.sec.gov/Archives/edgar/data/1045810/000104581018000150/0001045810-18-000150-index.htm", "finalLink": "https://www.sec.gov/Archives/edgar/data/1045810/000104581018000150/nvda2019q310q.htm"}, {"date": "2018-07-29", "symbol": "NVDA", "fillingDate": "2018-08-16", "acceptedDate": "2018-08-16 16:31:19", "period": "Q2", "revenue": 3123000000, "costOfRevenue": 1148000000, "grossProfit": 1975000000, "grossProfitRatio": 0.6324047390329811, "researchAndDevelopmentExpenses": 582000000, "generalAndAdministrativeExpenses": 236000000, "sellingAndMarketingExpenses": 0.0, "otherExpenses": 23000000, "operatingExpenses": 818000000, "costAndExpenses": 1966000000, "interestExpense": 14000000, "depreciationAndAmortization": 59000000, "ebitda": 1216000000, "ebitdaratio": 0.3893691962856228, "operatingIncome": 1157000000, "operatingIncomeRatio": 0.37047710534742234, "totalOtherIncomeExpensesNet": 23000000, "incomeBeforeTax": 1180000000, "incomeBeforeTaxRatio": 0.37784181876400896, "incomeTaxExpense": 79000000, "netIncome": 1101000000, "netIncomeRatio": 0.3525456292026897, "eps": 1.81, "epsdiluted": 1.76, "weightedAverageShsOut": 607000000, "weightedAverageShsOutDil": 627000000, "link": "https://www.sec.gov/Archives/edgar/data/1045810/000104581018000114/0001045810-18-000114-index.htm", "finalLink": "https://www.sec.gov/Archives/edgar/data/1045810/000104581018000114/nvda2019q210q.htm"}, {"date": "2018-04-29", "symbol": "NVDA", "fillingDate": "2018-05-22", "acceptedDate": "2018-05-22 16:35:51", "period": "Q1", "revenue": 3207000000, "costOfRevenue": 1139000000, "grossProfit": 2068000000, "grossProfitRatio": 0.6448394137823511, "researchAndDevelopmentExpenses": 542000000, "generalAndAdministrativeExpenses": 231000000, "sellingAndMarketingExpenses": 0.0, "otherExpenses": 16000000, "operatingExpenses": 773000000, "costAndExpenses": 1912000000, "interestExpense": 15000000, "depreciationAndAmortization": 57000000, "ebitda": 1352000000, "ebitdaratio": 0.42157779856563765, "operatingIncome": 1295000000, "operatingIncomeRatio": 0.40380417835983784, "totalOtherIncomeExpensesNet": 16000000, "incomeBeforeTax": 1311000000, "incomeBeforeTaxRatio": 0.4087932647333957, "incomeTaxExpense": 67000000, "netIncome": 1244000000, "netIncomeRatio": 0.38790146554412225, "eps": 2.05, "epsdiluted": 1.98, "weightedAverageShsOut": 606000000, "weightedAverageShsOutDil": 627000000, "link": "https://www.sec.gov/Archives/edgar/data/1045810/000104581018000080/0001045810-18-000080-index.htm", "finalLink": "https://www.sec.gov/Archives/edgar/data/1045810/000104581018000010/nvda-2018x10k.htm"}, {"date": "2018-01-28", "symbol": "NVDA", "fillingDate": "2018-02-28", "acceptedDate": "2018-02-28 16:31:19", "period": "FY", "revenue": 2911000000, "costOfRevenue": 1110000000, "grossProfit": 1801000000, "grossProfitRatio": 0.6186877361731363, "researchAndDevelopmentExpenses": 507000000, "generalAndAdministrativeExpenses": 221000000, "sellingAndMarketingExpenses": 0.0, "otherExpenses": 6000000.0, "operatingExpenses": 728000000, "costAndExpenses": 1838000000, "interestExpense": 15000000, "depreciationAndAmortization": 54000000, "ebitda": 1127000000, "ebitdaratio": 0.38715218138096874, "operatingIncome": 1073000000, "operatingIncomeRatio": 0.3686018550326348, "totalOtherIncomeExpensesNet": 6000000.0, "incomeBeforeTax": 1079000000, "incomeBeforeTaxRatio": 0.3706630024046719, "incomeTaxExpense": -40000000, "netIncome": 1119000000, "netIncomeRatio": 0.3844039848849193, "eps": 1.86, "epsdiluted": 1.77, "weightedAverageShsOut": 599000000, "weightedAverageShsOutDil": 632000000, "link": "https://www.sec.gov/Archives/edgar/data/1045810/000104581018000010/0001045810-18-000010-index.htm", "finalLink": "https://www.sec.gov/Archives/edgar/data/1045810/000104581018000010/nvda-2018x10k.htm"}, {"date": "2017-10-29", "symbol": "NVDA", "fillingDate": "2017-11-21", "acceptedDate": "2017-11-21 16:25:20", "period": "Q3", "revenue": 2636000000, "costOfRevenue": 1067000000, "grossProfit": 1569000000, "grossProfitRatio": 0.5952200303490136, "researchAndDevelopmentExpenses": 463000000, "generalAndAdministrativeExpenses": 211000000, "sellingAndMarketingExpenses": 0.0, "otherExpenses": 1000000.0, "operatingExpenses": 674000000, "costAndExpenses": 1741000000, "interestExpense": 15000000, "depreciationAndAmortization": 49000000, "ebitda": 944000000, "ebitdaratio": 0.3581183611532625, "operatingIncome": 895000000, "operatingIncomeRatio": 0.33952959028831564, "totalOtherIncomeExpensesNet": 1000000.0, "incomeBeforeTax": 896000000, "incomeBeforeTaxRatio": 0.33990895295902884, "incomeTaxExpense": 59000000, "netIncome": 837000000, "netIncomeRatio": 0.3175265553869499, "eps": 1.4, "epsdiluted": 1.34, "weightedAverageShsOut": 597000000, "weightedAverageShsOutDil": 633000000, "link": "https://www.sec.gov/Archives/edgar/data/1045810/000104581017000172/0001045810-17-000172-index.htm", "finalLink": "https://www.sec.gov/Archives/edgar/data/1045810/000104581017000172/nvda2018q310q.htm"}, {"date": "2017-07-30", "symbol": "NVDA", "fillingDate": "2017-08-23", "acceptedDate": "2017-08-23 16:24:51", "period": "Q2", "revenue": 2230000000, "costOfRevenue": 928000000, "grossProfit": 1302000000, "grossProfitRatio": 0.5838565022421525, "researchAndDevelopmentExpenses": 416000000, "generalAndAdministrativeExpenses": 198000000, "sellingAndMarketingExpenses": 0.0, "otherExpenses": -3000000.0, "operatingExpenses": 614000000, "costAndExpenses": 1542000000, "interestExpense": 15000000, "depreciationAndAmortization": 49000000, "ebitda": 737000000, "ebitdaratio": 0.3304932735426009, "operatingIncome": 688000000, "operatingIncomeRatio": 0.30852017937219733, "totalOtherIncomeExpensesNet": -3000000.0, "incomeBeforeTax": 685000000, "incomeBeforeTaxRatio": 0.3071748878923767, "incomeTaxExpense": 101000000, "netIncome": 584000000, "netIncomeRatio": 0.26188340807174887, "eps": 0.97, "epsdiluted": 0.92, "weightedAverageShsOut": 595000000, "weightedAverageShsOutDil": 637000000, "link": "https://www.sec.gov/Archives/edgar/data/1045810/000104581017000123/0001045810-17-000123-index.htm", "finalLink": "https://www.sec.gov/Archives/edgar/data/1045810/000104581017000123/nvda2018q210q.htm"}, {"date": "2017-04-30", "symbol": "NVDA", "fillingDate": "2017-05-23", "acceptedDate": "2017-05-23 16:34:55", "period": "Q1", "revenue": 1937000000, "costOfRevenue": 787000000, "grossProfit": 1150000000, "grossProfitRatio": 0.5937016004130098, "researchAndDevelopmentExpenses": 411000000, "generalAndAdministrativeExpenses": 185000000, "sellingAndMarketingExpenses": 0.0, "otherExpenses": -18000000, "operatingExpenses": 596000000, "costAndExpenses": 1383000000, "interestExpense": 16000000, "depreciationAndAmortization": 47000000, "ebitda": 601000000, "ebitdaratio": 0.31027361899845124, "operatingIncome": 554000000, "operatingIncomeRatio": 0.28600929272070214, "totalOtherIncomeExpensesNet": -18000000, "incomeBeforeTax": 536000000, "incomeBeforeTaxRatio": 0.27671657201858546, "incomeTaxExpense": 29000000, "netIncome": 507000000, "netIncomeRatio": 0.26174496644295303, "eps": 0.86, "epsdiluted": 0.79, "weightedAverageShsOut": 592000000, "weightedAverageShsOutDil": 641000000, "link": "https://www.sec.gov/Archives/edgar/data/1045810/000104581017000075/0001045810-17-000075-index.htm", "finalLink": "https://www.sec.gov/Archives/edgar/data/1045810/000104581017000027/nvda-2017x10k.htm"}, {"date": "2017-01-29", "symbol": "NVDA", "fillingDate": "2017-03-01", "acceptedDate": "2017-03-01 17:30:49", "period": "FY", "revenue": 2173000000, "costOfRevenue": 870000000, "grossProfit": 1303000000, "grossProfitRatio": 0.5996318453750575, "researchAndDevelopmentExpenses": 394000000, "generalAndAdministrativeExpenses": 176000000, "sellingAndMarketingExpenses": 0.0, "otherExpenses": 0.0, "operatingExpenses": 570000000, "costAndExpenses": 1440000000, "interestExpense": 19000000, "depreciationAndAmortization": 47000000, "ebitda": 780000000, "ebitdaratio": 0.35895075931891396, "operatingIncome": 733000000, "operatingIncomeRatio": 0.3373216751035435, "totalOtherIncomeExpensesNet": -6000000.0, "incomeBeforeTax": 725000000, "incomeBeforeTaxRatio": 0.33364012885411876, "incomeTaxExpense": 71000000, "netIncome": 654000000, "netIncomeRatio": 0.300966405890474, "eps": 1.19, "epsdiluted": 0.98, "weightedAverageShsOut": 541000000, "weightedAverageShsOutDil": 649000000, "link": "https://www.sec.gov/Archives/edgar/data/1045810/000104581017000027/0001045810-17-000027-index.htm", "finalLink": "https://www.sec.gov/Archives/edgar/data/1045810/000104581017000027/nvda-2017x10k.htm"}, {"date": "2016-10-30", "symbol": "NVDA", "fillingDate": "2016-11-22", "acceptedDate": "2016-11-22 16:29:33", "period": "Q3", "revenue": 2004000000, "costOfRevenue": 821000000, "grossProfit": 1183000000, "grossProfitRatio": 0.5903193612774451, "researchAndDevelopmentExpenses": 372000000, "generalAndAdministrativeExpenses": 171000000, "sellingAndMarketingExpenses": 0.0, "otherExpenses": 0.0, "operatingExpenses": 543000000, "costAndExpenses": 1364000000, "interestExpense": 16000000, "depreciationAndAmortization": 48000000, "ebitda": 688000000, "ebitdaratio": 0.34331337325349304, "operatingIncome": 640000000, "operatingIncomeRatio": 0.3193612774451098, "totalOtherIncomeExpensesNet": -16000000, "incomeBeforeTax": 622000000, "incomeBeforeTaxRatio": 0.31037924151696605, "incomeTaxExpense": 59000000, "netIncome": 563000000, "netIncomeRatio": 0.280938123752495, "eps": 1.05, "epsdiluted": 0.86, "weightedAverageShsOut": 536000000, "weightedAverageShsOutDil": 636000000, "link": "https://www.sec.gov/Archives/edgar/data/1045810/000104581016000353/0001045810-16-000353-index.htm", "finalLink": "https://www.sec.gov/Archives/edgar/data/1045810/000104581016000353/nvda2017q310q.htm"}, {"date": "2016-07-31", "symbol": "NVDA", "fillingDate": "2016-08-23", "acceptedDate": "2016-08-23 17:20:18", "period": "Q2", "revenue": 1428000000, "costOfRevenue": 602000000, "grossProfit": 826000000, "grossProfitRatio": 0.5784313725490197, "researchAndDevelopmentExpenses": 351000000, "generalAndAdministrativeExpenses": 157000000, "sellingAndMarketingExpenses": 0.0, "otherExpenses": 2000000.0, "operatingExpenses": 510000000, "costAndExpenses": 1112000000, "interestExpense": 11000000, "depreciationAndAmortization": 47000000, "ebitda": 363000000, "ebitdaratio": 0.2542016806722689, "operatingIncome": 316000000, "operatingIncomeRatio": 0.22128851540616246, "totalOtherIncomeExpensesNet": -3000000.0, "incomeBeforeTax": 317000000, "incomeBeforeTaxRatio": 0.22198879551820727, "incomeTaxExpense": 64000000, "netIncome": 253000000, "netIncomeRatio": 0.17717086834733894, "eps": 0.48, "epsdiluted": 0.4, "weightedAverageShsOut": 536000000, "weightedAverageShsOutDil": 617000000, "link": "https://www.sec.gov/Archives/edgar/data/1045810/000104581016000300/0001045810-16-000300-index.htm", "finalLink": "https://www.sec.gov/Archives/edgar/data/1045810/000104581016000300/nvda2017q210q.htm"}, {"date": "2016-05-01", "symbol": "NVDA", "fillingDate": "2016-05-25", "acceptedDate": "2016-05-25 16:55:13", "period": "Q1", "revenue": 1305000000, "costOfRevenue": 554000000, "grossProfit": 751000000, "grossProfitRatio": 0.5754789272030651, "researchAndDevelopmentExpenses": 346000000, "generalAndAdministrativeExpenses": 159000000, "sellingAndMarketingExpenses": 0.0, "otherExpenses": 1000000.0, "operatingExpenses": 506000000, "costAndExpenses": 1060000000, "interestExpense": 12000000, "depreciationAndAmortization": 45000000, "ebitda": 290000000, "ebitdaratio": 0.2222222222222222, "operatingIncome": 245000000, "operatingIncomeRatio": 0.18773946360153257, "totalOtherIncomeExpensesNet": 0.0, "incomeBeforeTax": 241000000, "incomeBeforeTaxRatio": 0.1846743295019157, "incomeTaxExpense": 45000000, "netIncome": 196000000, "netIncomeRatio": 0.15019157088122606, "eps": 0.36, "epsdiluted": 0.33, "weightedAverageShsOut": 537000000, "weightedAverageShsOutDil": 597000000, "link": "https://www.sec.gov/Archives/edgar/data/1045810/000104581016000275/0001045810-16-000275-index.htm", "finalLink": "https://www.sec.gov/Archives/edgar/data/1045810/000104581016000205/nvda-2016x10k.htm"}, {"date": "2016-01-31", "symbol": "NVDA", "fillingDate": "2016-03-17", "acceptedDate": "2016-03-16 18:07:18", "period": "FY", "revenue": 1401000000, "costOfRevenue": 610000000, "grossProfit": 791000000, "grossProfitRatio": 0.5645967166309779, "researchAndDevelopmentExpenses": 344000000, "generalAndAdministrativeExpenses": 161000000, "sellingAndMarketingExpenses": 0.0, "otherExpenses": 34000000, "operatingExpenses": 539000000, "costAndExpenses": 1149000000, "interestExpense": 12000000, "depreciationAndAmortization": 46000000, "ebitda": 298000000, "ebitdaratio": 0.21270521056388295, "operatingIncome": 252000000, "operatingIncomeRatio": 0.17987152034261242, "totalOtherIncomeExpensesNet": 3000000.0, "incomeBeforeTax": 254000000, "incomeBeforeTaxRatio": 0.1812990720913633, "incomeTaxExpense": 46000000, "netIncome": 208000000, "netIncomeRatio": 0.14846538187009278, "eps": 0.38, "epsdiluted": 0.36, "weightedAverageShsOut": 543000000, "weightedAverageShsOutDil": 569000000, "link": "https://www.sec.gov/Archives/edgar/data/1045810/000104581016000205/0001045810-16-000205-index.htm", "finalLink": "https://www.sec.gov/Archives/edgar/data/1045810/000104581016000205/nvda-2016x10k.htm"}, {"date": "2015-10-25", "symbol": "NVDA", "fillingDate": "2015-11-18", "acceptedDate": "2015-11-18 16:39:57", "period": "Q3", "revenue": 1305000000, "costOfRevenue": 571000000, "grossProfit": 734000000, "grossProfitRatio": 0.5624521072796935, "researchAndDevelopmentExpenses": 329000000, "generalAndAdministrativeExpenses": 152000000, "sellingAndMarketingExpenses": 0.0, "otherExpenses": 8000000.0, "operatingExpenses": 489000000, "costAndExpenses": 1060000000, "interestExpense": 13000000, "depreciationAndAmortization": 48000000, "ebitda": 293000000, "ebitdaratio": 0.22452107279693487, "operatingIncome": 245000000, "operatingIncomeRatio": 0.18773946360153257, "totalOtherIncomeExpensesNet": 3000000.0, "incomeBeforeTax": 245000000, "incomeBeforeTaxRatio": 0.18773946360153257, "incomeTaxExpense": -1000000.0, "netIncome": 246000000, "netIncomeRatio": 0.18850574712643678, "eps": 0.46, "epsdiluted": 0.44, "weightedAverageShsOut": 544000000, "weightedAverageShsOutDil": 563000000, "link": "https://www.sec.gov/Archives/edgar/data/1045810/000104581015000173/0001045810-15-000173-index.htm", "finalLink": "https://www.sec.gov/Archives/edgar/data/1045810/000104581015000173/nvda2016q310q.htm"}, {"date": "2015-07-26", "symbol": "NVDA", "fillingDate": "2015-08-19", "acceptedDate": "2015-08-19 16:41:18", "period": "Q2", "revenue": 1153000000, "costOfRevenue": 520000000, "grossProfit": 633000000, "grossProfitRatio": 0.5490026019080659, "researchAndDevelopmentExpenses": 319000000, "generalAndAdministrativeExpenses": 151000000, "sellingAndMarketingExpenses": 0.0, "otherExpenses": 90000000, "operatingExpenses": 559000000, "costAndExpenses": 1079000000, "interestExpense": 10000000, "depreciationAndAmortization": 49000000, "ebitda": 123000000, "ebitdaratio": 0.10667823070251518, "operatingIncome": 74000000, "operatingIncomeRatio": 0.06418039895923677, "totalOtherIncomeExpensesNet": -1000000.0, "incomeBeforeTax": 72000000, "incomeBeforeTaxRatio": 0.062445793581960105, "incomeTaxExpense": 46000000, "netIncome": 26000000, "netIncomeRatio": 0.022549869904596703, "eps": 0.05, "epsdiluted": 0.04, "weightedAverageShsOut": 545000000, "weightedAverageShsOutDil": 563000000, "link": "https://www.sec.gov/Archives/edgar/data/1045810/000104581015000143/0001045810-15-000143-index.htm", "finalLink": "https://www.sec.gov/Archives/edgar/data/1045810/000104581015000143/nvda2016q210q.htm"}, {"date": "2015-04-26", "symbol": "NVDA", "fillingDate": "2015-05-20", "acceptedDate": "2015-05-20 16:55:12", "period": "Q1", "revenue": 1151000000, "costOfRevenue": 498000000, "grossProfit": 653000000, "grossProfitRatio": 0.5673327541268463, "researchAndDevelopmentExpenses": 339000000, "generalAndAdministrativeExpenses": 138000000, "sellingAndMarketingExpenses": 0.0, "otherExpenses": -1000000.0, "operatingExpenses": 477000000, "costAndExpenses": 975000000, "interestExpense": 12000000, "depreciationAndAmortization": 54000000, "ebitda": 230000000, "ebitdaratio": 0.1998262380538662, "operatingIncome": 176000000, "operatingIncomeRatio": 0.1529105125977411, "totalOtherIncomeExpensesNet": -1000000.0, "incomeBeforeTax": 172000000, "incomeBeforeTaxRatio": 0.14943527367506515, "incomeTaxExpense": 38000000, "netIncome": 134000000, "netIncomeRatio": 0.11642050390964379, "eps": 0.24, "epsdiluted": 0.24, "weightedAverageShsOut": 549000000, "weightedAverageShsOutDil": 568000000, "link": "https://www.sec.gov/Archives/edgar/data/1045810/000104581015000097/0001045810-15-000097-index.htm", "finalLink": "https://www.sec.gov/Archives/edgar/data/1045810/000104581015000036/nvda-2015x10k.htm"}, {"date": "2015-01-25", "symbol": "NVDA", "fillingDate": "2015-03-12", "acceptedDate": "2015-03-11 19:48:05", "period": "FY", "revenue": 1250514000, "costOfRevenue": 550911000, "grossProfit": 699603000, "grossProfitRatio": 0.5594523531923673, "researchAndDevelopmentExpenses": 348253000, "generalAndAdministrativeExpenses": 120214000, "sellingAndMarketingExpenses": 0.0, "otherExpenses": 188000.0, "operatingExpenses": 468467000, "costAndExpenses": 1019378000, "interestExpense": -11594000, "depreciationAndAmortization": -138203000000, "ebitda": -137971864000, "ebitdaratio": -110.33212263117406, "operatingIncome": 231136000, "operatingIncomeRatio": 0.18483279675397477, "totalOtherIncomeExpensesNet": 188000.0, "incomeBeforeTax": 227859000, "incomeBeforeTaxRatio": 0.18221227431280257, "incomeTaxExpense": 34731000, "netIncome": 193128000, "netIncomeRatio": 0.15443889472648847, "eps": 0.35, "epsdiluted": 0.35, "weightedAverageShsOut": 552319000, "weightedAverageShsOutDil": 563068000, "link": "https://www.sec.gov/Archives/edgar/data/1045810/000104581015000036/0001045810-15-000036-index.htm", "finalLink": "https://www.sec.gov/Archives/edgar/data/1045810/000104581015000036/nvda-2015x10k.htm"}, {"date": "2014-10-26", "symbol": "NVDA", "fillingDate": "2014-11-19", "acceptedDate": "2014-11-18 19:09:07", "period": "Q3", "revenue": 1225382000, "costOfRevenue": 548684000, "grossProfit": 676698000, "grossProfitRatio": 0.5522343236639676, "researchAndDevelopmentExpenses": 340085000, "generalAndAdministrativeExpenses": 123298000, "sellingAndMarketingExpenses": 0.0, "otherExpenses": -125000.0, "operatingExpenses": 463383000, "costAndExpenses": 1012067000, "interestExpense": -11542000, "depreciationAndAmortization": 55480000000, "ebitda": 55693315000, "ebitdaratio": 45.449757708208544, "operatingIncome": 213315000, "operatingIncomeRatio": 0.17408040921116844, "totalOtherIncomeExpensesNet": -125000.0, "incomeBeforeTax": 209070000, "incomeBeforeTaxRatio": 0.17061618336159662, "incomeTaxExpense": 36103000, "netIncome": 172967000, "netIncomeRatio": 0.1411535341632242, "eps": 0.32, "epsdiluted": 0.31, "weightedAverageShsOut": 555035000, "weightedAverageShsOutDil": 565653000, "link": "https://www.sec.gov/Archives/edgar/data/1045810/000104581014000188/0001045810-14-000188-index.htm", "finalLink": "https://www.sec.gov/Archives/edgar/data/1045810/000104581014000188/nvda2015q310q.htm"}, {"date": "2014-07-27", "symbol": "NVDA", "fillingDate": "2014-08-20", "acceptedDate": "2014-08-20 16:27:59", "period": "Q2", "revenue": 1102824000, "costOfRevenue": 483850000, "grossProfit": 618974000, "grossProfitRatio": 0.5612627218849063, "researchAndDevelopmentExpenses": 337124000, "generalAndAdministrativeExpenses": 118671000, "sellingAndMarketingExpenses": 0.0, "otherExpenses": 13827000, "operatingExpenses": 455795000, "costAndExpenses": 939645000, "interestExpense": -11526000, "depreciationAndAmortization": 55607000000, "ebitda": 55770179000, "ebitdaratio": 50.57033488571159, "operatingIncome": 163179000, "operatingIncomeRatio": 0.14796467976757852, "totalOtherIncomeExpensesNet": -3857000.0, "incomeBeforeTax": 154625000, "incomeBeforeTaxRatio": 0.1402082290555882, "incomeTaxExpense": 26649000, "netIncome": 127976000, "netIncomeRatio": 0.11604390183746455, "eps": 0.23, "epsdiluted": 0.22, "weightedAverageShsOut": 558657000, "weightedAverageShsOutDil": 570599000, "link": "https://www.sec.gov/Archives/edgar/data/1045810/000104581014000158/0001045810-14-000158-index.htm", "finalLink": "https://www.sec.gov/Archives/edgar/data/1045810/000104581014000158/nvda2015q210q.htm"}, {"date": "2014-04-27", "symbol": "NVDA", "fillingDate": "2014-05-21", "acceptedDate": "2014-05-21 16:11:13", "period": "Q1", "revenue": 1102787000, "costOfRevenue": 498585000, "grossProfit": 604202000, "grossProfitRatio": 0.5478864005469778, "researchAndDevelopmentExpenses": 334263000, "generalAndAdministrativeExpenses": 118580000, "sellingAndMarketingExpenses": 0.0, "otherExpenses": 0.0, "operatingExpenses": 452843000, "costAndExpenses": 951428000, "interestExpense": -11471000, "depreciationAndAmortization": 55083000000, "ebitda": 55234359000, "ebitdaratio": 50.08615353644902, "operatingIncome": 151359000, "operatingIncomeRatio": 0.13725134590814, "totalOtherIncomeExpensesNet": 17684000, "incomeBeforeTax": 163282000, "incomeBeforeTaxRatio": 0.1480630439060308, "incomeTaxExpense": 26766000, "netIncome": 136516000, "netIncomeRatio": 0.12379181111130255, "eps": 0.24, "epsdiluted": 0.24, "weightedAverageShsOut": 559092000, "weightedAverageShsOutDil": 570422000, "link": "https://www.sec.gov/Archives/edgar/data/1045810/000104581014000085/0001045810-14-000085-index.htm", "finalLink": "https://www.sec.gov/Archives/edgar/data/1045810/000104581014000030/nvda-2014x10k.htm"}, {"date": "2014-01-26", "symbol": "NVDA", "fillingDate": "2014-03-13", "acceptedDate": "2014-03-12 19:18:57", "period": "FY", "revenue": 1144218000, "costOfRevenue": 524976000, "grossProfit": 619242000, "grossProfitRatio": 0.541192325238722, "researchAndDevelopmentExpenses": 336641000, "generalAndAdministrativeExpenses": 435702000, "sellingAndMarketingExpenses": 0.0, "otherExpenses": -312674000, "operatingExpenses": 452318000, "costAndExpenses": 977294000, "interestExpense": 10443000, "depreciationAndAmortization": 54838000000, "ebitda": 55004924000, "ebitdaratio": 48.07206668659294, "operatingIncome": 166924000, "operatingIncomeRatio": 0.14588478768905924, "totalOtherIncomeExpensesNet": 7351000.0, "incomeBeforeTax": 168888000, "incomeBeforeTaxRatio": 0.14760124381892262, "incomeTaxExpense": 21971000, "netIncome": 146917000, "netIncomeRatio": 0.12839948331524237, "eps": 0.26, "epsdiluted": 0.25, "weightedAverageShsOut": 587893000, "weightedAverageShsOutDil": 594517000, "link": "https://www.sec.gov/Archives/edgar/data/1045810/000104581014000030/0001045810-14-000030-index.htm", "finalLink": "https://www.sec.gov/Archives/edgar/data/1045810/000104581014000030/nvda-2014x10k.htm"}, {"date": "2013-10-27", "symbol": "NVDA", "fillingDate": "2013-11-19", "acceptedDate": "2013-11-19 16:30:37", "period": "Q3", "revenue": 1053967000, "costOfRevenue": 469552000, "grossProfit": 584415000, "grossProfitRatio": 0.5544907952526028, "researchAndDevelopmentExpenses": 340294000, "generalAndAdministrativeExpenses": -216892000, "sellingAndMarketingExpenses": 0.0, "otherExpenses": 317399000, "operatingExpenses": 443427000, "costAndExpenses": 912979000, "interestExpense": 0.0, "depreciationAndAmortization": 62726000000, "ebitda": 62866988000, "ebitdaratio": 59.64796620767064, "operatingIncome": 140988000, "operatingIncomeRatio": 0.13376889409250953, "totalOtherIncomeExpensesNet": -2626000.0, "incomeBeforeTax": 141484000, "incomeBeforeTaxRatio": 0.13423949706205224, "incomeTaxExpense": 22750000, "netIncome": 118734000, "netIncomeRatio": 0.11265438101951959, "eps": 0.2, "epsdiluted": 0.2, "weightedAverageShsOut": 594363000, "weightedAverageShsOutDil": 600108000, "link": "https://www.sec.gov/Archives/edgar/data/1045810/000104581013000109/0001045810-13-000109-index.htm", "finalLink": "https://www.sec.gov/Archives/edgar/data/1045810/000104581013000109/nvda2014q310q.htm"}, {"date": "2013-07-28", "symbol": "NVDA", "fillingDate": "2013-08-21", "acceptedDate": "2013-08-21 16:25:58", "period": "Q2", "revenue": 977238000, "costOfRevenue": 431700000, "grossProfit": 545538000, "grossProfitRatio": 0.5582447673954554, "researchAndDevelopmentExpenses": 331738000, "generalAndAdministrativeExpenses": 108266000, "sellingAndMarketingExpenses": 0.0, "otherExpenses": 2421000.0, "operatingExpenses": 440004000, "costAndExpenses": 871704000, "interestExpense": 0.0, "depreciationAndAmortization": 61840000000, "ebitda": 61945534000, "ebitdaratio": 63.38838031267716, "operatingIncome": 105534000, "operatingIncomeRatio": 0.10799211655707207, "totalOtherIncomeExpensesNet": 2421000.0, "incomeBeforeTax": 111820000, "incomeBeforeTaxRatio": 0.11442453117868932, "incomeTaxExpense": 15372000, "netIncome": 96448000, "netIncomeRatio": 0.09869448384119324, "eps": 0.16, "epsdiluted": 0.16, "weightedAverageShsOut": 601109000, "weightedAverageShsOutDil": 606051000, "link": "https://www.sec.gov/Archives/edgar/data/1045810/000104581013000075/0001045810-13-000075-index.htm", "finalLink": "https://www.sec.gov/Archives/edgar/data/1045810/000104581013000075/nvda2014q210q.htm"}, {"date": "2013-04-28", "symbol": "NVDA", "fillingDate": "2013-05-22", "acceptedDate": "2013-05-22 17:06:15", "period": "Q1", "revenue": 954739000, "costOfRevenue": 436171000, "grossProfit": 518568000, "grossProfitRatio": 0.5431515838360013, "researchAndDevelopmentExpenses": 327161000, "generalAndAdministrativeExpenses": 108626000, "sellingAndMarketingExpenses": 0.0, "otherExpenses": 205000.0, "operatingExpenses": 435787000, "costAndExpenses": 871958000, "interestExpense": 0.0, "depreciationAndAmortization": 59744000000, "ebitda": 59826781000, "ebitdaratio": 62.662969670244955, "operatingIncome": 82781000, "operatingIncomeRatio": 0.08670537183460611, "totalOtherIncomeExpensesNet": 205000.0, "incomeBeforeTax": 88062000, "incomeBeforeTaxRatio": 0.09223672647707908, "incomeTaxExpense": 10171000, "netIncome": 77891000, "netIncomeRatio": 0.08158355320145087, "eps": 0.13, "epsdiluted": 0.13, "weightedAverageShsOut": 616872000, "weightedAverageShsOutDil": 619302000, "link": "https://www.sec.gov/Archives/edgar/data/1045810/000104581013000054/0001045810-13-000054-index.htm", "finalLink": "https://www.sec.gov/Archives/edgar/data/1045810/000104581013000008/nvda-2013x10k.htm"}, {"date": "2013-01-27", "symbol": "NVDA", "fillingDate": "2013-03-12", "acceptedDate": "2013-03-12 17:03:06", "period": "FY", "revenue": 1106902000, "costOfRevenue": 521300000, "grossProfit": 585602000, "grossProfitRatio": 0.5290459317988404, "researchAndDevelopmentExpenses": 298007000, "generalAndAdministrativeExpenses": 104022000, "sellingAndMarketingExpenses": 0.0, "otherExpenses": 1136000.0, "operatingExpenses": 402029000, "costAndExpenses": 923329000, "interestExpense": 3294000.0, "depreciationAndAmortization": 58401000000, "ebitda": 58584573000, "ebitdaratio": 52.92661229268716, "operatingIncome": 183573000, "operatingIncomeRatio": 0.16584395005158542, "totalOtherIncomeExpensesNet": 3950000.0, "incomeBeforeTax": 186108000, "incomeBeforeTaxRatio": 0.16813412569495764, "incomeTaxExpense": 12135000, "netIncome": 173973000, "netIncomeRatio": 0.1571710955441403, "eps": 0.28, "epsdiluted": 0.28, "weightedAverageShsOut": 619324000, "weightedAverageShsOutDil": 624957000, "link": "https://www.sec.gov/Archives/edgar/data/1045810/000104581013000008/0001045810-13-000008-index.htm", "finalLink": "https://www.sec.gov/Archives/edgar/data/1045810/000104581013000008/nvda-2013x10k.htm"}, {"date": "2012-10-28", "symbol": "NVDA", "fillingDate": "2012-11-19", "acceptedDate": "2012-11-19 16:38:36", "period": "Q3", "revenue": 1204110000, "costOfRevenue": 567452000, "grossProfit": 636658000, "grossProfitRatio": 0.52873740771192, "researchAndDevelopmentExpenses": 284180000, "generalAndAdministrativeExpenses": 100261000, "sellingAndMarketingExpenses": 0.0, "otherExpenses": -3290000.0, "operatingExpenses": 384441000, "costAndExpenses": 951893000, "interestExpense": 0.0, "depreciationAndAmortization": 57148000, "ebitda": 309365000, "ebitdaratio": 0.25692420127729193, "operatingIncome": 252217000, "operatingIncomeRatio": 0.209463421116011, "totalOtherIncomeExpensesNet": -3290000.0, "incomeBeforeTax": 253628000, "incomeBeforeTaxRatio": 0.21063524096635688, "incomeTaxExpense": 44548000, "netIncome": 209080000, "netIncomeRatio": 0.1736386210562158, "eps": 0.34, "epsdiluted": 0.33, "weightedAverageShsOut": 619043000, "weightedAverageShsOutDil": 625973000, "link": "https://www.sec.gov/Archives/edgar/data/1045810/000104581012000060/0001045810-12-000060-index.htm", "finalLink": "https://www.sec.gov/Archives/edgar/data/1045810/000104581012000060/nvda2013q310q.htm"}, {"date": "2012-07-29", "symbol": "NVDA", "fillingDate": "2012-08-22", "acceptedDate": "2012-08-22 16:40:38", "period": "Q2", "revenue": 1044270000, "costOfRevenue": 503551000, "grossProfit": 540719000, "grossProfitRatio": 0.5177961638273627, "researchAndDevelopmentExpenses": 281193000, "generalAndAdministrativeExpenses": 119903000, "sellingAndMarketingExpenses": 0.0, "otherExpenses": 269000.0, "operatingExpenses": 401096000, "costAndExpenses": 904647000, "interestExpense": 0.0, "depreciationAndAmortization": 56195000, "ebitda": 195818000, "ebitdaratio": 0.18751663841726757, "operatingIncome": 139623000, "operatingIncomeRatio": 0.1337039271452785, "totalOtherIncomeExpensesNet": -660000.0, "incomeBeforeTax": 145208000, "incomeBeforeTaxRatio": 0.1390521608396296, "incomeTaxExpense": 26162000, "netIncome": 119046000, "netIncomeRatio": 0.11399925306673561, "eps": 0.19, "epsdiluted": 0.19, "weightedAverageShsOut": 617388000, "weightedAverageShsOutDil": 623397000, "link": "https://www.sec.gov/Archives/edgar/data/1045810/000104581012000036/0001045810-12-000036-index.htm", "finalLink": "https://www.sec.gov/Archives/edgar/data/1045810/000104581012000036/nvda2013q210q.htm"}, {"date": "2012-04-29", "symbol": "NVDA", "fillingDate": "2012-05-23", "acceptedDate": "2012-05-23 16:32:57", "period": "Q1", "revenue": 924877000, "costOfRevenue": 461513000, "grossProfit": 463364000, "grossProfitRatio": 0.5010006736030845, "researchAndDevelopmentExpenses": 283902000, "generalAndAdministrativeExpenses": 106636000, "sellingAndMarketingExpenses": 0.0, "otherExpenses": -929000.0, "operatingExpenses": 390538000, "costAndExpenses": 852051000, "interestExpense": 0.0, "depreciationAndAmortization": 54491000, "ebitda": 127317000, "ebitdaratio": 0.1376583048340482, "operatingIncome": 72826000, "operatingIncomeRatio": 0.07874128127307739, "totalOtherIncomeExpensesNet": 0.0, "incomeBeforeTax": 77095000, "incomeBeforeTaxRatio": 0.08335703017806692, "incomeTaxExpense": 16658000, "netIncome": 60437000, "netIncomeRatio": 0.06534598654740036, "eps": 0.1, "epsdiluted": 0.1, "weightedAverageShsOut": 615780000, "weightedAverageShsOutDil": 623786000, "link": "https://www.sec.gov/Archives/edgar/data/1045810/000104581012000027/0001045810-12-000027-index.htm", "finalLink": "https://www.sec.gov/Archives/edgar/data/1045810/000104581012000013/nvda-2012x10k.htm"}, {"date": "2012-01-29", "symbol": "NVDA", "fillingDate": "2012-03-13", "acceptedDate": "2012-03-13 16:56:38", "period": "FY", "revenue": 953194000, "costOfRevenue": 463181000, "grossProfit": 490013000, "grossProfitRatio": 0.5140747843565948, "researchAndDevelopmentExpenses": 266862000, "generalAndAdministrativeExpenses": 100834000, "sellingAndMarketingExpenses": 0.0, "otherExpenses": 1136000.0, "operatingExpenses": 367696000, "costAndExpenses": 830877000, "interestExpense": 3089000.0, "depreciationAndAmortization": 51895000, "ebitda": 174212000, "ebitdaratio": 0.18276657217733222, "operatingIncome": 122317000, "operatingIncomeRatio": 0.12832330039844983, "totalOtherIncomeExpensesNet": 1136000.0, "incomeBeforeTax": 124577000, "incomeBeforeTaxRatio": 0.13069427629632582, "incomeTaxExpense": 8552000.0, "netIncome": 116025000, "netIncomeRatio": 0.12172233564206238, "eps": 0.19, "epsdiluted": 0.18, "weightedAverageShsOut": 603646000, "weightedAverageShsOutDil": 616371000, "link": "https://www.sec.gov/Archives/edgar/data/1045810/000104581012000013/0001045810-12-000013-index.htm", "finalLink": "https://www.sec.gov/Archives/edgar/data/1045810/000104581012000013/nvda-2012x10k.htm"}, {"date": "2011-10-30", "symbol": "NVDA", "fillingDate": "2011-11-22", "acceptedDate": "2011-11-22 16:31:51", "period": "Q3", "revenue": 1066180000, "costOfRevenue": 509463000, "grossProfit": 556717000, "grossProfitRatio": 0.5221604231930819, "researchAndDevelopmentExpenses": 256498000, "generalAndAdministrativeExpenses": 304779000, "sellingAndMarketingExpenses": 0.0, "otherExpenses": -203749000, "operatingExpenses": 359627000, "costAndExpenses": 869090000, "interestExpense": 0.0, "depreciationAndAmortization": 52387000, "ebitda": 249477000, "ebitdaratio": 0.2339914460972819, "operatingIncome": 197090000, "operatingIncomeRatio": 0.18485621564838958, "totalOtherIncomeExpensesNet": 3340000.0, "incomeBeforeTax": 204787000, "incomeBeforeTaxRatio": 0.19207544692265846, "incomeTaxExpense": 26514000, "netIncome": 178273000, "netIncomeRatio": 0.16720722579676978, "eps": 0.29, "epsdiluted": 0.29, "weightedAverageShsOut": 600563000, "weightedAverageShsOutDil": 614688000, "link": "https://www.sec.gov/Archives/edgar/data/1045810/000104581011000056/0001045810-11-000056-index.htm", "finalLink": "https://www.sec.gov/Archives/edgar/data/1045810/000104581011000056/nvda2011q310q.htm"}, {"date": "2011-07-31", "symbol": "NVDA", "fillingDate": "2011-08-25", "acceptedDate": "2011-08-25 16:18:41", "period": "Q2", "revenue": 1016517000, "costOfRevenue": 491233000, "grossProfit": 525284000, "grossProfitRatio": 0.5167488590943388, "researchAndDevelopmentExpenses": 247721000, "generalAndAdministrativeExpenses": -98117000, "sellingAndMarketingExpenses": 0.0, "otherExpenses": 205340000, "operatingExpenses": 351254000, "costAndExpenses": 842487000, "interestExpense": 0.0, "depreciationAndAmortization": 52159000, "ebitda": 226189000, "ebitdaratio": 0.22251374054737894, "operatingIncome": 174030000, "operatingIncomeRatio": 0.17120225239715617, "totalOtherIncomeExpensesNet": -1749000.0, "incomeBeforeTax": 177547000, "incomeBeforeTaxRatio": 0.174662105995276, "incomeTaxExpense": 25974000, "netIncome": 151573000, "netIncomeRatio": 0.14911014769059444, "eps": 0.25, "epsdiluted": 0.25, "weightedAverageShsOut": 598077.0, "weightedAverageShsOutDil": 615552.0, "link": "https://www.sec.gov/Archives/edgar/data/1045810/000104581011000046/0001045810-11-000046-index.htm", "finalLink": "https://www.sec.gov/Archives/edgar/data/1045810/000104581011000046/q212form10q.htm"}, {"date": "2011-05-01", "symbol": "NVDA", "fillingDate": "2011-05-27", "acceptedDate": "2011-05-27 17:08:28", "period": "Q1", "revenue": 962039000, "costOfRevenue": 477536000, "grossProfit": 484503000, "grossProfitRatio": 0.5036209550756259, "researchAndDevelopmentExpenses": 231524000, "generalAndAdministrativeExpenses": 98117000, "sellingAndMarketingExpenses": 0.0, "otherExpenses": -3690000.0, "operatingExpenses": 329641000, "costAndExpenses": 807177000, "interestExpense": 0.0, "depreciationAndAmortization": 47764000, "ebitda": 202626000, "ebitdaratio": 0.21062139892457582, "operatingIncome": 154862000, "operatingIncomeRatio": 0.16097268405958595, "totalOtherIncomeExpensesNet": -3690000.0, "incomeBeforeTax": 156485000, "incomeBeforeTaxRatio": 0.1626597258531099, "incomeTaxExpense": 21266000, "netIncome": 135219000, "netIncomeRatio": 0.14055459290111938, "eps": 0.23, "epsdiluted": 0.22, "weightedAverageShsOut": 594802.0, "weightedAverageShsOutDil": 613474.0, "link": "https://www.sec.gov/Archives/edgar/data/1045810/000104581011000031/0001045810-11-000031-index.htm", "finalLink": "https://www.sec.gov/Archives/edgar/data/1045810/000104581011000015/fy2011form10k.htm"}, {"date": "2011-01-30", "symbol": "NVDA", "fillingDate": "2011-03-16", "acceptedDate": "2011-03-16 16:33:51", "period": "FY", "revenue": 886376000, "costOfRevenue": 460017000, "grossProfit": 426359000, "grossProfitRatio": 0.48101370073196925, "researchAndDevelopmentExpenses": 215563000, "generalAndAdministrativeExpenses": 88018000, "sellingAndMarketingExpenses": 0.0, "otherExpenses": 4794000.0, "operatingExpenses": 246581000, "costAndExpenses": 706598000, "interestExpense": 3127000.0, "depreciationAndAmortization": 46393000, "ebitda": 226171000, "ebitdaratio": 0.25516372284448136, "operatingIncome": 179778000, "operatingIncomeRatio": 0.20282363240881973, "totalOtherIncomeExpensesNet": 4794000.0, "incomeBeforeTax": 185906000, "incomeBeforeTaxRatio": 0.20973717699937725, "incomeTaxExpense": 14255000, "netIncome": 171651000, "netIncomeRatio": 0.19365483722483462, "eps": 0.3, "epsdiluted": 0.29, "weightedAverageShsOut": 575177.0, "weightedAverageShsOutDil": 588684.0, "link": "https://www.sec.gov/Archives/edgar/data/1045810/000104581011000015/0001045810-11-000015-index.htm", "finalLink": "https://www.sec.gov/Archives/edgar/data/1045810/000104581011000015/fy2011form10k.htm"}, {"date": "2010-10-31", "symbol": "NVDA", "fillingDate": "2010-12-07", "acceptedDate": "2010-12-07 16:44:42", "period": "Q3", "revenue": 843912000, "costOfRevenue": 451850000, "grossProfit": 392062000, "grossProfitRatio": 0.46457687531401376, "researchAndDevelopmentExpenses": 204527000, "generalAndAdministrativeExpenses": 83752000, "sellingAndMarketingExpenses": 0.0, "otherExpenses": -4418000.0, "operatingExpenses": 288279000, "costAndExpenses": 740129000, "interestExpense": 0.0, "depreciationAndAmortization": 46876000, "ebitda": 150659000, "ebitdaratio": 0.17852453810349894, "operatingIncome": 103783000, "operatingIncomeRatio": 0.12297846220932988, "totalOtherIncomeExpensesNet": -4418000.0, "incomeBeforeTax": 103585000, "incomeBeforeTaxRatio": 0.12274384059001413, "incomeTaxExpense": 3768000.0, "netIncome": 84862000, "netIncomeRatio": 0.10055787807259525, "eps": 0.15, "epsdiluted": 0.15, "weightedAverageShsOut": 572420.0, "weightedAverageShsOutDil": 584500.0, "link": "https://www.sec.gov/Archives/edgar/data/1045810/000104581010000045/0001045810-10-000045-index.htm", "finalLink": "https://www.sec.gov/Archives/edgar/data/1045810/000104581010000045/q311form10q.htm"}, {"date": "2010-08-01", "symbol": "NVDA", "fillingDate": "2010-08-30", "acceptedDate": "2010-08-30 16:18:13", "period": "Q2", "revenue": 811208000, "costOfRevenue": 676916000, "grossProfit": 134292000, "grossProfitRatio": 0.16554570467746865, "researchAndDevelopmentExpenses": 210635000, "generalAndAdministrativeExpenses": 98864000, "sellingAndMarketingExpenses": 0.0, "otherExpenses": 1355000.0, "operatingExpenses": 309499000, "costAndExpenses": 986415000, "interestExpense": 0.0, "depreciationAndAmortization": 46573000, "ebitda": -128634000, "ebitdaratio": -0.15857092139130777, "operatingIncome": -175207000, "operatingIncomeRatio": -0.21598283054407746, "totalOtherIncomeExpensesNet": 1355000.0, "incomeBeforeTax": -169047000, "incomeBeforeTaxRatio": -0.2083892170688652, "incomeTaxExpense": -13131000, "netIncome": -140961000, "netIncomeRatio": -0.17376677744795416, "eps": -0.25, "epsdiluted": -0.24, "weightedAverageShsOut": 569971.0, "weightedAverageShsOutDil": 569971.0, "link": "https://www.sec.gov/Archives/edgar/data/1045810/000104581010000029/0001045810-10-000029-index.htm", "finalLink": "https://www.sec.gov/Archives/edgar/data/1045810/000104581010000029/q211form10q.htm"}, {"date": "2010-05-02", "symbol": "NVDA", "fillingDate": "2010-05-21", "acceptedDate": "2010-05-21 16:36:56", "period": "Q1", "revenue": 1001813000, "costOfRevenue": 545436000, "grossProfit": 456377000, "grossProfitRatio": 0.4555510858812972, "researchAndDevelopmentExpenses": 218105000, "generalAndAdministrativeExpenses": 90879000, "sellingAndMarketingExpenses": 0.0, "otherExpenses": -2239000.0, "operatingExpenses": 308984000, "costAndExpenses": 854420000, "interestExpense": 0.0, "depreciationAndAmortization": 47147000, "ebitda": 194540000, "ebitdaratio": 0.19418793726973, "operatingIncome": 147393000, "operatingIncomeRatio": 0.147126260090456, "totalOtherIncomeExpensesNet": -2239000.0, "incomeBeforeTax": 150725000, "incomeBeforeTaxRatio": 0.15045223010681635, "incomeTaxExpense": 13131000, "netIncome": 137594000, "netIncomeRatio": 0.13734499352673601, "eps": 0.24, "epsdiluted": 0.23, "weightedAverageShsOut": 567183.0, "weightedAverageShsOutDil": 590997.0, "link": "https://www.sec.gov/Archives/edgar/data/1045810/000104581010000018/0001045810-10-000018-index.htm", "finalLink": "https://www.sec.gov/Archives/edgar/data/1045810/000104581010000006/fy2010form10k.htm"}, {"date": "2010-01-31", "symbol": "NVDA", "fillingDate": "2010-03-18", "acceptedDate": "2010-03-17 19:16:55", "period": "FY", "revenue": 982488000, "costOfRevenue": 543767000, "grossProfit": 438721000, "grossProfitRatio": 0.4465408228904577, "researchAndDevelopmentExpenses": 216251000, "generalAndAdministrativeExpenses": 88188000, "sellingAndMarketingExpenses": 0.0, "otherExpenses": 2691000.0, "operatingExpenses": 304439000, "costAndExpenses": 848206000, "interestExpense": 3320000.0, "depreciationAndAmortization": 47914000, "ebitda": 182196000, "ebitdaratio": 0.1854434863326575, "operatingIncome": 134282000, "operatingIncomeRatio": 0.13667546066720407, "totalOtherIncomeExpensesNet": 2691000.0, "incomeBeforeTax": 139421000, "incomeBeforeTaxRatio": 0.14190605890351843, "incomeTaxExpense": 8345000.0, "netIncome": 131076000, "netIncomeRatio": 0.13341231648630822, "eps": -0.12, "epsdiluted": -0.12, "weightedAverageShsOut": 549574.0, "weightedAverageShsOutDil": 549574.0, "link": "https://www.sec.gov/Archives/edgar/data/1045810/000104581010000006/0001045810-10-000006-index.htm", "finalLink": "https://www.sec.gov/Archives/edgar/data/1045810/000104581010000006/fy2010form10k.htm"}, {"date": "2009-10-25", "symbol": "NVDA", "fillingDate": "2009-11-19", "acceptedDate": "2009-11-19 09:03:13", "period": "Q3", "revenue": 903206000, "costOfRevenue": 511423000, "grossProfit": 391783000, "grossProfitRatio": 0.43376926194024396, "researchAndDevelopmentExpenses": 197948000, "generalAndAdministrativeExpenses": 85990000, "sellingAndMarketingExpenses": 0.0, "otherExpenses": -3082000.0, "operatingExpenses": 283938000, "costAndExpenses": 795361000, "interestExpense": 0.0, "depreciationAndAmortization": 48770000, "ebitda": 156615000, "ebitdaratio": 0.17339898096336825, "operatingIncome": 107845000, "operatingIncomeRatio": 0.1194024397535003, "totalOtherIncomeExpensesNet": -3082000.0, "incomeBeforeTax": 110207000, "incomeBeforeTaxRatio": 0.12201756852810987, "incomeTaxExpense": 2630000.0, "netIncome": 107577000, "netIncomeRatio": 0.11910571896112293, "eps": -0.36, "epsdiluted": -0.36, "weightedAverageShsOut": 549574.0, "weightedAverageShsOutDil": 549574.0, "link": "https://www.sec.gov/Archives/edgar/data/1045810/000104581009000036/0001045810-09-000036-index.htm", "finalLink": "https://www.sec.gov/Archives/edgar/data/1045810/000104581009000036/q310form10q.htm"}, {"date": "2009-07-26", "symbol": "NVDA", "fillingDate": "2009-08-20", "acceptedDate": "2009-08-20 16:59:23", "period": "Q2", "revenue": 776520000, "costOfRevenue": 619797000, "grossProfit": 156723000, "grossProfitRatio": 0.2018273837119456, "researchAndDevelopmentExpenses": 192855000, "generalAndAdministrativeExpenses": 73975000, "sellingAndMarketingExpenses": 0.0, "otherExpenses": -2773000.0, "operatingExpenses": 266830000, "costAndExpenses": 886627000, "interestExpense": 0.0, "depreciationAndAmortization": 49322000, "ebitda": -60785000, "ebitdaratio": -0.07827873074743728, "operatingIncome": -110107000, "operatingIncomeRatio": -0.14179544635038377, "totalOtherIncomeExpensesNet": -2773000.0, "incomeBeforeTax": -107101000, "incomeBeforeTaxRatio": -0.13792432905784782, "incomeTaxExpense": -1799000.0, "netIncome": -105302000, "netIncomeRatio": -0.13560758254777727, "eps": -0.56, "epsdiluted": -0.56, "weightedAverageShsOut": 549574.0, "weightedAverageShsOutDil": 549574.0, "link": "https://www.sec.gov/Archives/edgar/data/1045810/000104581009000024/0001045810-09-000024-index.htm", "finalLink": "https://www.sec.gov/Archives/edgar/data/1045810/000104581009000024/q210form10q.htm"}, {"date": "2009-04-26", "symbol": "NVDA", "fillingDate": "2009-05-20", "acceptedDate": "2009-05-20 08:49:59", "period": "Q1", "revenue": 664231000, "costOfRevenue": 474535000, "grossProfit": 189696000, "grossProfitRatio": 0.28558739354230683, "researchAndDevelopmentExpenses": 301797000, "generalAndAdministrativeExpenses": 118864000, "sellingAndMarketingExpenses": 0.0, "otherExpenses": 20000.0, "operatingExpenses": 420661000, "costAndExpenses": 895196000, "interestExpense": 0.0, "depreciationAndAmortization": 50658000, "ebitda": -180307000, "ebitdaratio": -0.27145225079829155, "operatingIncome": -230965000, "operatingIncomeRatio": -0.34771788730125514, "totalOtherIncomeExpensesNet": 20000.0, "incomeBeforeTax": -224821000, "incomeBeforeTaxRatio": -0.3384680931784274, "incomeTaxExpense": -23483000, "netIncome": -201338000, "netIncomeRatio": -0.30311442856476134, "eps": -0.37, "epsdiluted": -0.37, "weightedAverageShsOut": 542307000, "weightedAverageShsOutDil": 542307000, "link": "https://www.sec.gov/Archives/edgar/data/1045810/000104581009000017/0001045810-09-000017-index.htm", "finalLink": "https://www.sec.gov/Archives/edgar/data/1045810/000104581009000013/fy2009form10k.htm"}, {"date": "2009-01-25", "symbol": "NVDA", "fillingDate": "2009-03-13", "acceptedDate": "2009-03-13 09:02:25", "period": "FY", "revenue": 481140000, "costOfRevenue": 339474000, "grossProfit": 141666000, "grossProfitRatio": 0.29443820925302405, "researchAndDevelopmentExpenses": 211779000, "generalAndAdministrativeExpenses": 86440000, "sellingAndMarketingExpenses": 0.0, "otherExpenses": 18530000, "operatingExpenses": 316749000, "costAndExpenses": 656223000, "interestExpense": 406000.0, "depreciationAndAmortization": 48055000, "ebitda": -127028000, "ebitdaratio": -0.2640146319158665, "operatingIncome": -175083000, "operatingIncomeRatio": -0.3638920064845991, "totalOtherIncomeExpensesNet": -1894000.0, "incomeBeforeTax": -170375000, "incomeBeforeTaxRatio": -0.35410691274888806, "incomeTaxExpense": -22710000, "netIncome": -147665000, "netIncomeRatio": -0.30690651369663713, "eps": -0.05, "epsdiluted": -0.05, "weightedAverageShsOut": 548126000, "weightedAverageShsOutDil": 548126000, "link": "https://www.sec.gov/Archives/edgar/data/1045810/000104581009000013/0001045810-09-000013-index.htm", "finalLink": "https://www.sec.gov/Archives/edgar/data/1045810/000104581009000013/fy2009form10k.htm"}, {"date": "2008-12-01", "symbol": "NVDA", "fillingDate": "2008-12-02", "acceptedDate": "2008-12-01 18:22:05", "period": "Q3", "revenue": 897655000, "costOfRevenue": 529812000, "grossProfit": 367843000, "grossProfitRatio": 0.4097821546139664, "researchAndDevelopmentExpenses": 212360000, "generalAndAdministrativeExpenses": 90349000, "sellingAndMarketingExpenses": 0.0, "otherExpenses": 15911000, "operatingExpenses": 311047000, "costAndExpenses": 840859000, "interestExpense": 0.0, "depreciationAndAmortization": 49304000, "ebitda": 106100000, "ebitdaratio": 0.11819685736725134, "operatingIncome": 56796000, "operatingIncomeRatio": 0.06327152413789262, "totalOtherIncomeExpensesNet": -5240000.0, "incomeBeforeTax": 61003000, "incomeBeforeTaxRatio": 0.06795817992435847, "incomeTaxExpense": -745000.0, "netIncome": 61748000, "netIncomeRatio": 0.06878812015752155, "eps": 0.21, "epsdiluted": 0.21, "weightedAverageShsOut": 551623000, "weightedAverageShsOutDil": 551623000, "link": "https://www.sec.gov/Archives/edgar/data/1045810/000104581008000030/0001045810-08-000030-index.htm", "finalLink": "https://www.sec.gov/Archives/edgar/data/1045810/000104581008000030/q309form10q.htm"}, {"date": "2008-08-21", "symbol": "NVDA", "fillingDate": "2008-08-21", "acceptedDate": "2008-08-21 08:57:58", "period": "Q2", "revenue": 892676000, "costOfRevenue": 742759000, "grossProfit": 149917000, "grossProfitRatio": 0.1679411118927808, "researchAndDevelopmentExpenses": 212910000, "generalAndAdministrativeExpenses": 92399000, "sellingAndMarketingExpenses": 0.0, "otherExpenses": -3289000.0, "operatingExpenses": 305309000, "costAndExpenses": 1048068000, "interestExpense": 0.0, "depreciationAndAmortization": 46306000, "ebitda": -109086000, "ebitdaratio": -0.12220111216163536, "operatingIncome": -155392000, "operatingIncomeRatio": -0.17407435620538694, "totalOtherIncomeExpensesNet": -7573000.0, "incomeBeforeTax": -146600000, "incomeBeforeTaxRatio": -0.16422531803252244, "incomeTaxExpense": -25671000, "netIncome": -120929000, "netIncomeRatio": -0.13546796374048367, "eps": 0.1, "epsdiluted": 0.1, "weightedAverageShsOut": 555531000, "weightedAverageShsOutDil": 555531000, "link": "https://www.sec.gov/Archives/edgar/data/1045810/000104581008000020/0001045810-08-000020-index.htm", "finalLink": "https://www.sec.gov/Archives/edgar/data/1045810/000104581008000020/q209form10q.htm"}, {"date": "2008-04-27", "symbol": "NVDA", "fillingDate": "2008-05-22", "acceptedDate": "2008-05-22 08:42:53", "period": "Q1", "revenue": 1153388000, "costOfRevenue": 638545000, "grossProfit": 514843000, "grossProfitRatio": 0.44637450710428755, "researchAndDevelopmentExpenses": 218830000, "generalAndAdministrativeExpenses": 93034000, "sellingAndMarketingExpenses": 0.0, "otherExpenses": -4284000.0, "operatingExpenses": 311864000, "costAndExpenses": 950409000, "interestExpense": 0.0, "depreciationAndAmortization": 41358000, "ebitda": 244337000, "ebitdaratio": 0.21184284906726963, "operatingIncome": 202979000, "operatingIncomeRatio": 0.17598501111508008, "totalOtherIncomeExpensesNet": 0.0, "incomeBeforeTax": 213018000, "incomeBeforeTaxRatio": 0.18468893381932186, "incomeTaxExpense": 36213000, "netIncome": 176805000, "netIncomeRatio": 0.1532918670906928, "eps": 0.32, "epsdiluted": 0.32, "weightedAverageShsOut": 555673000, "weightedAverageShsOutDil": 555673000, "link": "https://www.sec.gov/Archives/edgar/data/1045810/000104581008000016/0001045810-08-000016-index.htm", "finalLink": "https://www.sec.gov/Archives/edgar/data/1045810/000104581008000011/fy2008annualreportonform10k.htm"}, {"date": "2008-03-21", "symbol": "NVDA", "fillingDate": "2008-03-21", "acceptedDate": "2008-03-21 16:23:33", "period": "FY", "revenue": 1202730000, "costOfRevenue": 653133000, "grossProfit": 549597000, "grossProfitRatio": 0.4569579207303385, "researchAndDevelopmentExpenses": 195835000, "generalAndAdministrativeExpenses": 91263000, "sellingAndMarketingExpenses": 0.0, "otherExpenses": -582000.0, "operatingExpenses": 287098000, "costAndExpenses": 940231000, "interestExpense": 54000.0, "depreciationAndAmortization": 36936000, "ebitda": 299435000, "ebitdaratio": 0.24896277635046934, "operatingIncome": 262499000, "operatingIncomeRatio": 0.21825264190632976, "totalOtherIncomeExpensesNet": -582000.0, "incomeBeforeTax": 279902000, "incomeBeforeTaxRatio": 0.23272222360795855, "incomeTaxExpense": 22909000, "netIncome": 256993000, "netIncomeRatio": 0.21367472333773999, "eps": 1.45, "epsdiluted": 1.45, "weightedAverageShsOut": 550108000, "weightedAverageShsOutDil": 550108000, "link": "https://www.sec.gov/Archives/edgar/data/1045810/000104581008000011/0001045810-08-000011-index.htm", "finalLink": "https://www.sec.gov/Archives/edgar/data/1045810/000104581008000011/fy2008annualreportonform10k.htm"}, {"date": "2007-11-21", "symbol": "NVDA", "fillingDate": "2007-11-21", "acceptedDate": "2007-11-21 09:00:38", "period": "Q3", "revenue": 1115597000, "costOfRevenue": 600044000, "grossProfit": 515553000, "grossProfitRatio": 0.4621319347398747, "researchAndDevelopmentExpenses": 179529000, "generalAndAdministrativeExpenses": 88183000, "sellingAndMarketingExpenses": 0.0, "otherExpenses": 1541000.0, "operatingExpenses": 267712000, "costAndExpenses": 867756000, "interestExpense": 0.0, "depreciationAndAmortization": 33030000, "ebitda": 280871000, "ebitdaratio": 0.2517674393172445, "operatingIncome": 247841000, "operatingIncomeRatio": 0.22215997353883168, "totalOtherIncomeExpensesNet": 1541000.0, "incomeBeforeTax": 266799000, "incomeBeforeTaxRatio": 0.23915356531077084, "incomeTaxExpense": 31138000, "netIncome": 235661000, "netIncomeRatio": 0.2112420524615968, "eps": 0.99, "epsdiluted": 0.99, "weightedAverageShsOut": 547796000, "weightedAverageShsOutDil": 547796000, "link": "https://www.sec.gov/Archives/edgar/data/1045810/000104581007000053/0001045810-07-000053-index.htm", "finalLink": "https://www.sec.gov/Archives/edgar/data/1045810/000104581007000053/q308form10q.htm"}, {"date": "2007-08-22", "symbol": "NVDA", "fillingDate": "2007-08-22", "acceptedDate": "2007-08-22 09:08:54", "period": "Q2", "revenue": 935253000, "costOfRevenue": 511261000, "grossProfit": 423992000, "grossProfitRatio": 0.4533447099341034, "researchAndDevelopmentExpenses": 157952000, "generalAndAdministrativeExpenses": 81280000, "sellingAndMarketingExpenses": 0.0, "otherExpenses": 466000.0, "operatingExpenses": 239232000, "costAndExpenses": 750493000, "interestExpense": 0.0, "depreciationAndAmortization": 31892000, "ebitda": 216652000, "ebitdaratio": 0.2316506870333482, "operatingIncome": 184760000, "operatingIncomeRatio": 0.19755082314625028, "totalOtherIncomeExpensesNet": -199000.0, "incomeBeforeTax": 200851000, "incomeBeforeTaxRatio": 0.21475579335217315, "incomeTaxExpense": 28119000, "netIncome": 172732000, "netIncomeRatio": 0.18469013197498432, "eps": 0.84, "epsdiluted": 0.84, "weightedAverageShsOut": 362850000, "weightedAverageShsOutDil": 362850000, "link": "https://www.sec.gov/Archives/edgar/data/1045810/000104581007000045/0001045810-07-000045-index.htm", "finalLink": "https://www.sec.gov/Archives/edgar/data/1045810/000104581007000045/q208form10q.htm"}, {"date": "2007-04-29", "symbol": "NVDA", "fillingDate": "2007-05-24", "acceptedDate": "2007-05-24 08:50:49", "period": "Q1", "revenue": 844280000, "costOfRevenue": 464142000, "grossProfit": 380138000, "grossProfitRatio": 0.450251101530298, "researchAndDevelopmentExpenses": 158321000, "generalAndAdministrativeExpenses": 80571000, "sellingAndMarketingExpenses": 0.0, "otherExpenses": -665000.0, "operatingExpenses": 238892000, "costAndExpenses": 703034000, "interestExpense": 0.0, "depreciationAndAmortization": 31334000, "ebitda": 172580000, "ebitdaratio": 0.2044108589567442, "operatingIncome": 141246000, "operatingIncomeRatio": 0.16729757900222675, "totalOtherIncomeExpensesNet": 0.0, "incomeBeforeTax": 153789000, "incomeBeforeTaxRatio": 0.18215402473113185, "incomeTaxExpense": 21530000, "netIncome": 132259000, "netIncomeRatio": 0.15665300611171648, "eps": 0.37, "epsdiluted": 0.37, "weightedAverageShsOut": 360831000, "weightedAverageShsOutDil": 360831000, "link": "https://www.sec.gov/Archives/edgar/data/1045810/000104581007000019/0001045810-07-000019-index.htm", "finalLink": "https://www.sec.gov/Archives/edgar/data/1045810/000104581007000008/fy2007annualreportonform10-k.htm"}, {"date": "2007-01-28", "symbol": "NVDA", "fillingDate": "2007-03-16", "acceptedDate": "2007-03-16 14:12:51", "period": "FY", "revenue": 878873000, "costOfRevenue": 493167000, "grossProfit": 385706000, "grossProfitRatio": 0.4388643182803431, "researchAndDevelopmentExpenses": 162276000, "generalAndAdministrativeExpenses": 84916000, "sellingAndMarketingExpenses": 0.0, "otherExpenses": -505000.0, "operatingExpenses": 247192000, "costAndExpenses": 740359000, "interestExpense": -8000.0, "depreciationAndAmortization": 34292000, "ebitda": 172806000, "ebitdaratio": 0.1966222651054248, "operatingIncome": 138514000, "operatingIncomeRatio": 0.1576041134498386, "totalOtherIncomeExpensesNet": -505000.0, "incomeBeforeTax": 151559000, "incomeBeforeTaxRatio": 0.17244698608331352, "incomeTaxExpense": -11947000, "netIncome": 163506000, "netIncomeRatio": 0.18604053145334992, "eps": 1.27, "epsdiluted": 1.27, "weightedAverageShsOut": 352404000, "weightedAverageShsOutDil": 352404000, "link": "https://www.sec.gov/Archives/edgar/data/1045810/000104581007000008/0001045810-07-000008-index.htm", "finalLink": "https://www.sec.gov/Archives/edgar/data/1045810/000104581007000008/fy2007annualreportonform10-k.htm"}, {"date": "2006-10-29", "symbol": "NVDA", "fillingDate": "2006-12-07", "acceptedDate": "2006-12-07 16:23:34", "period": "Q3", "revenue": 820572000, "costOfRevenue": 486630000, "grossProfit": 333942000, "grossProfitRatio": 0.4069624603325485, "researchAndDevelopmentExpenses": 140732000, "generalAndAdministrativeExpenses": 75597000, "sellingAndMarketingExpenses": 0.0, "otherExpenses": 84000.0, "operatingExpenses": 216329000, "costAndExpenses": 702959000, "interestExpense": 22000.0, "depreciationAndAmortization": 25031000, "ebitda": 142644000, "ebitdaratio": 0.17383483716236967, "operatingIncome": 117613000, "operatingIncomeRatio": 0.14333050603725206, "totalOtherIncomeExpensesNet": 84000.0, "incomeBeforeTax": 128327000, "incomeBeforeTaxRatio": 0.15638725181946253, "incomeTaxExpense": 21816000, "netIncome": 106511000, "netIncomeRatio": 0.12980091935869126, "eps": 0.83, "epsdiluted": 0.83, "weightedAverageShsOut": 342741000, "weightedAverageShsOutDil": 342741000, "link": "https://www.sec.gov/Archives/edgar/data/1045810/000104581006000035/0001045810-06-000035-index.htm", "finalLink": "https://www.sec.gov/Archives/edgar/data/1045810/000104581006000035/q307form10q.htm"}, {"date": "2006-07-30", "symbol": "NVDA", "fillingDate": "2006-11-29", "acceptedDate": "2006-11-29 06:20:46", "period": "Q2", "revenue": 687519000, "costOfRevenue": 395475000, "grossProfit": 292044000, "grossProfitRatio": 0.42477953336562335, "researchAndDevelopmentExpenses": 128055000, "generalAndAdministrativeExpenses": 67349000, "sellingAndMarketingExpenses": 0.0, "otherExpenses": -106000.0, "operatingExpenses": 195404000, "costAndExpenses": 590879000, "interestExpense": 6000.0, "depreciationAndAmortization": 24208000, "ebitda": 120848000, "ebitdaratio": 0.17577405133530855, "operatingIncome": 96640000, "operatingIncomeRatio": 0.14056338806636617, "totalOtherIncomeExpensesNet": -106000.0, "incomeBeforeTax": 105346000, "incomeBeforeTaxRatio": 0.1532263108365005, "incomeTaxExpense": 17909000, "netIncome": 88141000, "netIncomeRatio": 0.12820154788449484, "eps": 0.51, "epsdiluted": 0.51, "weightedAverageShsOut": 349090000, "weightedAverageShsOutDil": 349090000, "link": "https://www.sec.gov/Archives/edgar/data/1045810/000119312506243229/0001193125-06-243229-index.htm", "finalLink": "https://www.sec.gov/Archives/edgar/data/1045810/000119312506243229/d10q.htm"}, {"date": "2006-04-30", "symbol": "NVDA", "fillingDate": "2006-05-31", "acceptedDate": "2006-05-31 17:01:49", "period": "Q1", "revenue": 681807000, "costOfRevenue": 393050000, "grossProfit": 288757000, "grossProfitRatio": 0.4235172123489492, "researchAndDevelopmentExpenses": 122404000, "generalAndAdministrativeExpenses": 65668000, "sellingAndMarketingExpenses": 0.0, "otherExpenses": -244000.0, "operatingExpenses": 188072000, "costAndExpenses": 581122000, "interestExpense": 1000.0, "depreciationAndAmortization": 24031000, "ebitda": 124716000, "ebitdaratio": 0.1829197998847181, "operatingIncome": 100685000, "operatingIncomeRatio": 0.14767375518291834, "totalOtherIncomeExpensesNet": -244000.0, "incomeBeforeTax": 109248000, "incomeBeforeTaxRatio": 0.16023302782165627, "incomeTaxExpense": 18572000, "netIncome": 90676000, "netIncomeRatio": 0.13299364776248998, "eps": 0.26, "epsdiluted": 0.26, "weightedAverageShsOut": 347937000, "weightedAverageShsOutDil": 347937000, "link": "https://www.sec.gov/Archives/edgar/data/1045810/000104581006000023/0001045810-06-000023-index.htm", "finalLink": "https://www.sec.gov/Archives/edgar/data/1045810/000104581006000014/fy2006annualreportonform10-k.htm"}, {"date": "2006-01-29", "symbol": "NVDA", "fillingDate": "2006-03-16", "acceptedDate": "2006-03-16 17:08:37", "period": "FY", "revenue": 633614000, "costOfRevenue": 378674000, "grossProfit": 254940000, "grossProfitRatio": 0.4023585337445195, "researchAndDevelopmentExpenses": 92435000, "generalAndAdministrativeExpenses": 50163000, "sellingAndMarketingExpenses": 0.0, "otherExpenses": 0.0, "operatingExpenses": 142598000, "costAndExpenses": 521272000, "interestExpense": 59000.0, "depreciationAndAmortization": 23788000, "ebitda": 136130000, "ebitdaratio": 0.2148468941658486, "operatingIncome": 112342000, "operatingIncomeRatio": 0.17730353180327454, "totalOtherIncomeExpensesNet": -2110000.0, "incomeBeforeTax": 116728000, "incomeBeforeTaxRatio": 0.18422572733557024, "incomeTaxExpense": 18676000, "netIncome": 98052000, "netIncomeRatio": 0.15475036852089757, "eps": 1.78, "epsdiluted": 1.78, "weightedAverageShsOut": 169690000, "weightedAverageShsOutDil": 169690000, "link": "https://www.sec.gov/Archives/edgar/data/1045810/000104581006000014/0001045810-06-000014-index.htm", "finalLink": "https://www.sec.gov/Archives/edgar/data/1045810/000104581006000014/fy2006annualreportonform10-k.htm"}, {"date": "2005-10-30", "symbol": "NVDA", "fillingDate": "2005-11-23", "acceptedDate": "2005-11-23 13:16:35", "period": "Q3", "revenue": 583415000, "costOfRevenue": 355247000, "grossProfit": 228168000, "grossProfitRatio": 0.3910903902025145, "researchAndDevelopmentExpenses": 87937000, "generalAndAdministrativeExpenses": 54537000, "sellingAndMarketingExpenses": 0.0, "otherExpenses": 13316000, "operatingExpenses": 156632000, "costAndExpenses": 511879000, "interestExpense": 1000.0, "depreciationAndAmortization": 24522000, "ebitda": 96058000, "ebitdaratio": 0.16464780644995414, "operatingIncome": 71536000, "operatingIncomeRatio": 0.122615976620416, "totalOtherIncomeExpensesNet": 766000.0, "incomeBeforeTax": 77682000, "incomeBeforeTaxRatio": 0.1331505017868927, "incomeTaxExpense": 12429000, "netIncome": 65253000, "netIncomeRatio": 0.11184662718647961, "eps": 1.21, "epsdiluted": 1.21, "weightedAverageShsOut": 169239000, "weightedAverageShsOutDil": 169239000, "link": "https://www.sec.gov/Archives/edgar/data/1045810/000104581005000028/0001045810-05-000028-index.htm", "finalLink": "https://www.sec.gov/Archives/edgar/data/1045810/000104581005000028/q306form10q.htm"}, {"date": "2005-07-31", "symbol": "NVDA", "fillingDate": "2005-08-25", "acceptedDate": "2005-08-25 13:25:53", "period": "Q2", "revenue": 574812000, "costOfRevenue": 357278000, "grossProfit": 217534000, "grossProfitRatio": 0.3784437346471542, "researchAndDevelopmentExpenses": 85814000, "generalAndAdministrativeExpenses": 51683000, "sellingAndMarketingExpenses": 0.0, "otherExpenses": 842000.0, "operatingExpenses": 137497000, "costAndExpenses": 494775000, "interestExpense": 2000.0, "depreciationAndAmortization": 24774000, "ebitda": 104811000, "ebitdaratio": 0.1823396171269911, "operatingIncome": 80037000, "operatingIncomeRatio": 0.13924030813552954, "totalOtherIncomeExpensesNet": 354000.0, "incomeBeforeTax": 85256000, "incomeBeforeTaxRatio": 0.14831979847323995, "incomeTaxExpense": 10419000, "netIncome": 74837000, "netIncomeRatio": 0.13019387208339422, "eps": 0.83, "epsdiluted": 0.83, "weightedAverageShsOut": 168795000, "weightedAverageShsOutDil": 168795000, "link": "https://www.sec.gov/Archives/edgar/data/1045810/000104581005000024/0001045810-05-000024-index.htm", "finalLink": "https://www.sec.gov/Archives/edgar/data/1045810/000104581005000024/q206form10q.htm"}, {"date": "2005-05-01", "symbol": "NVDA", "fillingDate": "2005-06-02", "acceptedDate": "2005-06-02 16:39:58", "period": "Q1", "revenue": 583846000, "costOfRevenue": 373693000, "grossProfit": 210153000, "grossProfitRatio": 0.3599459446497878, "researchAndDevelopmentExpenses": 85913000, "generalAndAdministrativeExpenses": 48058000, "sellingAndMarketingExpenses": 0.0, "otherExpenses": 0.0, "operatingExpenses": 133971000, "costAndExpenses": 507664000, "interestExpense": 10000.0, "depreciationAndAmortization": 24893000, "ebitda": 101075000, "ebitdaratio": 0.17311928145435612, "operatingIncome": 76182000, "operatingIncomeRatio": 0.13048303833545147, "totalOtherIncomeExpensesNet": 488000.0, "incomeBeforeTax": 80555000, "incomeBeforeTaxRatio": 0.1379730271338675, "incomeTaxExpense": 16111000, "netIncome": 64444000, "netIncomeRatio": 0.110378421707094, "eps": 0.38, "epsdiluted": 0.38, "weightedAverageShsOut": 168647000, "weightedAverageShsOutDil": 168647000, "link": "https://www.sec.gov/Archives/edgar/data/1045810/000104581005000020/0001045810-05-000020-index.htm", "finalLink": "https://www.sec.gov/Archives/edgar/data/1045810/000104581005000008/annualreport.htm"}, {"date": "2005-01-30", "symbol": "NVDA", "fillingDate": "2005-03-22", "acceptedDate": "2005-03-22 14:33:30", "period": "FY", "revenue": 1360547000, "costOfRevenue": 1360547000, "grossProfit": 0.0, "grossProfitRatio": 0.0, "researchAndDevelopmentExpenses": 335104000, "generalAndAdministrativeExpenses": 0.0, "sellingAndMarketingExpenses": 0.0, "otherExpenses": 200789000, "operatingExpenses": 535893000, "costAndExpenses": 1896440000, "interestExpense": 164000.0, "depreciationAndAmortization": 31085000, "ebitda": 144678000, "ebitdaratio": 0.10633811253855986, "operatingIncome": 113593000, "operatingIncomeRatio": 0.08349068426155068, "totalOtherIncomeExpensesNet": 594000.0, "incomeBeforeTax": 125445000, "incomeBeforeTaxRatio": 0.09220188644714221, "incomeTaxExpense": 25089000, "netIncome": 100356000, "netIncomeRatio": 0.07376150915771378, "eps": 0.6, "epsdiluted": 0.6, "weightedAverageShsOut": 166062000, "weightedAverageShsOutDil": 166062000, "link": "https://www.sec.gov/Archives/edgar/data/1045810/000104581005000008/0001045810-05-000008-index.htm", "finalLink": "https://www.sec.gov/Archives/edgar/data/1045810/000104581005000008/annualreport.htm"}, {"date": "2004-10-24", "symbol": "NVDA", "fillingDate": "2004-11-22", "acceptedDate": "2004-11-22 15:12:02", "period": "Q3", "revenue": 515591000, "costOfRevenue": 348849000, "grossProfit": 166742000, "grossProfitRatio": 0.32339974902587515, "researchAndDevelopmentExpenses": 87880000, "generalAndAdministrativeExpenses": 50104000, "sellingAndMarketingExpenses": 0.0, "otherExpenses": 10000.0, "operatingExpenses": 137984000, "costAndExpenses": 486833000, "interestExpense": 25000.0, "depreciationAndAmortization": 24026000, "ebitda": 52784000, "ebitdaratio": 0.10237572028991972, "operatingIncome": 28758000, "operatingIncomeRatio": 0.05577676879542118, "totalOtherIncomeExpensesNet": 983000.0, "incomeBeforeTax": 32349000, "incomeBeforeTaxRatio": 0.06274159168798524, "incomeTaxExpense": 6470000.0, "netIncome": 25879000, "netIncomeRatio": 0.050192885446022135, "eps": 0.32, "epsdiluted": 0.32, "weightedAverageShsOut": 165848000, "weightedAverageShsOutDil": 165848000, "link": "https://www.sec.gov/Archives/edgar/data/1045810/000104581004000034/0001045810-04-000034-index.htm", "finalLink": "https://www.sec.gov/Archives/edgar/data/1045810/000104581004000034/q305form10q.htm"}, {"date": "2004-07-25", "symbol": "NVDA", "fillingDate": "2004-08-19", "acceptedDate": "2004-08-19 14:21:23", "period": "Q2", "revenue": 456061000, "costOfRevenue": 315968000, "grossProfit": 140093000, "grossProfitRatio": 0.3071803991132765, "researchAndDevelopmentExpenses": 85420000, "generalAndAdministrativeExpenses": 50874000, "sellingAndMarketingExpenses": 0.0, "otherExpenses": -10000.0, "operatingExpenses": 136294000, "costAndExpenses": 452262000, "interestExpense": 46000.0, "depreciationAndAmortization": 24074000, "ebitda": 27873000, "ebitdaratio": 0.06111682428447072, "operatingIncome": 3799000.0, "operatingIncomeRatio": 0.008330026027220043, "totalOtherIncomeExpensesNet": -42000.0, "incomeBeforeTax": 6399000.0, "incomeBeforeTaxRatio": 0.014031017780516204, "incomeTaxExpense": 1280000.0, "netIncome": 5119000.0, "netIncomeRatio": 0.011224375686585786, "eps": 0.16, "epsdiluted": 0.16, "weightedAverageShsOut": 165711000, "weightedAverageShsOutDil": 165711000, "link": "https://www.sec.gov/Archives/edgar/data/1045810/000104581004000023/0001045810-04-000023-index.htm", "finalLink": "https://www.sec.gov/Archives/edgar/data/1045810/000104581004000023/q205form10q.htm"}, {"date": "2004-04-25", "symbol": "NVDA", "fillingDate": "2004-05-20", "acceptedDate": "2004-05-20 13:56:18", "period": "Q1", "revenue": 471905000, "costOfRevenue": 323069000, "grossProfit": 148836000, "grossProfitRatio": 0.3153939881967769, "researchAndDevelopmentExpenses": 77750000, "generalAndAdministrativeExpenses": 47206000, "sellingAndMarketingExpenses": 0.0, "otherExpenses": 0.0, "operatingExpenses": 124956000, "costAndExpenses": 448025000, "interestExpense": 76000.0, "depreciationAndAmortization": 23412000, "ebitda": 47292000, "ebitdaratio": 0.10021508566342802, "operatingIncome": 23880000, "operatingIncomeRatio": 0.05060340534641506, "totalOtherIncomeExpensesNet": 32000.0, "incomeBeforeTax": 26687000, "incomeBeforeTaxRatio": 0.056551636452252044, "incomeTaxExpense": 5338000.0, "netIncome": 21349000, "netIncomeRatio": 0.04524003771945625, "eps": 0.13, "epsdiluted": 0.13, "weightedAverageShsOut": 165171000, "weightedAverageShsOutDil": 165171000, "link": "https://www.sec.gov/Archives/edgar/data/1045810/000104581004000015/0001045810-04-000015-index.htm", "finalLink": "https://www.sec.gov/Archives/edgar/data/1045810/000104581004000007/annualreport.htm"}, {"date": "2004-03-29", "symbol": "NVDA", "fillingDate": "2004-03-29", "acceptedDate": "2004-03-29 12:31:52", "period": "FY", "revenue": 472119000, "costOfRevenue": 333914000, "grossProfit": 138205000, "grossProfitRatio": 0.292733399841989, "researchAndDevelopmentExpenses": 71990000, "generalAndAdministrativeExpenses": 42399000, "sellingAndMarketingExpenses": 0.0, "otherExpenses": 0.0, "operatingExpenses": 114389000, "costAndExpenses": 448303000, "interestExpense": 95000.0, "depreciationAndAmortization": -57738000, "ebitda": -33922000, "ebitdaratio": -0.07185052920979668, "operatingIncome": 23816000, "operatingIncomeRatio": 0.05044490901658268, "totalOtherIncomeExpensesNet": -75000.0, "incomeBeforeTax": 26249000, "incomeBeforeTaxRatio": 0.055598270774952926, "incomeTaxExpense": 2083000.0, "netIncome": 24166000, "netIncomeRatio": 0.051186247535049426, "eps": 0.46, "epsdiluted": 0.46, "weightedAverageShsOut": 160924000, "weightedAverageShsOutDil": 160924000, "link": "https://www.sec.gov/Archives/edgar/data/1045810/000104581004000007/0001045810-04-000007-index.htm", "finalLink": "https://www.sec.gov/Archives/edgar/data/1045810/000104581004000007/annualreport.htm"}, {"date": "2003-10-26", "symbol": "NVDA", "fillingDate": "2003-11-21", "acceptedDate": "2003-11-21 12:48:13", "period": "Q3", "revenue": 486069000, "costOfRevenue": 351938000, "grossProfit": 134131000, "grossProfitRatio": 0.27595053377195417, "researchAndDevelopmentExpenses": 73052000, "generalAndAdministrativeExpenses": 42218000, "sellingAndMarketingExpenses": 0.0, "otherExpenses": 3500000.0, "operatingExpenses": 118770000, "costAndExpenses": 470708000, "interestExpense": 11915000, "depreciationAndAmortization": 22842000, "ebitda": 38203000, "ebitdaratio": 0.07859583721652687, "operatingIncome": 15361000, "operatingIncomeRatio": 0.03160250910878908, "totalOtherIncomeExpensesNet": -783000.0, "incomeBeforeTax": 5553000.0, "incomeBeforeTaxRatio": 0.011424303956845632, "incomeTaxExpense": -803000.0, "netIncome": 6356000.0, "netIncomeRatio": 0.013076332784028605, "eps": 0.31, "epsdiluted": 0.31, "weightedAverageShsOut": 160093000, "weightedAverageShsOutDil": 160093000, "link": "https://www.sec.gov/Archives/edgar/data/1045810/000104581003000010/0001045810-03-000010-index.htm", "finalLink": "https://www.sec.gov/Archives/edgar/data/1045810/000104581003000010/q30410q.htm"}, {"date": "2003-07-27", "symbol": "NVDA", "fillingDate": "2003-09-09", "acceptedDate": "2003-09-09 13:31:38", "period": "Q2", "revenue": 459774000, "costOfRevenue": 329800000, "grossProfit": 129974000, "grossProfitRatio": 0.28269106126053234, "researchAndDevelopmentExpenses": 65620000, "generalAndAdministrativeExpenses": 39722000, "sellingAndMarketingExpenses": 0.0, "otherExpenses": 0.0, "operatingExpenses": 105342000, "costAndExpenses": 435142000, "interestExpense": 0.0, "depreciationAndAmortization": 19610000, "ebitda": 44242000, "ebitdaratio": 0.09622553689421325, "operatingIncome": 24632000, "operatingIncomeRatio": 0.053574147298455325, "totalOtherIncomeExpensesNet": 2029000.0, "incomeBeforeTax": 26661000, "incomeBeforeTaxRatio": 0.05798718500828668, "incomeTaxExpense": 2511000.0, "netIncome": 24150000, "netIncomeRatio": 0.05252580615693797, "eps": 0.28, "epsdiluted": 0.28, "weightedAverageShsOut": 159350000, "weightedAverageShsOutDil": 159350000, "link": "https://www.sec.gov/Archives/edgar/data/1045810/000119312503047111/0001193125-03-047111-index.htm", "finalLink": "https://www.sec.gov/Archives/edgar/data/1045810/000119312503047111/d10q.htm"}, {"date": "2003-04-27", "symbol": "NVDA", "fillingDate": "2003-05-22", "acceptedDate": "2003-05-22 16:14:18", "period": "Q1", "revenue": 404983000, "costOfRevenue": 278415000, "grossProfit": 126568000, "grossProfitRatio": 0.31252669865154836, "researchAndDevelopmentExpenses": 59310000, "generalAndAdministrativeExpenses": 40910000, "sellingAndMarketingExpenses": 0.0, "otherExpenses": 0.0, "operatingExpenses": 100220000, "costAndExpenses": 378635000, "interestExpense": 0.0, "depreciationAndAmortization": 15958000, "ebitda": 42306000, "ebitdaratio": 0.10446364415296444, "operatingIncome": 26348000, "operatingIncomeRatio": 0.06505952101693158, "totalOtherIncomeExpensesNet": 1862000.0, "incomeBeforeTax": 28210000, "incomeBeforeTaxRatio": 0.06965724487200697, "incomeTaxExpense": 8463000.0, "netIncome": 19747000, "netIncomeRatio": 0.04876007141040488, "eps": 0.12, "epsdiluted": 0.12, "weightedAverageShsOut": 158622000, "weightedAverageShsOutDil": 158622000, "link": "https://www.sec.gov/Archives/edgar/data/1045810/000101287003002787/0001012870-03-002787-index.htm", "finalLink": "https://www.sec.gov/Archives/edgar/data/1045810/000104596903001196/d10k.htm"}, {"date": "2003-01-26", "symbol": "NVDA", "fillingDate": "2003-04-25", "acceptedDate": "2003-04-24 21:55:57", "period": "FY", "revenue": 468953000, "costOfRevenue": 307606000, "grossProfit": 161347000, "grossProfitRatio": 0.3440579333110141, "researchAndDevelopmentExpenses": 57373000, "generalAndAdministrativeExpenses": 39402000, "sellingAndMarketingExpenses": 0.0, "otherExpenses": -6164000.0, "operatingExpenses": 90611000, "costAndExpenses": 398217000, "interestExpense": 0.0, "depreciationAndAmortization": 15151000, "ebitda": 85887000, "ebitdaratio": 0.18314628544864836, "operatingIncome": 70736000, "operatingIncomeRatio": 0.15083814369457066, "totalOtherIncomeExpensesNet": 2030000.0, "incomeBeforeTax": 72766000, "incomeBeforeTaxRatio": 0.15516693570571038, "incomeTaxExpense": 21830000, "netIncome": 50936000, "netIncomeRatio": 0.10861642851202573, "eps": 0.59, "epsdiluted": 0.59, "weightedAverageShsOut": 153513000, "weightedAverageShsOutDil": 153513000, "link": "https://www.sec.gov/Archives/edgar/data/1045810/000104596903001196/0001045969-03-001196-index.htm", "finalLink": "https://www.sec.gov/Archives/edgar/data/1045810/000104596903001196/d10k.htm"}, {"date": "2002-10-27", "symbol": "NVDA", "fillingDate": "2002-12-10", "acceptedDate": "2002-12-10 16:24:33", "period": "Q3", "revenue": 430304000, "costOfRevenue": 322106000, "grossProfit": 108198000, "grossProfitRatio": 0.2514454897003049, "researchAndDevelopmentExpenses": 57779000, "generalAndAdministrativeExpenses": 38693000, "sellingAndMarketingExpenses": 0.0, "otherExpenses": 61832000, "operatingExpenses": 158304000, "costAndExpenses": 480410000, "interestExpense": 0.0, "depreciationAndAmortization": 16166000, "ebitda": -33940000, "ebitdaratio": -0.07887447014203912, "operatingIncome": -50106000, "operatingIncomeRatio": -0.11644325871941696, "totalOtherIncomeExpensesNet": 1470000.0, "incomeBeforeTax": -48636000, "incomeBeforeTaxRatio": -0.11302706923477356, "incomeTaxExpense": 0.0, "netIncome": -48636000, "netIncomeRatio": -0.11302706923477356, "eps": 0.26, "epsdiluted": 0.26, "weightedAverageShsOut": 152129000, "weightedAverageShsOutDil": 152129000, "link": "https://www.sec.gov/Archives/edgar/data/1045810/000101287002004623/0001012870-02-004623-index.htm", "finalLink": "https://www.sec.gov/Archives/edgar/data/1045810/000101287002004623/d10q.htm"}, {"date": "2002-07-28", "symbol": "NVDA", "fillingDate": "2002-09-10", "acceptedDate": "2002-09-10 15:37:19", "period": "Q2", "revenue": 427285000, "costOfRevenue": 327983000, "grossProfit": 99302000, "grossProfitRatio": 0.23240226078612636, "researchAndDevelopmentExpenses": 57229000, "generalAndAdministrativeExpenses": 35908000, "sellingAndMarketingExpenses": 0.0, "otherExpenses": 0.0, "operatingExpenses": 93137000, "costAndExpenses": 421120000, "interestExpense": 0.0, "depreciationAndAmortization": 14069000, "ebitda": 20234000, "ebitdaratio": 0.04735481002141428, "operatingIncome": 6165000.0, "operatingIncomeRatio": 0.014428308974103935, "totalOtherIncomeExpensesNet": 1340000.0, "incomeBeforeTax": 7505000.0, "incomeBeforeTaxRatio": 0.01756438910797243, "incomeTaxExpense": 2251000.0, "netIncome": 5254000.0, "netIncomeRatio": 0.01229624255473513, "eps": 0.58, "epsdiluted": 0.58, "weightedAverageShsOut": 151490000, "weightedAverageShsOutDil": 151490000, "link": "https://www.sec.gov/Archives/edgar/data/1045810/000101287002003728/0001012870-02-003728-index.htm", "finalLink": "https://www.sec.gov/Archives/edgar/data/1045810/000101287002003728/d10q.htm"}, {"date": "2002-04-28", "symbol": "NVDA", "fillingDate": "2002-06-10", "acceptedDate": "2002-06-10 14:18:59", "period": "Q1", "revenue": 582905000, "costOfRevenue": 375740000, "grossProfit": 207165000, "grossProfitRatio": 0.35540096585206854, "researchAndDevelopmentExpenses": 52492000, "generalAndAdministrativeExpenses": 37482000, "sellingAndMarketingExpenses": 0.0, "otherExpenses": 0.0, "operatingExpenses": 89974000, "costAndExpenses": 465714000, "interestExpense": 0.0, "depreciationAndAmortization": 12830000, "ebitda": 130021000, "ebitdaratio": 0.22305693037458935, "operatingIncome": 117191000, "operatingIncomeRatio": 0.20104648270301337, "totalOtherIncomeExpensesNet": 1731000.0, "incomeBeforeTax": 118922000, "incomeBeforeTaxRatio": 0.2040160918159906, "incomeTaxExpense": 35677000, "netIncome": 83245000, "netIncomeRatio": 0.14281057805302752, "eps": 0.55, "epsdiluted": 0.55, "weightedAverageShsOut": 150684000, "weightedAverageShsOutDil": 150684000, "link": "https://www.sec.gov/Archives/edgar/data/1045810/000101287002002660/0001012870-02-002660-index.htm", "finalLink": "https://www.sec.gov/Archives/edgar/data/1045810/000101287002002660/d10q.htm"}]