[{"date": "2020-03-31", "symbol": "ORLY", "fillingDate": "2020-05-08", "acceptedDate": "2020-05-08 16:34:06", "period": "Q1", "revenue": 2476487000, "costOfRevenue": 1180581000, "grossProfit": 1295906000, "grossProfitRatio": 0.5232839905882809, "researchAndDevelopmentExpenses": 0.0, "generalAndAdministrativeExpenses": 872345000, "sellingAndMarketingExpenses": 0.0, "otherExpenses": -43901000, "operatingExpenses": 872345000, "costAndExpenses": 2052926000, "interestExpense": 0.0, "depreciationAndAmortization": 74998000, "ebitda": 498559000, "ebitdaratio": 0.201317026901, "operatingIncome": 423561000, "operatingIncomeRatio": 0.171032999568, "totalOtherIncomeExpensesNet": -43901000, "incomeBeforeTax": 379660000, "incomeBeforeTaxRatio": 0.153305872391, "incomeTaxExpense": 79222000, "netIncome": 300438000, "netIncomeRatio": 0.121316203154, "eps": 4.0, "epsdiluted": 3.97, "weightedAverageShsOut": 75022000, "weightedAverageShsOutDil": 75663000, "link": "https://www.sec.gov/Archives/edgar/data/898173/000089817320000027/0000898173-20-000027-index.htm", "finalLink": "https://www.sec.gov/Archives/edgar/data/898173/000089817320000027/orly-20200331x10q.htm"}, {"date": "2019-12-31", "symbol": "ORLY", "fillingDate": "2020-02-28", "acceptedDate": "2020-02-28 16:30:28", "period": "FY", "revenue": 2482975000, "costOfRevenue": 1158391000, "grossProfit": 1324584000, "grossProfitRatio": 0.5334665069120712, "researchAndDevelopmentExpenses": 0.0, "generalAndAdministrativeExpenses": 883081000, "sellingAndMarketingExpenses": 0.0, "otherExpenses": -32190000, "operatingExpenses": 883081000, "costAndExpenses": 2041472000, "interestExpense": 0.0, "depreciationAndAmortization": 71511000, "ebitda": 513014000, "ebitdaratio": 0.206612632024, "operatingIncome": 441503000, "operatingIncomeRatio": 0.177812100404, "totalOtherIncomeExpensesNet": -32190000, "incomeBeforeTax": 409313000, "incomeBeforeTaxRatio": 0.164847813611, "incomeTaxExpense": 84397000, "netIncome": 324916000, "netIncomeRatio": 0.130857539846, "eps": 4.3, "epsdiluted": 4.25, "weightedAverageShsOut": 76985000, "weightedAverageShsOutDil": 77788000, "link": "https://www.sec.gov/Archives/edgar/data/898173/000089817320000007/0000898173-20-000007-index.htm", "finalLink": "https://www.sec.gov/Archives/edgar/data/898173/000089817320000007/orly-20191231x10k.htm"}, {"date": "2019-09-30", "symbol": "ORLY", "fillingDate": "2019-11-06", "acceptedDate": "2019-11-06 16:32:10", "period": "Q3", "revenue": 2666528000, "costOfRevenue": 1243998000, "grossProfit": 1422530000, "grossProfitRatio": 0.5334764907775205, "researchAndDevelopmentExpenses": 0.0, "generalAndAdministrativeExpenses": 886167000, "sellingAndMarketingExpenses": 0.0, "otherExpenses": -34470000, "operatingExpenses": 886167000, "costAndExpenses": 2130165000, "interestExpense": 0.0, "depreciationAndAmortization": 69118000, "ebitda": 605481000, "ebitdaratio": 0.227067182493, "operatingIncome": 536363000, "operatingIncomeRatio": 0.201146584622, "totalOtherIncomeExpensesNet": -34470000, "incomeBeforeTax": 501893000, "incomeBeforeTaxRatio": 0.188219662422, "incomeTaxExpense": 110600000, "netIncome": 391293000, "netIncomeRatio": 0.14674250561, "eps": 5.12, "epsdiluted": 5.07, "weightedAverageShsOut": 77415000, "weightedAverageShsOutDil": 78220000, "link": "https://www.sec.gov/Archives/edgar/data/898173/000089817319000166/0000898173-19-000166-index.htm", "finalLink": "https://www.sec.gov/Archives/edgar/data/898173/000089817319000166/orly-20190930x10q.htm"}, {"date": "2019-06-30", "symbol": "ORLY", "fillingDate": "2019-08-08", "acceptedDate": "2019-08-08 16:31:43", "period": "Q2", "revenue": 2589874000, "costOfRevenue": 1221587000, "grossProfit": 1368287000, "grossProfitRatio": 0.528321841139762, "researchAndDevelopmentExpenses": 0.0, "generalAndAdministrativeExpenses": 870213000, "sellingAndMarketingExpenses": 0.0, "otherExpenses": -33103000, "operatingExpenses": 870213000, "costAndExpenses": 2091800000, "interestExpense": 0.0, "depreciationAndAmortization": 69280000, "ebitda": 567354000, "ebitdaratio": 0.219066255733, "operatingIncome": 498074000, "operatingIncomeRatio": 0.192315919616, "totalOtherIncomeExpensesNet": -33103000, "incomeBeforeTax": 464971000, "incomeBeforeTaxRatio": 0.179534216723, "incomeTaxExpense": 111290000, "netIncome": 353681000, "netIncomeRatio": 0.136563014262, "eps": 4.56, "epsdiluted": 4.51, "weightedAverageShsOut": 78047000, "weightedAverageShsOutDil": 78854000, "link": "https://www.sec.gov/Archives/edgar/data/898173/000089817319000127/0000898173-19-000127-index.htm", "finalLink": "https://www.sec.gov/Archives/edgar/data/898173/000089817319000127/orly-20190630x10q.htm"}, {"date": "2019-03-31", "symbol": "ORLY", "fillingDate": "2019-05-06", "acceptedDate": "2019-05-06 16:32:21", "period": "Q1", "revenue": 2410608000, "costOfRevenue": 1131318000, "grossProfit": 1279290000, "grossProfitRatio": 0.5306918420581032, "researchAndDevelopmentExpenses": 0.0, "generalAndAdministrativeExpenses": 834504000, "sellingAndMarketingExpenses": 0.0, "otherExpenses": -30634000, "operatingExpenses": 834504000, "costAndExpenses": 1965822000, "interestExpense": 0.0, "depreciationAndAmortization": 64882000, "ebitda": 509668000, "ebitdaratio": 0.211427158626, "operatingIncome": 444786000, "operatingIncomeRatio": 0.184511957149, "totalOtherIncomeExpensesNet": -30634000, "incomeBeforeTax": 414152000, "incomeBeforeTaxRatio": 0.171803959831, "incomeTaxExpense": 93000000, "netIncome": 321152000, "netIncomeRatio": 0.133224481127, "eps": 4.09, "epsdiluted": 4.05, "weightedAverageShsOut": 78484000, "weightedAverageShsOutDil": 79297000, "link": "https://www.sec.gov/Archives/edgar/data/898173/000089817319000089/0000898173-19-000089-index.htm", "finalLink": "https://www.sec.gov/Archives/edgar/data/898173/000089817319000089/orly-20190331x10q.htm"}, {"date": "2018-12-31", "symbol": "ORLY", "fillingDate": "2019-02-27", "acceptedDate": "2019-02-27 16:33:18", "period": "FY", "revenue": 2314957000, "costOfRevenue": 1080642000, "grossProfit": 1234315000, "grossProfitRatio": 0.5331913292557918, "researchAndDevelopmentExpenses": 0.0, "generalAndAdministrativeExpenses": 806275000, "sellingAndMarketingExpenses": 0.0, "otherExpenses": -34883000, "operatingExpenses": 806275000, "costAndExpenses": 1886917000, "interestExpense": 0.0, "depreciationAndAmortization": 66532000, "ebitda": 494572000, "ebitdaratio": 0.213641981255, "operatingIncome": 428040000, "operatingIncomeRatio": 0.184901922584, "totalOtherIncomeExpensesNet": -34883000, "incomeBeforeTax": 393157000, "incomeBeforeTaxRatio": 0.169833392154, "incomeTaxExpense": 92800000, "netIncome": 300357000, "netIncomeRatio": 0.129746254466, "eps": 3.77, "epsdiluted": 3.74, "weightedAverageShsOut": 81406000, "weightedAverageShsOutDil": 82280000, "link": "https://www.sec.gov/Archives/edgar/data/898173/000089817319000060/0000898173-19-000060-index.htm", "finalLink": "https://www.sec.gov/Archives/edgar/data/898173/000089817319000060/orly-20181231x10xk.htm"}, {"date": "2018-09-30", "symbol": "ORLY", "fillingDate": "2018-11-07", "acceptedDate": "2018-11-07 16:31:58", "period": "Q3", "revenue": 2482717000, "costOfRevenue": 1166962000, "grossProfit": 1315755000, "grossProfitRatio": 0.5299657592871037, "researchAndDevelopmentExpenses": 0.0, "generalAndAdministrativeExpenses": 830607000, "sellingAndMarketingExpenses": 0.0, "otherExpenses": -29497000, "operatingExpenses": 830607000, "costAndExpenses": 1997569000, "interestExpense": 0.0, "depreciationAndAmortization": 63434000, "ebitda": 548582000, "ebitdaratio": 0.220960343044, "operatingIncome": 485148000, "operatingIncomeRatio": 0.195410109167, "totalOtherIncomeExpensesNet": -29497000, "incomeBeforeTax": 455651000, "incomeBeforeTaxRatio": 0.183529173885, "incomeTaxExpense": 89500000, "netIncome": 366151000, "netIncomeRatio": 0.147479958449, "eps": 4.54, "epsdiluted": 4.47, "weightedAverageShsOut": 81939000, "weightedAverageShsOutDil": 82841000, "link": "https://www.sec.gov/Archives/edgar/data/898173/000089817318000198/0000898173-18-000198-index.htm", "finalLink": "https://www.sec.gov/Archives/edgar/data/898173/000089817318000198/orly-20180930x10q.htm"}, {"date": "2018-06-30", "symbol": "ORLY", "fillingDate": "2018-08-08", "acceptedDate": "2018-08-08 16:32:46", "period": "Q2", "revenue": 2456073000, "costOfRevenue": 1167435000, "grossProfit": 1288638000, "grossProfitRatio": 0.5246741444574327, "researchAndDevelopmentExpenses": 0.0, "generalAndAdministrativeExpenses": 809488000, "sellingAndMarketingExpenses": 0.0, "otherExpenses": -29277000, "operatingExpenses": 809488000, "costAndExpenses": 1976923000, "interestExpense": 0.0, "depreciationAndAmortization": 61726000, "ebitda": 540876000, "ebitdaratio": 0.220219838743, "operatingIncome": 479150000, "operatingIncomeRatio": 0.195087849588, "totalOtherIncomeExpensesNet": -29277000, "incomeBeforeTax": 449873000, "incomeBeforeTaxRatio": 0.183167601289, "incomeTaxExpense": 96800000, "netIncome": 353073000, "netIncomeRatio": 0.14375509197, "eps": 4.31, "epsdiluted": 4.28, "weightedAverageShsOut": 82624000, "weightedAverageShsOutDil": 83430000, "link": "https://www.sec.gov/Archives/edgar/data/898173/000089817318000168/0000898173-18-000168-index.htm", "finalLink": "https://www.sec.gov/Archives/edgar/data/898173/000089817318000168/orly-20180630x10q.htm"}, {"date": "2018-03-31", "symbol": "ORLY", "fillingDate": "2018-05-07", "acceptedDate": "2018-05-07 16:31:29", "period": "Q1", "revenue": 2282681000, "costOfRevenue": 1081423000, "grossProfit": 1201258000, "grossProfitRatio": 0.5262487399684844, "researchAndDevelopmentExpenses": 0.0, "generalAndAdministrativeExpenses": 778412000, "sellingAndMarketingExpenses": 0.0, "otherExpenses": -27440000, "operatingExpenses": 778412000, "costAndExpenses": 1859835000, "interestExpense": 0.0, "depreciationAndAmortization": 70715000, "ebitda": 493561000, "ebitdaratio": 0.216219874788, "operatingIncome": 422846000, "operatingIncomeRatio": 0.18524095132, "totalOtherIncomeExpensesNet": -27440000, "incomeBeforeTax": 395406000, "incomeBeforeTaxRatio": 0.173219998765, "incomeTaxExpense": 90500000, "netIncome": 304906000, "netIncomeRatio": 0.133573635563, "eps": 3.65, "epsdiluted": 3.61, "weightedAverageShsOut": 83530000, "weightedAverageShsOutDil": 84523000, "link": "https://www.sec.gov/Archives/edgar/data/898173/000089817318000103/0000898173-18-000103-index.htm", "finalLink": "https://www.sec.gov/Archives/edgar/data/898173/000089817318000103/orly-20180331x10q.htm"}, {"date": "2017-12-31", "symbol": "ORLY", "fillingDate": "2018-02-28", "acceptedDate": "2018-02-28 16:32:56", "period": "FY", "revenue": 2190808000, "costOfRevenue": 1031628000, "grossProfit": 1159180000, "grossProfitRatio": 0.5291107207934241, "researchAndDevelopmentExpenses": 0.0, "generalAndAdministrativeExpenses": 756345000, "sellingAndMarketingExpenses": 0.0, "otherExpenses": -26111000, "operatingExpenses": 756345000, "costAndExpenses": 1787973000, "interestExpense": 0.0, "depreciationAndAmortization": 61138000, "ebitda": 463973000, "ebitdaratio": 0.211781680549, "operatingIncome": 402835000, "operatingIncomeRatio": 0.183875081705, "totalOtherIncomeExpensesNet": -26111000, "incomeBeforeTax": 376724000, "incomeBeforeTaxRatio": 0.171956647958, "incomeTaxExpense": 74409000, "netIncome": 302315000, "netIncomeRatio": 0.137992466706, "eps": 3.54, "epsdiluted": 3.52, "weightedAverageShsOut": 88426000, "weightedAverageShsOutDil": 89502000, "link": "https://www.sec.gov/Archives/edgar/data/898173/000089817318000077/0000898173-18-000077-index.htm", "finalLink": "https://www.sec.gov/Archives/edgar/data/898173/000089817318000077/orly-20171231x10xk.htm"}, {"date": "2017-09-30", "symbol": "ORLY", "fillingDate": "2017-11-07", "acceptedDate": "2017-11-07 16:34:10", "period": "Q3", "revenue": 2339830000, "costOfRevenue": 1109536000, "grossProfit": 1230294000, "grossProfitRatio": 0.5258048661654906, "researchAndDevelopmentExpenses": 0.0, "generalAndAdministrativeExpenses": 768331000, "sellingAndMarketingExpenses": 0.0, "otherExpenses": -22433000, "operatingExpenses": 768331000, "costAndExpenses": 1877867000, "interestExpense": 0.0, "depreciationAndAmortization": 59275000, "ebitda": 521238000, "ebitdaratio": 0.222767466012, "operatingIncome": 461963000, "operatingIncomeRatio": 0.197434428997, "totalOtherIncomeExpensesNet": -22433000, "incomeBeforeTax": 439530000, "incomeBeforeTaxRatio": 0.187846980336, "incomeTaxExpense": 155796000, "netIncome": 283734000, "netIncomeRatio": 0.121262655834, "eps": 3.26, "epsdiluted": 3.22, "weightedAverageShsOut": 89641000, "weightedAverageShsOutDil": 90869000, "link": "https://www.sec.gov/Archives/edgar/data/898173/000089817317000178/0000898173-17-000178-index.htm", "finalLink": "https://www.sec.gov/Archives/edgar/data/898173/000089817317000178/orly-20170930x10q.htm"}, {"date": "2017-06-30", "symbol": "ORLY", "fillingDate": "2017-08-07", "acceptedDate": "2017-08-07 16:32:43", "period": "Q2", "revenue": 2290829000, "costOfRevenue": 1090767000, "grossProfit": 1200062000, "grossProfitRatio": 0.5238549014352446, "researchAndDevelopmentExpenses": 0.0, "generalAndAdministrativeExpenses": 742617000, "sellingAndMarketingExpenses": 0.0, "otherExpenses": -21119000, "operatingExpenses": 742617000, "costAndExpenses": 1833384000, "interestExpense": 0.0, "depreciationAndAmortization": 58653000, "ebitda": 516098000, "ebitdaratio": 0.225288749182, "operatingIncome": 457445000, "operatingIncomeRatio": 0.199685354079, "totalOtherIncomeExpensesNet": -21119000, "incomeBeforeTax": 436326000, "incomeBeforeTaxRatio": 0.190466420671, "incomeTaxExpense": 153505000, "netIncome": 282821000, "netIncomeRatio": 0.123457927239, "eps": 3.14, "epsdiluted": 3.1, "weightedAverageShsOut": 91012000, "weightedAverageShsOutDil": 92347000, "link": "https://www.sec.gov/Archives/edgar/data/898173/000089817317000154/0000898173-17-000154-index.htm", "finalLink": "https://www.sec.gov/Archives/edgar/data/898173/000089817317000154/orly-20170630x10q.htm"}, {"date": "2017-03-31", "symbol": "ORLY", "fillingDate": "2017-05-08", "acceptedDate": "2017-05-08 16:33:47", "period": "Q1", "revenue": 2156259000, "costOfRevenue": 1025112000, "grossProfit": 1131147000, "grossProfitRatio": 0.5245877234599369, "researchAndDevelopmentExpenses": 0.0, "generalAndAdministrativeExpenses": 727990000, "sellingAndMarketingExpenses": 0.0, "otherExpenses": -17933000, "operatingExpenses": 727990000, "costAndExpenses": 1753102000, "interestExpense": 0.0, "depreciationAndAmortization": 57650000, "ebitda": 460807000, "ebitdaratio": 0.21370670221, "operatingIncome": 403157000, "operatingIncomeRatio": 0.18697058192, "totalOtherIncomeExpensesNet": -17933000, "incomeBeforeTax": 385224000, "incomeBeforeTaxRatio": 0.17865386301, "incomeTaxExpense": 120290000, "netIncome": 264934000, "netIncomeRatio": 0.122867429191, "eps": 2.88, "epsdiluted": 2.83, "weightedAverageShsOut": 92001000, "weightedAverageShsOutDil": 93495000, "link": "https://www.sec.gov/Archives/edgar/data/898173/000089817317000113/0000898173-17-000113-index.htm", "finalLink": "https://www.sec.gov/Archives/edgar/data/898173/000089817317000113/orly-20170331x10q.htm"}, {"date": "2016-12-31", "symbol": "ORLY", "fillingDate": "2017-02-28", "acceptedDate": "2017-02-28 16:32:37", "period": "FY", "revenue": 2099302000, "costOfRevenue": 985075000, "grossProfit": 1114227000, "grossProfitRatio": 0.5307607004613915, "researchAndDevelopmentExpenses": 0.0, "generalAndAdministrativeExpenses": 706517000, "sellingAndMarketingExpenses": 0.0, "otherExpenses": -16780000, "operatingExpenses": 706517000, "costAndExpenses": 1691592000, "interestExpense": 0.0, "depreciationAndAmortization": 57059000, "ebitda": 464769000, "ebitdaratio": 0.221392157965, "operatingIncome": 407710000, "operatingIncomeRatio": 0.194212171474, "totalOtherIncomeExpensesNet": -16780000, "incomeBeforeTax": 390930000, "incomeBeforeTaxRatio": 0.186219038519, "incomeTaxExpense": 144900000, "netIncome": 246030000, "netIncomeRatio": 0.117196096607, "eps": 2.62, "epsdiluted": 2.59, "weightedAverageShsOut": 95447000, "weightedAverageShsOutDil": 96720000, "link": "https://www.sec.gov/Archives/edgar/data/898173/000089817317000091/0000898173-17-000091-index.htm", "finalLink": "https://www.sec.gov/Archives/edgar/data/898173/000089817317000091/orly-20161231x10xk.htm"}, {"date": "2016-09-30", "symbol": "ORLY", "fillingDate": "2016-11-08", "acceptedDate": "2016-11-08 16:32:47", "period": "Q3", "revenue": 2220955000, "costOfRevenue": 1050929000, "grossProfit": 1170026000, "grossProfitRatio": 0.5268121146083554, "researchAndDevelopmentExpenses": 0.0, "generalAndAdministrativeExpenses": 722217000, "sellingAndMarketingExpenses": 0.0, "otherExpenses": -15916000, "operatingExpenses": 722217000, "costAndExpenses": 1773146000, "interestExpense": 0.0, "depreciationAndAmortization": 55655000, "ebitda": 503464000, "ebitdaratio": 0.226688068871, "operatingIncome": 447809000, "operatingIncomeRatio": 0.201629028954, "totalOtherIncomeExpensesNet": -15916000, "incomeBeforeTax": 431893000, "incomeBeforeTaxRatio": 0.194462742379, "incomeTaxExpense": 153400000, "netIncome": 278493000, "netIncomeRatio": 0.125393355561, "eps": 2.94, "epsdiluted": 2.9, "weightedAverageShsOut": 95994000, "weightedAverageShsOutDil": 97309000, "link": "https://www.sec.gov/Archives/edgar/data/898173/000089817316000385/0000898173-16-000385-index.htm", "finalLink": "https://www.sec.gov/Archives/edgar/data/898173/000089817316000385/orly-20160930x10q.htm"}, {"date": "2016-06-30", "symbol": "ORLY", "fillingDate": "2016-08-08", "acceptedDate": "2016-08-08 16:32:20", "period": "Q2", "revenue": 2176689000, "costOfRevenue": 1049510000, "grossProfit": 1127179000, "grossProfitRatio": 0.5178410880010879, "researchAndDevelopmentExpenses": 0.0, "generalAndAdministrativeExpenses": 702118000, "sellingAndMarketingExpenses": 0.0, "otherExpenses": -16267000, "operatingExpenses": 702118000, "costAndExpenses": 1751628000, "interestExpense": 0.0, "depreciationAndAmortization": 54279000, "ebitda": 479340000, "ebitdaratio": 0.220215198405, "operatingIncome": 425061000, "operatingIncomeRatio": 0.195278700816, "totalOtherIncomeExpensesNet": -16267000, "incomeBeforeTax": 408794000, "incomeBeforeTaxRatio": 0.187805423742, "incomeTaxExpense": 151000000, "netIncome": 257794000, "netIncomeRatio": 0.118434006879, "eps": 2.68, "epsdiluted": 2.65, "weightedAverageShsOut": 96554000, "weightedAverageShsOutDil": 97911000, "link": "https://www.sec.gov/Archives/edgar/data/898173/000089817316000359/0000898173-16-000359-index.htm", "finalLink": "https://www.sec.gov/Archives/edgar/data/898173/000089817316000359/orly-20160630x10q.htm"}, {"date": "2016-03-31", "symbol": "ORLY", "fillingDate": "2016-05-09", "acceptedDate": "2016-05-09 16:37:00", "period": "Q1", "revenue": 2096150000, "costOfRevenue": 998571000, "grossProfit": 1097579000, "grossProfitRatio": 0.5236166304892302, "researchAndDevelopmentExpenses": 0.0, "generalAndAdministrativeExpenses": 678953000, "sellingAndMarketingExpenses": 0.0, "otherExpenses": -13052000, "operatingExpenses": 678953000, "costAndExpenses": 1677524000, "interestExpense": 0.0, "depreciationAndAmortization": 53324000, "ebitda": 471950000, "ebitdaratio": 0.225150871836, "operatingIncome": 418626000, "operatingIncomeRatio": 0.199711852682, "totalOtherIncomeExpensesNet": -13052000, "incomeBeforeTax": 405574000, "incomeBeforeTaxRatio": 0.193485199055, "incomeTaxExpense": 150200000, "netIncome": 255374000, "netIncomeRatio": 0.121830021706, "eps": 2.63, "epsdiluted": 2.59, "weightedAverageShsOut": 97140000, "weightedAverageShsOutDil": 98537000, "link": "https://www.sec.gov/Archives/edgar/data/898173/000089817316000311/0000898173-16-000311-index.htm", "finalLink": "https://www.sec.gov/Archives/edgar/data/898173/000089817316000311/orly-20160331x10q.htm"}, {"date": "2015-12-31", "symbol": "ORLY", "fillingDate": "2016-02-26", "acceptedDate": "2016-02-26 13:14:39", "period": "FY", "revenue": 1949052000, "costOfRevenue": 921413000, "grossProfit": 1027639000, "grossProfitRatio": 0.5272506839222351, "researchAndDevelopmentExpenses": 0.0, "generalAndAdministrativeExpenses": 665019000, "sellingAndMarketingExpenses": 0.0, "otherExpenses": -12994000, "operatingExpenses": 665019000, "costAndExpenses": 1586432000, "interestExpense": 0.0, "depreciationAndAmortization": 52719000, "ebitda": 415339000, "ebitdaratio": 0.213097957366, "operatingIncome": 362620000, "operatingIncomeRatio": 0.186049423002, "totalOtherIncomeExpensesNet": -12994000, "incomeBeforeTax": 349626000, "incomeBeforeTaxRatio": 0.179382592152, "incomeTaxExpense": 131050000, "netIncome": 218576000, "netIncomeRatio": 0.112144776024, "eps": 2.23, "epsdiluted": 2.19, "weightedAverageShsOut": 99965000, "weightedAverageShsOutDil": 101514000, "link": "https://www.sec.gov/Archives/edgar/data/898173/000089817316000276/0000898173-16-000276-index.htm", "finalLink": "https://www.sec.gov/Archives/edgar/data/898173/000089817316000276/orly-20151231x10xk.htm"}, {"date": "2015-09-30", "symbol": "ORLY", "fillingDate": "2015-11-06", "acceptedDate": "2015-11-06 16:48:15", "period": "Q3", "revenue": 2080201000, "costOfRevenue": 990947000, "grossProfit": 1089254000, "grossProfitRatio": 0.5236292069852865, "researchAndDevelopmentExpenses": 0.0, "generalAndAdministrativeExpenses": 673994000, "sellingAndMarketingExpenses": 0.0, "otherExpenses": -14392000, "operatingExpenses": 673994000, "costAndExpenses": 1664941000, "interestExpense": 0.0, "depreciationAndAmortization": 52585000, "ebitda": 467845000, "ebitdaratio": 0.224903747282, "operatingIncome": 415260000, "operatingIncomeRatio": 0.19962494009, "totalOtherIncomeExpensesNet": -14392000, "incomeBeforeTax": 400868000, "incomeBeforeTaxRatio": 0.192706377893, "incomeTaxExpense": 134600000, "netIncome": 266268000, "netIncomeRatio": 0.128001092202, "eps": 2.67, "epsdiluted": 2.63, "weightedAverageShsOut": 100468000, "weightedAverageShsOutDil": 102041000, "link": "https://www.sec.gov/Archives/edgar/data/898173/000089817315000189/0000898173-15-000189-index.htm", "finalLink": "https://www.sec.gov/Archives/edgar/data/898173/000089817315000189/orly-20150930x10q.htm"}, {"date": "2015-06-30", "symbol": "ORLY", "fillingDate": "2015-08-07", "acceptedDate": "2015-08-07 16:33:33", "period": "Q2", "revenue": 2035518000, "costOfRevenue": 976727000, "grossProfit": 1058791000, "grossProfitRatio": 0.5201580138323513, "researchAndDevelopmentExpenses": 0.0, "generalAndAdministrativeExpenses": 673023000, "sellingAndMarketingExpenses": 0.0, "otherExpenses": -13560000, "operatingExpenses": 673023000, "costAndExpenses": 1649750000, "interestExpense": 0.0, "depreciationAndAmortization": 51583000, "ebitda": 437351000, "ebitdaratio": 0.214859804728, "operatingIncome": 385768000, "operatingIncomeRatio": 0.189518343734, "totalOtherIncomeExpensesNet": -13560000, "incomeBeforeTax": 372208000, "incomeBeforeTaxRatio": 0.182856648774, "incomeTaxExpense": 138700000, "netIncome": 233508000, "netIncomeRatio": 0.11471674532, "eps": 2.33, "epsdiluted": 2.29, "weightedAverageShsOut": 101078000, "weightedAverageShsOutDil": 102684000, "link": "https://www.sec.gov/Archives/edgar/data/898173/000089817315000163/0000898173-15-000163-index.htm", "finalLink": "https://www.sec.gov/Archives/edgar/data/898173/000089817315000163/orly-20150630x10q.htm"}, {"date": "2015-03-31", "symbol": "ORLY", "fillingDate": "2015-05-08", "acceptedDate": "2015-05-08 16:32:26", "period": "Q1", "revenue": 1901903000, "costOfRevenue": 914944000, "grossProfit": 986959000, "grossProfitRatio": 0.5189323535427411, "researchAndDevelopmentExpenses": 0.0, "generalAndAdministrativeExpenses": 636586000, "sellingAndMarketingExpenses": 0.0, "otherExpenses": -12709000, "operatingExpenses": 636586000, "costAndExpenses": 1551530000, "interestExpense": 0.0, "depreciationAndAmortization": 55475000, "ebitda": 405848000, "ebitdaratio": 0.213390483111, "operatingIncome": 350373000, "operatingIncomeRatio": 0.184222328899, "totalOtherIncomeExpensesNet": -12709000, "incomeBeforeTax": 337664000, "incomeBeforeTaxRatio": 0.177540074336, "incomeTaxExpense": 124800000, "netIncome": 212864000, "netIncomeRatio": 0.111921585906, "eps": 2.09, "epsdiluted": 2.06, "weightedAverageShsOut": 101612000, "weightedAverageShsOutDil": 103257000, "link": "https://www.sec.gov/Archives/edgar/data/898173/000089817315000123/0000898173-15-000123-index.htm", "finalLink": "https://www.sec.gov/Archives/edgar/data/898173/000089817315000123/orly-20150331x10q.htm"}, {"date": "2014-12-31", "symbol": "ORLY", "fillingDate": "2015-02-27", "acceptedDate": "2015-02-27 15:28:23", "period": "FY", "revenue": 1764178000, "costOfRevenue": 852071000, "grossProfit": 912107000, "grossProfitRatio": 0.5170152898403676, "researchAndDevelopmentExpenses": 0.0, "generalAndAdministrativeExpenses": 609095000, "sellingAndMarketingExpenses": 0.0, "otherExpenses": -12906000, "operatingExpenses": 609095000, "costAndExpenses": 1461166000, "interestExpense": 0.0, "depreciationAndAmortization": 51213000, "ebitda": 354225000, "ebitdaratio": 0.200787562253, "operatingIncome": 303012000, "operatingIncomeRatio": 0.171758178596, "totalOtherIncomeExpensesNet": -12906000, "incomeBeforeTax": 290106000, "incomeBeforeTaxRatio": 0.16444259026, "incomeTaxExpense": 108428000, "netIncome": 181678000, "netIncomeRatio": 0.102981671917, "eps": 1.79, "epsdiluted": 1.76, "weightedAverageShsOut": 104262000, "weightedAverageShsOutDil": 106041000, "link": "https://www.sec.gov/Archives/edgar/data/898173/000089817315000076/0000898173-15-000076-index.htm", "finalLink": "https://www.sec.gov/Archives/edgar/data/898173/000089817315000076/orly-20141231x10xk.htm"}, {"date": "2014-09-30", "symbol": "ORLY", "fillingDate": "2014-11-07", "acceptedDate": "2014-11-07 16:34:37", "period": "Q3", "revenue": 1876872000, "costOfRevenue": 908671000, "grossProfit": 968201000, "grossProfitRatio": 0.5158588332075922, "researchAndDevelopmentExpenses": 0.0, "generalAndAdministrativeExpenses": 624433000, "sellingAndMarketingExpenses": 0.0, "otherExpenses": -11450000, "operatingExpenses": 624433000, "costAndExpenses": 1533104000, "interestExpense": 0.0, "depreciationAndAmortization": 49033000, "ebitda": 392801000, "ebitdaratio": 0.209284916606, "operatingIncome": 343768000, "operatingIncomeRatio": 0.183160066323, "totalOtherIncomeExpensesNet": -11450000, "incomeBeforeTax": 332318000, "incomeBeforeTaxRatio": 0.177059490471, "incomeTaxExpense": 115321000, "netIncome": 216997000, "netIncomeRatio": 0.115616302017, "eps": 2.09, "epsdiluted": 2.06, "weightedAverageShsOut": 105146000, "weightedAverageShsOutDil": 106945000, "link": "https://www.sec.gov/Archives/edgar/data/898173/000089817314000169/0000898173-14-000169-index.htm", "finalLink": "https://www.sec.gov/Archives/edgar/data/898173/000089817314000169/orly-20140930x10q.htm"}, {"date": "2014-06-30", "symbol": "ORLY", "fillingDate": "2014-08-08", "acceptedDate": "2014-08-08 16:38:00", "period": "Q2", "revenue": 1847088000, "costOfRevenue": 896211000, "grossProfit": 950877000, "grossProfitRatio": 0.5147978872690419, "researchAndDevelopmentExpenses": 0.0, "generalAndAdministrativeExpenses": 614403000, "sellingAndMarketingExpenses": 0.0, "otherExpenses": -11676000, "operatingExpenses": 614403000, "costAndExpenses": 1510614000, "interestExpense": 0.0, "depreciationAndAmortization": 48048000, "ebitda": 384522000, "ebitdaratio": 0.208177412229, "operatingIncome": 336474000, "operatingIncomeRatio": 0.182164574725, "totalOtherIncomeExpensesNet": -11676000, "incomeBeforeTax": 324798000, "incomeBeforeTaxRatio": 0.175843273304, "incomeTaxExpense": 119151000, "netIncome": 205647000, "netIncomeRatio": 0.111335789091, "eps": 1.94, "epsdiluted": 1.91, "weightedAverageShsOut": 105982000, "weightedAverageShsOutDil": 107817000, "link": "https://www.sec.gov/Archives/edgar/data/898173/000089817314000128/0000898173-14-000128-index.htm", "finalLink": "https://www.sec.gov/Archives/edgar/data/898173/000089817314000128/orly-20140630x10q.htm"}, {"date": "2014-03-31", "symbol": "ORLY", "fillingDate": "2014-05-09", "acceptedDate": "2014-05-09 16:46:08", "period": "Q1", "revenue": 1727943000, "costOfRevenue": 850227000, "grossProfit": 877716000, "grossProfitRatio": 0.5079542554355092, "researchAndDevelopmentExpenses": 0.0, "generalAndAdministrativeExpenses": 590596000, "sellingAndMarketingExpenses": 0.0, "otherExpenses": -12160000, "operatingExpenses": 590596000, "costAndExpenses": 1440823000, "interestExpense": 0.0, "depreciationAndAmortization": 47997000, "ebitda": 335117000, "ebitdaratio": 0.193939846395, "operatingIncome": 287120000, "operatingIncomeRatio": 0.166162888475, "totalOtherIncomeExpensesNet": -12160000, "incomeBeforeTax": 274960000, "incomeBeforeTaxRatio": 0.159125619306, "incomeTaxExpense": 101100000, "netIncome": 173860000, "netIncomeRatio": 0.100616744881, "eps": 1.64, "epsdiluted": 1.61, "weightedAverageShsOut": 106191000, "weightedAverageShsOutDil": 108070000, "link": "https://www.sec.gov/Archives/edgar/data/898173/000089817314000093/0000898173-14-000093-index.htm", "finalLink": "https://www.sec.gov/Archives/edgar/data/898173/000089817314000093/orly-20140331x10q.htm"}, {"date": "2013-12-31", "symbol": "ORLY", "fillingDate": "2014-02-28", "acceptedDate": "2014-02-28 13:02:01", "period": "FY", "revenue": 1621234000, "costOfRevenue": 801934000, "grossProfit": 819300000, "grossProfitRatio": 0.5053557968806477, "researchAndDevelopmentExpenses": 0.0, "generalAndAdministrativeExpenses": 563540000, "sellingAndMarketingExpenses": 0.0, "otherExpenses": -11863000, "operatingExpenses": 563540000, "costAndExpenses": 1365474000, "interestExpense": 0.0, "depreciationAndAmortization": 47637000, "ebitda": 303397000, "ebitdaratio": 0.187139549257, "operatingIncome": 255760000, "operatingIncomeRatio": 0.157756375699, "totalOtherIncomeExpensesNet": -11863000, "incomeBeforeTax": 243897000, "incomeBeforeTaxRatio": 0.150439109962, "incomeTaxExpense": 91550000, "netIncome": 152347000, "netIncomeRatio": 0.0939697785761, "eps": 1.43, "epsdiluted": 1.4, "weightedAverageShsOut": 109244000, "weightedAverageShsOutDil": 111101000, "link": "https://www.sec.gov/Archives/edgar/data/898173/000089817314000064/0000898173-14-000064-index.htm", "finalLink": "https://www.sec.gov/Archives/edgar/data/898173/000089817314000064/orly-20131231x10k.htm"}, {"date": "2013-09-30", "symbol": "ORLY", "fillingDate": "2013-11-08", "acceptedDate": "2013-11-08 16:50:17", "period": "Q3", "revenue": 1728025000, "costOfRevenue": 848862000, "grossProfit": 879163000, "grossProfitRatio": 0.5087675236180033, "researchAndDevelopmentExpenses": 0.0, "generalAndAdministrativeExpenses": 578783000, "sellingAndMarketingExpenses": 0.0, "otherExpenses": -12091000, "operatingExpenses": 578783000, "costAndExpenses": 1427645000, "interestExpense": 0.0, "depreciationAndAmortization": 46915000, "ebitda": 347295000, "ebitdaratio": 0.20097799511, "operatingIncome": 300380000, "operatingIncomeRatio": 0.173828503639, "totalOtherIncomeExpensesNet": -12091000, "incomeBeforeTax": 288289000, "incomeBeforeTaxRatio": 0.166831498387, "incomeTaxExpense": 101800000, "netIncome": 186489000, "netIncomeRatio": 0.107920313653, "eps": 1.72, "epsdiluted": 1.69, "weightedAverageShsOut": 110034000, "weightedAverageShsOutDil": 111885000, "link": "https://www.sec.gov/Archives/edgar/data/898173/000089817313000049/0000898173-13-000049-index.htm", "finalLink": "https://www.sec.gov/Archives/edgar/data/898173/000089817313000049/orly-20130930x10q.htm"}, {"date": "2013-06-30", "symbol": "ORLY", "fillingDate": "2013-08-08", "acceptedDate": "2013-08-08 16:46:31", "period": "Q2", "revenue": 1714969000, "costOfRevenue": 843094000, "grossProfit": 871875000, "grossProfitRatio": 0.5083911137752344, "researchAndDevelopmentExpenses": 0.0, "generalAndAdministrativeExpenses": 575614000, "sellingAndMarketingExpenses": 0.0, "otherExpenses": -10134000, "operatingExpenses": 575614000, "costAndExpenses": 1418708000, "interestExpense": 0.0, "depreciationAndAmortization": 46007000, "ebitda": 342268000, "ebitdaratio": 0.199576785353, "operatingIncome": 296261000, "operatingIncomeRatio": 0.172750061371, "totalOtherIncomeExpensesNet": -10134000, "incomeBeforeTax": 286127000, "incomeBeforeTaxRatio": 0.166840916658, "incomeTaxExpense": 109000000, "netIncome": 177127000, "netIncomeRatio": 0.103282916484, "eps": 1.61, "epsdiluted": 1.58, "weightedAverageShsOut": 110914000, "weightedAverageShsOutDil": 112736000, "link": "https://www.sec.gov/Archives/edgar/data/898173/000089817313000039/0000898173-13-000039-index.htm", "finalLink": "https://www.sec.gov/Archives/edgar/data/898173/000089817313000039/orly-20130630x10q.htm"}, {"date": "2013-03-31", "symbol": "ORLY", "fillingDate": "2013-05-09", "acceptedDate": "2013-05-09 16:40:47", "period": "Q1", "revenue": 1585009000, "costOfRevenue": 786346000, "grossProfit": 798663000, "grossProfitRatio": 0.5038854668964025, "researchAndDevelopmentExpenses": 0.0, "generalAndAdministrativeExpenses": 547579000, "sellingAndMarketingExpenses": 0.0, "otherExpenses": -10455000, "operatingExpenses": 547579000, "costAndExpenses": 1333925000, "interestExpense": 0.0, "depreciationAndAmortization": 44675000, "ebitda": 295759000, "ebitdaratio": 0.186597678625, "operatingIncome": 251084000, "operatingIncomeRatio": 0.158411718798, "totalOtherIncomeExpensesNet": -10455000, "incomeBeforeTax": 240629000, "incomeBeforeTaxRatio": 0.151815541741, "incomeTaxExpense": 86300000, "netIncome": 154329000, "netIncomeRatio": 0.097367901381, "eps": 1.38, "epsdiluted": 1.36, "weightedAverageShsOut": 111557000, "weightedAverageShsOutDil": 113396000, "link": "https://www.sec.gov/Archives/edgar/data/898173/000089817313000028/0000898173-13-000028-index.htm", "finalLink": "https://www.sec.gov/Archives/edgar/data/898173/000089817313000028/orly-20130331x10q.htm"}, {"date": "2012-12-31", "symbol": "ORLY", "fillingDate": "2013-02-28", "acceptedDate": "2013-02-28 17:04:29", "period": "FY", "revenue": 1488385000, "costOfRevenue": 738001000, "grossProfit": 750384000, "grossProfitRatio": 0.5041598779885581, "researchAndDevelopmentExpenses": 0.0, "generalAndAdministrativeExpenses": 527413000, "sellingAndMarketingExpenses": 0.0, "otherExpenses": -10294000, "operatingExpenses": 527413000, "costAndExpenses": 1265414000, "interestExpense": 0.0, "depreciationAndAmortization": 45103000, "ebitda": 268074000, "ebitdaratio": 0.180110656853, "operatingIncome": 222971000, "operatingIncomeRatio": 0.149807341514, "totalOtherIncomeExpensesNet": -10294000, "incomeBeforeTax": 212677000, "incomeBeforeTaxRatio": 0.142891120241, "incomeTaxExpense": 79875000, "netIncome": 132802000, "netIncomeRatio": 0.089225569997, "eps": 1.16, "epsdiluted": 1.15, "weightedAverageShsOut": 121182000, "weightedAverageShsOutDil": 123314000, "link": "https://www.sec.gov/Archives/edgar/data/898173/000089817313000006/0000898173-13-000006-index.htm", "finalLink": "https://www.sec.gov/Archives/edgar/data/898173/000089817313000006/orly-20121231x10k.htm"}, {"date": "2012-09-30", "symbol": "ORLY", "fillingDate": "2012-11-08", "acceptedDate": "2012-11-08 16:56:25", "period": "Q3", "revenue": 1601558000, "costOfRevenue": 796065000, "grossProfit": 805493000, "grossProfitRatio": 0.5029433838799469, "researchAndDevelopmentExpenses": 0.0, "generalAndAdministrativeExpenses": 542175000, "sellingAndMarketingExpenses": 0.0, "otherExpenses": -9336000.0, "operatingExpenses": 542175000, "costAndExpenses": 1338240000, "interestExpense": 0.0, "depreciationAndAmortization": 44724000, "ebitda": 308042000, "ebitdaratio": 0.192338959938, "operatingIncome": 263318000, "operatingIncomeRatio": 0.164413652206, "totalOtherIncomeExpensesNet": -9336000.0, "incomeBeforeTax": 253982000, "incomeBeforeTaxRatio": 0.15858432851, "incomeTaxExpense": 94650000, "netIncome": 159332000, "netIncomeRatio": 0.0994856258718, "eps": 1.34, "epsdiluted": 1.31, "weightedAverageShsOut": 123448000, "weightedAverageShsOutDil": 125670000, "link": "https://www.sec.gov/Archives/edgar/data/898173/000089817312000024/0000898173-12-000024-index.htm", "finalLink": "https://www.sec.gov/Archives/edgar/data/898173/000089817312000024/orly-20120930x10q.htm"}, {"date": "2012-06-30", "symbol": "ORLY", "fillingDate": "2012-08-08", "acceptedDate": "2012-08-08 16:37:16", "period": "Q2", "revenue": 1562849000, "costOfRevenue": 782988000, "grossProfit": 779861000, "grossProfitRatio": 0.4989995834530399, "researchAndDevelopmentExpenses": 0.0, "generalAndAdministrativeExpenses": 536258000, "sellingAndMarketingExpenses": 0.0, "otherExpenses": -8533000.0, "operatingExpenses": 536258000, "costAndExpenses": 1319246000, "interestExpense": 0.0, "depreciationAndAmortization": 44817000, "ebitda": 288420000, "ebitdaratio": 0.184547579453, "operatingIncome": 243603000, "operatingIncomeRatio": 0.15587110463, "totalOtherIncomeExpensesNet": -8533000.0, "incomeBeforeTax": 235070000, "incomeBeforeTaxRatio": 0.150411204153, "incomeTaxExpense": 88950000, "netIncome": 146120000, "netIncomeRatio": 0.093495916752, "eps": 1.17, "epsdiluted": 1.15, "weightedAverageShsOut": 125920000, "weightedAverageShsOutDil": 128261000, "link": "https://www.sec.gov/Archives/edgar/data/898173/000089817312000009/0000898173-12-000009-index.htm", "finalLink": "https://www.sec.gov/Archives/edgar/data/898173/000089817312000009/orly-20120630x10q.htm"}, {"date": "2012-03-31", "symbol": "ORLY", "fillingDate": "2012-05-10", "acceptedDate": "2012-05-10 16:31:32", "period": "Q1", "revenue": 1529392000, "costOfRevenue": 767712000, "grossProfit": 761680000, "grossProfitRatio": 0.49802797451536296, "researchAndDevelopmentExpenses": 0.0, "generalAndAdministrativeExpenses": 514179000, "sellingAndMarketingExpenses": 0.0, "otherExpenses": -7709000.0, "operatingExpenses": 514179000, "costAndExpenses": 1281891000, "interestExpense": 0.0, "depreciationAndAmortization": 44250000, "ebitda": 291751000, "ebitdaratio": 0.190762734472, "operatingIncome": 247501000, "operatingIncomeRatio": 0.16182966826, "totalOtherIncomeExpensesNet": -7709000.0, "incomeBeforeTax": 239792000, "incomeBeforeTaxRatio": 0.156789103121, "incomeTaxExpense": 92300000, "netIncome": 147492000, "netIncomeRatio": 0.0964383232029, "eps": 1.16, "epsdiluted": 1.14, "weightedAverageShsOut": 126970000, "weightedAverageShsOutDil": 129327000, "link": "https://www.sec.gov/Archives/edgar/data/898173/000119312512225689/0001193125-12-225689-index.htm", "finalLink": "https://www.sec.gov/Archives/edgar/data/898173/000119312512225689/d349957d10q.htm"}, {"date": "2011-12-31", "symbol": "ORLY", "fillingDate": "2012-02-28", "acceptedDate": "2012-02-28 16:33:21", "period": "FY", "revenue": 1391307000, "costOfRevenue": 696610000, "grossProfit": 694697000, "grossProfitRatio": 0.4993125169355146, "researchAndDevelopmentExpenses": 0.0, "generalAndAdministrativeExpenses": 490584000, "sellingAndMarketingExpenses": 0.0, "otherExpenses": -9323000.0, "operatingExpenses": 490584000, "costAndExpenses": 1187194000, "interestExpense": 0.0, "depreciationAndAmortization": 43564000, "ebitda": 250475000, "ebitdaratio": 0.180028563071, "operatingIncome": 206911000, "operatingIncomeRatio": 0.148716997758, "totalOtherIncomeExpensesNet": -9323000.0, "incomeBeforeTax": 197588000, "incomeBeforeTaxRatio": 0.142016104282, "incomeTaxExpense": 74600000, "netIncome": 122988000, "netIncomeRatio": 0.0883974564923, "eps": 0.96, "epsdiluted": 0.95, "weightedAverageShsOut": 134667000, "weightedAverageShsOutDil": 136983000, "link": "https://www.sec.gov/Archives/edgar/data/898173/000119312512085384/0001193125-12-085384-index.htm", "finalLink": "https://www.sec.gov/Archives/edgar/data/898173/000119312512085384/d307773d10k.htm"}, {"date": "2011-09-30", "symbol": "ORLY", "fillingDate": "2011-11-08", "acceptedDate": "2011-11-08 16:30:43", "period": "Q3", "revenue": 1535453000, "costOfRevenue": 781243000, "grossProfit": 754210000, "grossProfitRatio": 0.4911970604114877, "researchAndDevelopmentExpenses": 0.0, "generalAndAdministrativeExpenses": 513160000, "sellingAndMarketingExpenses": 0.0, "otherExpenses": -6021000.0, "operatingExpenses": 513160000, "costAndExpenses": 1294403000, "interestExpense": 0.0, "depreciationAndAmortization": 43307000, "ebitda": 284357000, "ebitdaratio": 0.185194206531, "operatingIncome": 241050000, "operatingIncomeRatio": 0.156989500818, "totalOtherIncomeExpensesNet": -6021000.0, "incomeBeforeTax": 235029000, "incomeBeforeTaxRatio": 0.153068182484, "incomeTaxExpense": 86590000, "netIncome": 148439000, "netIncomeRatio": 0.0966744016261, "eps": 1.11, "epsdiluted": 1.09, "weightedAverageShsOut": 136895000, "weightedAverageShsOutDil": 139183000, "link": "https://www.sec.gov/Archives/edgar/data/898173/000119312511302235/0001193125-11-302235-index.htm", "finalLink": "https://www.sec.gov/Archives/edgar/data/898173/000119312511302235/d251990d10q.htm"}, {"date": "2011-06-30", "symbol": "ORLY", "fillingDate": "2011-08-08", "acceptedDate": "2011-08-08 16:30:54", "period": "Q2", "revenue": 1479318000, "costOfRevenue": 760657000, "grossProfit": 718661000, "grossProfitRatio": 0.48580562123897636, "researchAndDevelopmentExpenses": 0.0, "generalAndAdministrativeExpenses": 496293000, "sellingAndMarketingExpenses": 0.0, "otherExpenses": -5386000.0, "operatingExpenses": 496293000, "costAndExpenses": 1256950000, "interestExpense": 0.0, "depreciationAndAmortization": 41676000, "ebitda": 264044000, "ebitdaratio": 0.178490358395, "operatingIncome": 222368000, "operatingIncomeRatio": 0.15031791677, "totalOtherIncomeExpensesNet": -5386000.0, "incomeBeforeTax": 216982000, "incomeBeforeTaxRatio": 0.14667704983, "incomeTaxExpense": 83210000, "netIncome": 133772000, "netIncomeRatio": 0.0904281567587, "eps": 0.97, "epsdiluted": 0.95, "weightedAverageShsOut": 138982000, "weightedAverageShsOutDil": 141289000, "link": "https://www.sec.gov/Archives/edgar/data/898173/000119312511214296/0001193125-11-214296-index.htm", "finalLink": "https://www.sec.gov/Archives/edgar/data/898173/000119312511214296/d10q.htm"}, {"date": "2011-03-31", "symbol": "ORLY", "fillingDate": "2011-05-09", "acceptedDate": "2011-05-09 16:31:53", "period": "Q1", "revenue": 1382738000, "costOfRevenue": 712957000, "grossProfit": 669781000, "grossProfitRatio": 0.4843874978484717, "researchAndDevelopmentExpenses": 0.0, "generalAndAdministrativeExpenses": 473344000, "sellingAndMarketingExpenses": 0.0, "otherExpenses": -30263000, "operatingExpenses": 473344000, "costAndExpenses": 1186301000, "interestExpense": 0.0, "depreciationAndAmortization": 39130000, "ebitda": 235567000, "ebitdaratio": 0.170362715135, "operatingIncome": 196437000, "operatingIncomeRatio": 0.14206378938, "totalOtherIncomeExpensesNet": -30263000, "incomeBeforeTax": 166174000, "incomeBeforeTaxRatio": 0.120177502896, "incomeTaxExpense": 63700000, "netIncome": 102474000, "netIncomeRatio": 0.0741094842262, "eps": 0.73, "epsdiluted": 0.72, "weightedAverageShsOut": 140579000, "weightedAverageShsOutDil": 142866000, "link": "https://www.sec.gov/Archives/edgar/data/898173/000119312511132393/0001193125-11-132393-index.htm", "finalLink": "https://www.sec.gov/Archives/edgar/data/898173/000119312511132393/d10q.htm"}, {"date": "2010-12-31", "symbol": "ORLY", "fillingDate": "2011-02-28", "acceptedDate": "2011-02-28 16:31:09", "period": "FY", "revenue": 1310330000, "costOfRevenue": 673733000, "grossProfit": 636597000, "grossProfitRatio": 0.48582952386040157, "researchAndDevelopmentExpenses": 0.0, "generalAndAdministrativeExpenses": 472461000, "sellingAndMarketingExpenses": 0.0, "otherExpenses": 5124000.0, "operatingExpenses": 472461000, "costAndExpenses": 1146194000, "interestExpense": 0.0, "depreciationAndAmortization": 170708000, "ebitda": 334844000, "ebitdaratio": 0.255541733762, "operatingIncome": 164136000, "operatingIncomeRatio": 0.125263101661, "totalOtherIncomeExpensesNet": 5124000.0, "incomeBeforeTax": 169260000, "incomeBeforeTaxRatio": 0.129173566964, "incomeTaxExpense": 63500000, "netIncome": 105760000, "netIncomeRatio": 0.0807124922729, "eps": 0.75, "epsdiluted": 0.72, "weightedAverageShsOut": 138654000, "weightedAverageShsOutDil": 141992000, "link": "https://www.sec.gov/Archives/edgar/data/898173/000119312511049998/0001193125-11-049998-index.htm", "finalLink": "https://www.sec.gov/Archives/edgar/data/898173/000119312511049998/d10k.htm"}, {"date": "2010-09-30", "symbol": "ORLY", "fillingDate": "2010-11-08", "acceptedDate": "2010-11-08 16:30:55", "period": "Q3", "revenue": 4087195000, "costOfRevenue": 2102800000, "grossProfit": 1984395000, "grossProfitRatio": 0.48551512712263545, "researchAndDevelopmentExpenses": 0.0, "generalAndAdministrativeExpenses": 1414855000, "sellingAndMarketingExpenses": 0.0, "otherExpenses": -8839000.0, "operatingExpenses": 1414855000, "costAndExpenses": 3517655000, "interestExpense": 0.0, "depreciationAndAmortization": -83843000, "ebitda": 134876000, "ebitdaratio": 0.0329996489035, "operatingIncome": 218719000, "operatingIncomeRatio": 0.05351322851, "totalOtherIncomeExpensesNet": -8839000.0, "incomeBeforeTax": 190192000, "incomeBeforeTaxRatio": 0.046533625139, "incomeTaxExpense": 73650000, "netIncome": 116542000, "netIncomeRatio": 0.0285139319264, "eps": 0.84, "epsdiluted": 0.83, "weightedAverageShsOut": 138219000, "weightedAverageShsOutDil": 140874000, "link": "https://www.sec.gov/Archives/edgar/data/898173/000119312510252152/0001193125-10-252152-index.htm", "finalLink": "https://www.sec.gov/Archives/edgar/data/898173/000119312510252152/d10q.htm"}, {"date": "2010-06-30", "symbol": "ORLY", "fillingDate": "2010-08-05", "acceptedDate": "2010-08-05 14:07:53", "period": "Q2", "revenue": 1381241000, "costOfRevenue": 708608000, "grossProfit": 672633000, "grossProfitRatio": 0.4869772907117585, "researchAndDevelopmentExpenses": 0.0, "generalAndAdministrativeExpenses": 476469000, "sellingAndMarketingExpenses": 0.0, "otherExpenses": -9719000.0, "operatingExpenses": 476469000, "costAndExpenses": 1185077000, "interestExpense": 0.0, "depreciationAndAmortization": 41956000, "ebitda": 213401000, "ebitdaratio": 0.16153589417053216, "operatingIncome": 171445000, "operatingIncomeRatio": 0.1311603116327998, "totalOtherIncomeExpensesNet": -9719000.0, "incomeBeforeTax": 171445000, "incomeBeforeTaxRatio": 0.12412388569409682, "incomeTaxExpense": 71850000, "netIncome": 99595000, "netIncomeRatio": 0.0721054472029139, "eps": 0.72, "epsdiluted": 0.7, "weightedAverageShsOut": 137908000, "weightedAverageShsOutDil": 140418000, "link": "https://www.sec.gov/Archives/edgar/data/898173/000119312510179031/0001193125-10-179031-index.htm", "finalLink": "https://www.sec.gov/Archives/edgar/data/898173/000119312510179031/d10q.htm"}, {"date": "2010-03-31", "symbol": "ORLY", "fillingDate": "2010-05-07", "acceptedDate": "2010-05-07 16:51:43", "period": "Q1", "revenue": 1280067000, "costOfRevenue": 661720000, "grossProfit": 618347000, "grossProfitRatio": 0.4830583086666557, "researchAndDevelopmentExpenses": 0.0, "generalAndAdministrativeExpenses": 449902000, "sellingAndMarketingExpenses": 0.0, "otherExpenses": -9969000.0, "operatingExpenses": 449902000, "costAndExpenses": 1111622000, "interestExpense": 0.0, "depreciationAndAmortization": 41887000, "ebitda": 200363000, "ebitdaratio": 0.16431327422705216, "operatingIncome": 158476000, "operatingIncomeRatio": 0.13159076829572203, "totalOtherIncomeExpensesNet": -9969000.0, "incomeBeforeTax": 158476000, "incomeBeforeTaxRatio": 0.12380289469223095, "incomeTaxExpense": 61000000, "netIncome": 97476000, "netIncomeRatio": 0.07614913906850189, "eps": 0.71, "epsdiluted": 0.7, "weightedAverageShsOut": 137583000, "weightedAverageShsOutDil": 139612000, "link": "https://www.sec.gov/Archives/edgar/data/898173/000119312510113014/0001193125-10-113014-index.htm", "finalLink": "https://www.sec.gov/Archives/edgar/data/898173/000119312510113014/d10q.htm"}, {"date": "2009-12-31", "symbol": "ORLY", "fillingDate": "2010-02-26", "acceptedDate": "2010-02-26 16:37:34", "period": "FY", "revenue": 1173697000, "costOfRevenue": 604163000, "grossProfit": 569534000, "grossProfitRatio": 0.4852478961776336, "researchAndDevelopmentExpenses": 0.0, "generalAndAdministrativeExpenses": 444122000, "sellingAndMarketingExpenses": 0.0, "otherExpenses": -9439000.0, "operatingExpenses": 444122000, "costAndExpenses": 1048285000, "interestExpense": 11069000, "depreciationAndAmortization": 142912000, "ebitda": 268324000, "ebitdaratio": 0.22861436980753977, "operatingIncome": 125412000, "operatingIncomeRatio": 0.10685210919002093, "totalOtherIncomeExpensesNet": -9439000.0, "incomeBeforeTax": 115973000, "incomeBeforeTaxRatio": 0.09880999951435507, "incomeTaxExpense": 44050000, "netIncome": 71923000, "netIncomeRatio": 0.06127901834971036, "eps": 2.26, "epsdiluted": 2.26, "weightedAverageShsOut": 136230000, "weightedAverageShsOutDil": 136230000, "link": "https://www.sec.gov/Archives/edgar/data/898173/000119312510043016/0001193125-10-043016-index.htm", "finalLink": "https://www.sec.gov/Archives/edgar/data/898173/000119312510043016/d10k.htm"}, {"date": "2009-09-30", "symbol": "ORLY", "fillingDate": "2009-11-06", "acceptedDate": "2009-11-06 15:59:56", "period": "Q3", "revenue": 1258239000, "costOfRevenue": 647684000, "grossProfit": 610555000, "grossProfitRatio": 0.48524564887910804, "researchAndDevelopmentExpenses": 0.0, "generalAndAdministrativeExpenses": 461359000, "sellingAndMarketingExpenses": 0.0, "otherExpenses": -9921000.0, "operatingExpenses": 461359000, "costAndExpenses": 1109043000, "interestExpense": 11086000, "depreciationAndAmortization": 0.0, "ebitda": 149196000, "ebitdaratio": 0.11857524683307384, "operatingIncome": 149196000, "operatingIncomeRatio": 0.11857524683307384, "totalOtherIncomeExpensesNet": -9921000.0, "incomeBeforeTax": 139275000, "incomeBeforeTaxRatio": 0.11069041732135151, "incomeTaxExpense": 52050000, "netIncome": 87225000, "netIncomeRatio": 0.06932307773006559, "eps": 1.73, "epsdiluted": 1.73, "weightedAverageShsOut": 135869000, "weightedAverageShsOutDil": 135869000, "link": "https://www.sec.gov/Archives/edgar/data/898173/000119312509227489/0001193125-09-227489-index.htm", "finalLink": "https://www.sec.gov/Archives/edgar/data/898173/000119312509227489/d10q.htm"}, {"date": "2009-06-30", "symbol": "ORLY", "fillingDate": "2009-08-07", "acceptedDate": "2009-08-07 17:09:56", "period": "Q2", "revenue": 1251377000, "costOfRevenue": 647608000, "grossProfit": 603769000, "grossProfitRatio": 0.48248369596052987, "researchAndDevelopmentExpenses": 0.0, "generalAndAdministrativeExpenses": 454094000, "sellingAndMarketingExpenses": 0.0, "otherExpenses": -10210000, "operatingExpenses": 454094000, "costAndExpenses": 1101702000, "interestExpense": 10961000, "depreciationAndAmortization": 0.0, "ebitda": 149675000, "ebitdaratio": 0.11960823956329707, "operatingIncome": 149675000, "operatingIncomeRatio": 0.11960823956329707, "totalOtherIncomeExpensesNet": -21361000, "incomeBeforeTax": 139465000, "incomeBeforeTaxRatio": 0.1114492275309519, "incomeTaxExpense": 53950000, "netIncome": 85515000, "netIncomeRatio": 0.06833672026895173, "eps": 1.1, "epsdiluted": 1.1, "weightedAverageShsOut": 135410000, "weightedAverageShsOutDil": 135410000, "link": "https://www.sec.gov/Archives/edgar/data/898173/000119312509169249/0001193125-09-169249-index.htm", "finalLink": "https://www.sec.gov/Archives/edgar/data/898173/000119312509169249/d10q.htm"}, {"date": "2009-03-31", "symbol": "ORLY", "fillingDate": "2009-05-11", "acceptedDate": "2009-05-11 15:04:27", "period": "Q1", "revenue": 1163749000, "costOfRevenue": 621079000, "grossProfit": 542670000, "grossProfitRatio": 0.466311893715913, "researchAndDevelopmentExpenses": 0.0, "generalAndAdministrativeExpenses": 429334000, "sellingAndMarketingExpenses": 0.0, "otherExpenses": -11151000, "operatingExpenses": 429334000, "costAndExpenses": 1050413000, "interestExpense": 12060000, "depreciationAndAmortization": 0.0, "ebitda": 113336000, "ebitdaratio": 0.0973886980783657, "operatingIncome": 113336000, "operatingIncomeRatio": 0.0973886980783657, "totalOtherIncomeExpensesNet": 0.0, "incomeBeforeTax": 102185000, "incomeBeforeTaxRatio": 0.08780673495745217, "incomeTaxExpense": 39350000, "netIncome": 62835000, "netIncomeRatio": 0.05399360171308418, "eps": 0.47, "epsdiluted": 0.47, "weightedAverageShsOut": 135043000, "weightedAverageShsOutDil": 135043000, "link": "https://www.sec.gov/Archives/edgar/data/898173/000119312509106959/0001193125-09-106959-index.htm", "finalLink": "https://www.sec.gov/Archives/edgar/data/898173/000119312509106959/d10q.htm"}, {"date": "2008-12-31", "symbol": "ORLY", "fillingDate": "2009-03-02", "acceptedDate": "2009-02-27 20:47:48", "period": "FY", "revenue": 1114631000, "costOfRevenue": 599502000, "grossProfit": 515129000, "grossProfitRatio": 0.46215204852547614, "researchAndDevelopmentExpenses": 0.0, "generalAndAdministrativeExpenses": 434527000, "sellingAndMarketingExpenses": 0.0, "otherExpenses": -33085000, "operatingExpenses": 434527000, "costAndExpenses": 1034029000, "interestExpense": 13068000, "depreciationAndAmortization": 107345000, "ebitda": 187947000, "ebitdaratio": 0.16861813461136466, "operatingIncome": 80602000, "operatingIncomeRatio": 0.07231272053262469, "totalOtherIncomeExpensesNet": -33085000, "incomeBeforeTax": 68614000, "incomeBeforeTaxRatio": 0.06155759170523698, "incomeTaxExpense": 25900000, "netIncome": 42714000, "netIncomeRatio": 0.03832120226334993, "eps": 1.5, "epsdiluted": 1.5, "weightedAverageShsOut": 124526000, "weightedAverageShsOutDil": 124526000, "link": "https://www.sec.gov/Archives/edgar/data/898173/000119312509041373/0001193125-09-041373-index.htm", "finalLink": "https://www.sec.gov/Archives/edgar/data/898173/000119312509041373/d10k.htm"}, {"date": "2008-09-30", "symbol": "ORLY", "fillingDate": "2008-11-10", "acceptedDate": "2008-11-10 16:05:12", "period": "Q3", "revenue": 1111272000, "costOfRevenue": 604066000, "grossProfit": 507206000, "grossProfitRatio": 0.45641931048384193, "researchAndDevelopmentExpenses": 0.0, "generalAndAdministrativeExpenses": 414735000, "sellingAndMarketingExpenses": 0.0, "otherExpenses": 0.0, "operatingExpenses": 414735000, "costAndExpenses": 1018801000, "interestExpense": 13070000, "depreciationAndAmortization": 0.0, "ebitda": 92471000, "ebitdaratio": 0.08321185092398621, "operatingIncome": 92471000, "operatingIncomeRatio": 0.08321185092398621, "totalOtherIncomeExpensesNet": -225000.0, "incomeBeforeTax": 71149000, "incomeBeforeTaxRatio": 0.06402482920473115, "incomeTaxExpense": 29750000, "netIncome": 41399000, "netIncomeRatio": 0.037253705663419935, "eps": 1.18, "epsdiluted": 1.18, "weightedAverageShsOut": 121133000, "weightedAverageShsOutDil": 121133000, "link": "https://www.sec.gov/Archives/edgar/data/898173/000110465908069707/0001104659-08-069707-index.htm", "finalLink": "https://www.sec.gov/Archives/edgar/data/898173/000110465908069707/a08-25815_110q.htm"}, {"date": "2008-06-30", "symbol": "ORLY", "fillingDate": "2008-08-11", "acceptedDate": "2008-08-11 14:22:01", "period": "Q2", "revenue": 704430000, "costOfRevenue": 387333000, "grossProfit": 317097000, "grossProfitRatio": 0.45014692730292577, "researchAndDevelopmentExpenses": 0.0, "generalAndAdministrativeExpenses": 228709000, "sellingAndMarketingExpenses": 0.0, "otherExpenses": -450000.0, "operatingExpenses": 228709000, "costAndExpenses": 616042000, "interestExpense": 0.0, "depreciationAndAmortization": 0.0, "ebitda": 88388000, "ebitdaratio": 0.1254744971111395, "operatingIncome": 88388000, "operatingIncomeRatio": 0.1254744971111395, "totalOtherIncomeExpensesNet": 225000.0, "incomeBeforeTax": 89063000, "incomeBeforeTaxRatio": 0.12643271865195974, "incomeTaxExpense": 33275000, "netIncome": 55788000, "netIncomeRatio": 0.07919594565819173, "eps": 0.88, "epsdiluted": 0.88, "weightedAverageShsOut": 115541000, "weightedAverageShsOutDil": 115541000, "link": "https://www.sec.gov/Archives/edgar/data/898173/000110465908051790/0001104659-08-051790-index.htm", "finalLink": "https://www.sec.gov/Archives/edgar/data/898173/000110465908051790/a08-19212_110q.htm"}, {"date": "2008-03-31", "symbol": "ORLY", "fillingDate": "2008-05-09", "acceptedDate": "2008-05-09 15:28:43", "period": "Q1", "revenue": 646220000, "costOfRevenue": 357726000, "grossProfit": 288494000, "grossProfitRatio": 0.4464331032775216, "researchAndDevelopmentExpenses": 0.0, "generalAndAdministrativeExpenses": 214338000, "sellingAndMarketingExpenses": 0.0, "otherExpenses": 450000.0, "operatingExpenses": 214338000, "costAndExpenses": 572064000, "interestExpense": 0.0, "depreciationAndAmortization": 0.0, "ebitda": 74156000, "ebitdaratio": 0.11475348952369162, "operatingIncome": 74156000, "operatingIncomeRatio": 0.11475348952369162, "totalOtherIncomeExpensesNet": 0.0, "incomeBeforeTax": 73706000, "incomeBeforeTaxRatio": 0.11405713224598434, "incomeTaxExpense": 27375000, "netIncome": 46331000, "netIncomeRatio": 0.07169539785212466, "eps": 0.4, "epsdiluted": 0.4, "weightedAverageShsOut": 115386000, "weightedAverageShsOutDil": 115386000, "link": "https://www.sec.gov/Archives/edgar/data/898173/000110465908031820/0001104659-08-031820-index.htm", "finalLink": "https://www.sec.gov/Archives/edgar/data/898173/000110465908031820/a08-13994_110q.htm"}, {"date": "2007-12-31", "symbol": "ORLY", "fillingDate": "2008-03-03", "acceptedDate": "2008-02-29 17:50:02", "period": "FY", "revenue": 604288000, "costOfRevenue": 333995000, "grossProfit": 270293000, "grossProfitRatio": 0.447291688731201, "researchAndDevelopmentExpenses": 0.0, "generalAndAdministrativeExpenses": 206608000, "sellingAndMarketingExpenses": 0.0, "otherExpenses": 810000.0, "operatingExpenses": 206608000, "costAndExpenses": 540603000, "interestExpense": 3723000.0, "depreciationAndAmortization": 78943000, "ebitda": 142628000, "ebitdaratio": 0.23602653039610252, "operatingIncome": 63685000, "operatingIncomeRatio": 0.10538849025630163, "totalOtherIncomeExpensesNet": 810000.0, "incomeBeforeTax": 64495000, "incomeBeforeTaxRatio": 0.10672891071806821, "incomeTaxExpense": 23900000, "netIncome": 40595000, "netIncomeRatio": 0.06717823289557297, "eps": 1.69, "epsdiluted": 1.69, "weightedAverageShsOut": 114667000, "weightedAverageShsOutDil": 114667000, "link": "https://www.sec.gov/Archives/edgar/data/898173/000089817308000015/0000898173-08-000015-index.htm", "finalLink": "https://www.sec.gov/Archives/edgar/data/898173/000089817308000015/form10k2007.htm"}, {"date": "2007-09-30", "symbol": "ORLY", "fillingDate": "2007-11-09", "acceptedDate": "2007-11-09 16:12:46", "period": "Q3", "revenue": 661778000, "costOfRevenue": 368077000, "grossProfit": 293701000, "grossProfitRatio": 0.44380592887645104, "researchAndDevelopmentExpenses": 0.0, "generalAndAdministrativeExpenses": 210985000, "sellingAndMarketingExpenses": 0.0, "otherExpenses": 756000.0, "operatingExpenses": 210985000, "costAndExpenses": 579062000, "interestExpense": 0.0, "depreciationAndAmortization": 0.0, "ebitda": 82716000, "ebitdaratio": 0.12499055574528013, "operatingIncome": 82716000, "operatingIncomeRatio": 0.12499055574528013, "totalOtherIncomeExpensesNet": 756000.0, "incomeBeforeTax": 83472000, "incomeBeforeTaxRatio": 0.1261329327961945, "incomeTaxExpense": 30385000, "netIncome": 53087000, "netIncomeRatio": 0.08021874405011953, "eps": 1.34, "epsdiluted": 1.34, "weightedAverageShsOut": 114508000, "weightedAverageShsOutDil": 114508000, "link": "https://www.sec.gov/Archives/edgar/data/898173/000089817307000079/0000898173-07-000079-index.htm", "finalLink": "https://www.sec.gov/Archives/edgar/data/898173/000089817307000079/form10q3q2007.htm"}, {"date": "2007-06-30", "symbol": "ORLY", "fillingDate": "2007-08-10", "acceptedDate": "2007-08-09 17:43:25", "period": "Q2", "revenue": 643108000, "costOfRevenue": 355923000, "grossProfit": 287185000, "grossProfitRatio": 0.44655796538062037, "researchAndDevelopmentExpenses": 0.0, "generalAndAdministrativeExpenses": 205627000, "sellingAndMarketingExpenses": 0.0, "otherExpenses": 761000.0, "operatingExpenses": 205627000, "costAndExpenses": 561550000, "interestExpense": 0.0, "depreciationAndAmortization": 0.0, "ebitda": 81558000, "ebitdaratio": 0.12681851259819502, "operatingIncome": 81558000, "operatingIncomeRatio": 0.12681851259819502, "totalOtherIncomeExpensesNet": 771000.0, "incomeBeforeTax": 82339000, "incomeBeforeTaxRatio": 0.128032927595365, "incomeTaxExpense": 30440000, "netIncome": 51899000, "netIncomeRatio": 0.08070028673255503, "eps": 0.88, "epsdiluted": 0.88, "weightedAverageShsOut": 114288000, "weightedAverageShsOutDil": 114288000, "link": "https://www.sec.gov/Archives/edgar/data/898173/000089817307000069/0000898173-07-000069-index.htm", "finalLink": "https://www.sec.gov/Archives/edgar/data/898173/000089817307000069/form10q2q2007.htm"}, {"date": "2007-03-31", "symbol": "ORLY", "fillingDate": "2007-05-10", "acceptedDate": "2007-05-10 17:01:42", "period": "Q1", "revenue": 613145000, "costOfRevenue": 343864000, "grossProfit": 269281000, "grossProfitRatio": 0.43917996558725914, "researchAndDevelopmentExpenses": 0.0, "generalAndAdministrativeExpenses": 192089000, "sellingAndMarketingExpenses": 0.0, "otherExpenses": 10000.0, "operatingExpenses": 192089000, "costAndExpenses": 535953000, "interestExpense": 0.0, "depreciationAndAmortization": 0.0, "ebitda": 77192000, "ebitdaratio": 0.125895179769875, "operatingIncome": 77192000, "operatingIncomeRatio": 0.125895179769875, "totalOtherIncomeExpensesNet": 0.0, "incomeBeforeTax": 77182000, "incomeBeforeTaxRatio": 0.125878870414013, "incomeTaxExpense": 28775000, "netIncome": 48407000, "netIncomeRatio": 0.07894869892113611, "eps": 0.42, "epsdiluted": 0.42, "weightedAverageShsOut": 113936000, "weightedAverageShsOutDil": 113936000, "link": "https://www.sec.gov/Archives/edgar/data/898173/000089817307000050/0000898173-07-000050-index.htm", "finalLink": "https://www.sec.gov/Archives/edgar/data/898173/000089817307000050/form10q1q2007.htm"}, {"date": "2006-12-31", "symbol": "ORLY", "fillingDate": "2007-03-01", "acceptedDate": "2007-03-01 14:33:00", "period": "FY", "revenue": 558332000, "costOfRevenue": 309303000, "grossProfit": 249029000, "grossProfitRatio": 0.4460231546821604, "researchAndDevelopmentExpenses": 0.0, "generalAndAdministrativeExpenses": 185000000, "sellingAndMarketingExpenses": 0.0, "otherExpenses": -32000.0, "operatingExpenses": 185000000, "costAndExpenses": 494303000, "interestExpense": 4322000.0, "depreciationAndAmortization": 64938000, "ebitda": 128967000, "ebitdaratio": 0.23098622325068238, "operatingIncome": 64029000, "operatingIncomeRatio": 0.1146790798306384, "totalOtherIncomeExpensesNet": -32000.0, "incomeBeforeTax": 63997000, "incomeBeforeTaxRatio": 0.11462176626093436, "incomeTaxExpense": 23645000, "netIncome": 40352000, "netIncomeRatio": 0.07227241139680333, "eps": 1.57, "epsdiluted": 1.57, "weightedAverageShsOut": 113253000, "weightedAverageShsOutDil": 113253000, "link": "https://www.sec.gov/Archives/edgar/data/898173/000089817307000024/0000898173-07-000024-index.htm", "finalLink": "https://www.sec.gov/Archives/edgar/data/898173/000089817307000024/form10k2006.htm"}, {"date": "2006-09-30", "symbol": "ORLY", "fillingDate": "2006-11-08", "acceptedDate": "2006-11-08 16:19:26", "period": "Q3", "revenue": 597144000, "costOfRevenue": 333818000, "grossProfit": 263326000, "grossProfitRatio": 0.4409757110512707, "researchAndDevelopmentExpenses": 0.0, "generalAndAdministrativeExpenses": 188242000, "sellingAndMarketingExpenses": 0.0, "otherExpenses": 272000.0, "operatingExpenses": 188242000, "costAndExpenses": 522060000, "interestExpense": 0.0, "depreciationAndAmortization": 0.0, "ebitda": 75084000, "ebitdaratio": 0.125738515332985, "operatingIncome": 75084000, "operatingIncomeRatio": 0.125738515332985, "totalOtherIncomeExpensesNet": 272000.0, "incomeBeforeTax": 75356000, "incomeBeforeTaxRatio": 0.12619401685355627, "incomeTaxExpense": 27500000, "netIncome": 47856000, "netIncomeRatio": 0.08014147341344802, "eps": 1.22, "epsdiluted": 1.22, "weightedAverageShsOut": 113084000, "weightedAverageShsOutDil": 113084000, "link": "https://www.sec.gov/Archives/edgar/data/898173/000089817306000068/0000898173-06-000068-index.htm", "finalLink": "https://www.sec.gov/Archives/edgar/data/898173/000089817306000068/thirdqtr10q2006.htm"}, {"date": "2006-06-30", "symbol": "ORLY", "fillingDate": "2006-08-09", "acceptedDate": "2006-08-09 09:34:43", "period": "Q2", "revenue": 591199000, "costOfRevenue": 330271000, "grossProfit": 260928000, "grossProfitRatio": 0.4413539265120543, "researchAndDevelopmentExpenses": 0.0, "generalAndAdministrativeExpenses": 182692000, "sellingAndMarketingExpenses": 0.0, "otherExpenses": 162000.0, "operatingExpenses": 182692000, "costAndExpenses": 512963000, "interestExpense": 0.0, "depreciationAndAmortization": 0.0, "ebitda": 78236000, "ebitdaratio": 0.13233445929374035, "operatingIncome": 78236000, "operatingIncomeRatio": 0.13233445929374035, "totalOtherIncomeExpensesNet": -290000.0, "incomeBeforeTax": 78398000, "incomeBeforeTaxRatio": 0.13260847870175693, "incomeTaxExpense": 29085000, "netIncome": 49313000, "netIncomeRatio": 0.08341184609581545, "eps": 0.8, "epsdiluted": 0.8, "weightedAverageShsOut": 112890000, "weightedAverageShsOutDil": 112890000, "link": "https://www.sec.gov/Archives/edgar/data/898173/000089817306000061/0000898173-06-000061-index.htm", "finalLink": "https://www.sec.gov/Archives/edgar/data/898173/000089817306000061/secqtr10q2006.htm"}, {"date": "2006-03-31", "symbol": "ORLY", "fillingDate": "2006-05-10", "acceptedDate": "2006-05-09 18:12:20", "period": "Q1", "revenue": 536547000, "costOfRevenue": 303119000, "grossProfit": 233428000, "grossProfitRatio": 0.4350560155960242, "researchAndDevelopmentExpenses": 0.0, "generalAndAdministrativeExpenses": 168462000, "sellingAndMarketingExpenses": 0.0, "otherExpenses": -452000.0, "operatingExpenses": 168462000, "costAndExpenses": 471581000, "interestExpense": 0.0, "depreciationAndAmortization": 0.0, "ebitda": 64966000, "ebitdaratio": 0.1210816573384997, "operatingIncome": 64966000, "operatingIncomeRatio": 0.1210816573384997, "totalOtherIncomeExpensesNet": 0.0, "incomeBeforeTax": 64514000, "incomeBeforeTaxRatio": 0.12023923346882938, "incomeTaxExpense": 23950000, "netIncome": 40564000, "netIncomeRatio": 0.07560195099404153, "eps": 0.36, "epsdiluted": 0.36, "weightedAverageShsOut": 112523000, "weightedAverageShsOutDil": 112523000, "link": "https://www.sec.gov/Archives/edgar/data/898173/000089817306000044/0000898173-06-000044-index.htm", "finalLink": "https://www.sec.gov/Archives/edgar/data/898173/000089817306000044/firstqtr10q.htm"}, {"date": "2005-12-31", "symbol": "ORLY", "fillingDate": "2006-03-15", "acceptedDate": "2006-03-15 11:11:30", "period": "FY", "revenue": 514964000, "costOfRevenue": 283516000, "grossProfit": 231448000, "grossProfitRatio": 0.44944500974825424, "researchAndDevelopmentExpenses": 0.0, "generalAndAdministrativeExpenses": 168217000, "sellingAndMarketingExpenses": 0.0, "otherExpenses": -421000.0, "operatingExpenses": 168217000, "costAndExpenses": 451733000, "interestExpense": 5062000.0, "depreciationAndAmortization": 57228000, "ebitda": 120459000, "ebitdaratio": 0.23391732237593307, "operatingIncome": 63231000, "operatingIncomeRatio": 0.12278722396128662, "totalOtherIncomeExpensesNet": -1455000.0, "incomeBeforeTax": 62810000, "incomeBeforeTaxRatio": 0.12196969108520207, "incomeTaxExpense": 23303000, "netIncome": 39507000, "netIncomeRatio": 0.0767179841697672, "eps": 1.47, "epsdiluted": 1.47, "weightedAverageShsOut": 111613000, "weightedAverageShsOutDil": 111613000, "link": "https://www.sec.gov/Archives/edgar/data/898173/000089817306000027/0000898173-06-000027-index.htm", "finalLink": "https://www.sec.gov/Archives/edgar/data/898173/000089817306000027/form105k2005.htm"}]