[{"date": "2020-03-29", "symbol": "SBUX", "fillingDate": "2020-04-28", "acceptedDate": "2020-04-28 16:53:56", "period": "Q2", "revenue": 4765900000, "costOfRevenue": 1997800000, "grossProfit": 2768100000, "grossProfitRatio": 0.5808136973079586, "researchAndDevelopmentExpenses": 0, "generalAndAdministrativeExpenses": 406500000, "sellingAndMarketingExpenses": 0, "otherExpenses": 2816300000, "operatingExpenses": 3222800000, "costAndExpenses": 5576300000, "interestExpense": 99200000, "depreciationAndAmortization": 377700000, "ebitda": 865100000, "ebitdaratio": 0.181518705806, "operatingIncome": 487400000, "operatingIncomeRatio": 0.102268196983, "totalOtherIncomeExpensesNet": 3000000, "incomeBeforeTax": 390300000, "incomeBeforeTaxRatio": 0.0818942906901, "incomeTaxExpense": 65500000, "netIncome": 328400000, "netIncomeRatio": 0.0689061877085, "eps": 0.28, "epsdiluted": 0.28, "weightedAverageShsOut": 1176100000, "weightedAverageShsOutDil": 1185800000, "link": "https://www.sec.gov/Archives/edgar/data/829224/000082922420000045/0000829224-20-000045-index.htm", "finalLink": "https://www.sec.gov/Archives/edgar/data/829224/000082922420000045/sbux-20200329.htm"}, {"date": "2019-12-29", "symbol": "SBUX", "fillingDate": "2020-01-28", "acceptedDate": "2020-01-28 16:58:14", "period": "Q1", "revenue": 5780700000, "costOfRevenue": 2236400000, "grossProfit": 3544300000, "grossProfitRatio": 0.6131264379746397, "researchAndDevelopmentExpenses": 0, "generalAndAdministrativeExpenses": 434200000, "sellingAndMarketingExpenses": 0, "otherExpenses": 2923300000, "operatingExpenses": 3357500000, "costAndExpenses": 5951200000, "interestExpense": 91900000, "depreciationAndAmortization": 369200000, "ebitda": 1589000000, "ebitdaratio": 0.274880204819, "operatingIncome": 1219800000, "operatingIncomeRatio": 0.211012507136, "totalOtherIncomeExpensesNet": 15000000, "incomeBeforeTax": 1143800000, "incomeBeforeTaxRatio": 0.19786531043, "incomeTaxExpense": 258500000, "netIncome": 885700000, "netIncomeRatio": 0.153216738457, "eps": 0.75, "epsdiluted": 0.74, "weightedAverageShsOut": 1180400000, "weightedAverageShsOutDil": 1191000000, "link": "https://www.sec.gov/Archives/edgar/data/829224/000082922420000012/0000829224-20-000012-index.htm", "finalLink": "https://www.sec.gov/Archives/edgar/data/829224/000082922420000012/sbux-20191229.htm"}, {"date": "2019-09-29", "symbol": "SBUX", "fillingDate": "2019-11-15", "acceptedDate": "2019-11-15 16:16:58", "period": "FY", "revenue": 6747000000, "costOfRevenue": 355800000, "grossProfit": 6391200000, "grossProfitRatio": 0.947265451311694, "researchAndDevelopmentExpenses": 0, "generalAndAdministrativeExpenses": 404900000, "sellingAndMarketingExpenses": 0, "otherExpenses": 4638200000, "operatingExpenses": 5043100000, "costAndExpenses": 5755600000, "interestExpense": 95700000, "depreciationAndAmortization": 365700000, "ebitda": 1449000000, "ebitdaratio": 0.214762116496, "operatingIncome": 1083300000, "operatingIncomeRatio": 0.160560249, "totalOtherIncomeExpensesNet": 16000000, "incomeBeforeTax": 1003900000, "incomeBeforeTaxRatio": 0.148792055728, "incomeTaxExpense": 201500000, "netIncome": 802800000, "netIncomeRatio": 0.118986216096, "eps": 0.68, "epsdiluted": 0.67, "weightedAverageShsOut": 1221200000, "weightedAverageShsOutDil": 1233200000, "link": "https://www.sec.gov/Archives/edgar/data/829224/000082922419000051/0000829224-19-000051-index.htm", "finalLink": "https://www.sec.gov/Archives/edgar/data/829224/000082922419000051/sbux-9292019x10xk.htm"}, {"date": "2019-06-30", "symbol": "SBUX", "fillingDate": "2019-07-30", "acceptedDate": "2019-07-30 16:45:22", "period": "Q3", "revenue": 6822900000, "costOfRevenue": 2808600000, "grossProfit": 4014300000, "grossProfitRatio": 0.588356857054918, "researchAndDevelopmentExpenses": 0, "generalAndAdministrativeExpenses": 480300000, "sellingAndMarketingExpenses": 0, "otherExpenses": 2108200000, "operatingExpenses": 2588500000, "costAndExpenses": 5777700000, "interestExpense": 86400000, "depreciationAndAmortization": 360100000, "ebitda": 1481300000, "ebitdaratio": 0.217107095223, "operatingIncome": 1121200000, "operatingIncomeRatio": 0.164328951033, "totalOtherIncomeExpensesNet": 41000000, "incomeBeforeTax": 1676900000, "incomeBeforeTaxRatio": 0.245775256856, "incomeTaxExpense": 303700000, "netIncome": 1372800000, "netIncomeRatio": 0.201204766302, "eps": 1.12, "epsdiluted": 1.11, "weightedAverageShsOut": 1230800000, "weightedAverageShsOutDil": 1242400000, "link": "https://www.sec.gov/Archives/edgar/data/829224/000082922419000036/0000829224-19-000036-index.htm", "finalLink": "https://www.sec.gov/Archives/edgar/data/829224/000082922419000036/sbux-6302019x10xq.htm"}, {"date": "2019-03-31", "symbol": "SBUX", "fillingDate": "2019-04-30", "acceptedDate": "2019-04-30 16:24:57", "period": "Q2", "revenue": 6306000000, "costOfRevenue": 2603800000, "grossProfit": 3702200000, "grossProfitRatio": 0.5870916587377101, "researchAndDevelopmentExpenses": 0, "generalAndAdministrativeExpenses": 475600000, "sellingAndMarketingExpenses": 0, "otherExpenses": 2032000000, "operatingExpenses": 2507600000, "costAndExpenses": 5510600000, "interestExpense": 73900000, "depreciationAndAmortization": 372700000, "ebitda": 1230400000, "ebitdaratio": 0.195115762766, "operatingIncome": 857700000, "operatingIncomeRatio": 0.136013320647, "totalOtherIncomeExpensesNet": 15000000, "incomeBeforeTax": 819900000, "incomeBeforeTaxRatio": 0.130019029496, "incomeTaxExpense": 161300000, "netIncome": 663000000, "netIncomeRatio": 0.105137963844, "eps": 0.54, "epsdiluted": 0.53, "weightedAverageShsOut": 1240600000, "weightedAverageShsOutDil": 1252100000, "link": "https://www.sec.gov/Archives/edgar/data/829224/000082922419000024/0000829224-19-000024-index.htm", "finalLink": "https://www.sec.gov/Archives/edgar/data/829224/000082922419000024/sbux-3312019x10xq.htm"}, {"date": "2018-12-30", "symbol": "SBUX", "fillingDate": "2019-01-29", "acceptedDate": "2019-01-29 17:04:40", "period": "Q1", "revenue": 6632700000, "costOfRevenue": 2758700000, "grossProfit": 3874000000, "grossProfitRatio": 0.5840758665400214, "researchAndDevelopmentExpenses": 0, "generalAndAdministrativeExpenses": 463300000, "sellingAndMarketingExpenses": 0, "otherExpenses": 2086200000, "operatingExpenses": 2549500000, "costAndExpenses": 5684800000, "interestExpense": 75000000, "depreciationAndAmortization": 350800000, "ebitda": 1366500000, "ebitdaratio": 0.206024695825, "operatingIncome": 1015700000, "operatingIncomeRatio": 0.153135223966, "totalOtherIncomeExpensesNet": 24000000, "incomeBeforeTax": 965500000, "incomeBeforeTaxRatio": 0.145566662144, "incomeTaxExpense": 205100000, "netIncome": 760600000, "netIncomeRatio": 0.114674265382, "eps": 0.61, "epsdiluted": 0.61, "weightedAverageShsOut": 1242000000, "weightedAverageShsOutDil": 1253400000, "link": "https://www.sec.gov/Archives/edgar/data/829224/000082922419000011/0000829224-19-000011-index.htm", "finalLink": "https://www.sec.gov/Archives/edgar/data/829224/000082922419000011/sbux-12302018x10xq.htm"}, {"date": "2018-09-30", "symbol": "SBUX", "fillingDate": "2018-11-16", "acceptedDate": "2018-11-16 16:44:31", "period": "FY", "revenue": 6303600000, "costOfRevenue": 2600800000, "grossProfit": 3702800000, "grossProfitRatio": 0.5874103686782156, "researchAndDevelopmentExpenses": 0, "generalAndAdministrativeExpenses": 505400000, "sellingAndMarketingExpenses": 0, "otherExpenses": 1956900000, "operatingExpenses": 2462300000, "costAndExpenses": 5434900000, "interestExpense": 63900000, "depreciationAndAmortization": 344400000, "ebitda": 1300800000, "ebitdaratio": 0.206358271464, "operatingIncome": 956400000, "operatingIncomeRatio": 0.151722825052, "totalOtherIncomeExpensesNet": 36000000, "incomeBeforeTax": 931600000, "incomeBeforeTaxRatio": 0.147788565264, "incomeTaxExpense": 175500000, "netIncome": 755500000, "netIncomeRatio": 0.119852147979, "eps": 0.58, "epsdiluted": 0.57, "weightedAverageShsOut": 1382700000, "weightedAverageShsOutDil": 1394600000, "link": "https://www.sec.gov/Archives/edgar/data/829224/000082922418000052/0000829224-18-000052-index.htm", "finalLink": "https://www.sec.gov/Archives/edgar/data/829224/000082922418000052/sbux-9302018x10xk.htm"}, {"date": "2018-07-01", "symbol": "SBUX", "fillingDate": "2018-07-31", "acceptedDate": "2018-07-31 16:18:00", "period": "Q3", "revenue": 6310400000, "costOfRevenue": 2554800000, "grossProfit": 3755600000, "grossProfitRatio": 0.595144523326572, "researchAndDevelopmentExpenses": 0, "generalAndAdministrativeExpenses": 468700000, "sellingAndMarketingExpenses": 0, "otherExpenses": 1973100000, "operatingExpenses": 2441800000, "costAndExpenses": 5343500000, "interestExpense": 45400000, "depreciationAndAmortization": 343900000, "ebitda": 1382200000, "ebitdaratio": 0.219035243408, "operatingIncome": 1038300000, "operatingIncomeRatio": 0.16453790568, "totalOtherIncomeExpensesNet": 32000000, "incomeBeforeTax": 1026900000, "incomeBeforeTaxRatio": 0.162731364097, "incomeTaxExpense": 174900000, "netIncome": 852500000, "netIncomeRatio": 0.135094447262, "eps": 0.62, "epsdiluted": 0.62, "weightedAverageShsOut": 1397700000, "weightedAverageShsOutDil": 1409900000, "link": "https://www.sec.gov/Archives/edgar/data/829224/000082922418000037/0000829224-18-000037-index.htm", "finalLink": "https://www.sec.gov/Archives/edgar/data/829224/000082922418000037/sbux-07012018x10xq.htm"}, {"date": "2018-04-01", "symbol": "SBUX", "fillingDate": "2018-05-01", "acceptedDate": "2018-05-01 16:14:34", "period": "Q2", "revenue": 6031800000, "costOfRevenue": 2516000000, "grossProfit": 3515800000, "grossProfitRatio": 0.5828774163599589, "researchAndDevelopmentExpenses": 0, "generalAndAdministrativeExpenses": 405800000, "sellingAndMarketingExpenses": 0, "otherExpenses": 1923900000, "operatingExpenses": 2329700000, "costAndExpenses": 5312000000, "interestExpense": 35100000, "depreciationAndAmortization": 345200000, "ebitda": 1117700000, "ebitdaratio": 0.185301236778, "operatingIncome": 772500000, "operatingIncomeRatio": 0.128071222521, "totalOtherIncomeExpensesNet": 35000000, "incomeBeforeTax": 815600000, "incomeBeforeTaxRatio": 0.135216684903, "incomeTaxExpense": 155800000, "netIncome": 660100000, "netIncomeRatio": 0.109436652409, "eps": 0.49, "epsdiluted": 0.48, "weightedAverageShsOut": 1407900000, "weightedAverageShsOutDil": 1420500000, "link": "https://www.sec.gov/Archives/edgar/data/829224/000082922418000022/0000829224-18-000022-index.htm", "finalLink": "https://www.sec.gov/Archives/edgar/data/829224/000082922418000022/sbux-04012018x10xq.htm"}, {"date": "2017-12-31", "symbol": "SBUX", "fillingDate": "2018-01-31", "acceptedDate": "2018-01-31 16:12:56", "period": "Q1", "revenue": 6073700000, "costOfRevenue": 2502900000, "grossProfit": 3570800000, "grossProfitRatio": 0.5879118165204077, "researchAndDevelopmentExpenses": 0, "generalAndAdministrativeExpenses": 379100000, "sellingAndMarketingExpenses": 0, "otherExpenses": 1878600000, "operatingExpenses": 2257700000, "costAndExpenses": 5047000000, "interestExpense": 25900000, "depreciationAndAmortization": 272400000, "ebitda": 1388500000, "ebitdaratio": 0.228608591139, "operatingIncome": 1116100000, "operatingIncomeRatio": 0.183759487627, "totalOtherIncomeExpensesNet": 88000000, "incomeBeforeTax": 3005900000, "incomeBeforeTaxRatio": 0.494904259348, "incomeTaxExpense": 755800000, "netIncome": 2250200000, "netIncomeRatio": 0.370482572402, "eps": 1.58, "epsdiluted": 1.57, "weightedAverageShsOut": 1421000000, "weightedAverageShsOutDil": 1434600000, "link": "https://www.sec.gov/Archives/edgar/data/829224/000082922418000009/0000829224-18-000009-index.htm", "finalLink": "https://www.sec.gov/Archives/edgar/data/829224/000082922418000009/sbux-12312017x10xq.htm"}, {"date": "2017-10-01", "symbol": "SBUX", "fillingDate": "2017-11-17", "acceptedDate": "2017-11-17 16:10:18", "period": "FY", "revenue": 5698300000, "costOfRevenue": 2352900000, "grossProfit": 3345400000, "grossProfitRatio": 0.5870873769369812, "researchAndDevelopmentExpenses": 0, "generalAndAdministrativeExpenses": 385100000, "sellingAndMarketingExpenses": 0, "otherExpenses": 1770900000, "operatingExpenses": 2156000000, "costAndExpenses": 4797600000, "interestExpense": 22300000, "depreciationAndAmortization": 270700000, "ebitda": 1293300000, "ebitdaratio": 0.226962427391, "operatingIncome": 1022600000, "operatingIncomeRatio": 0.179457031044, "totalOtherIncomeExpensesNet": 152000000, "incomeBeforeTax": 1151900000, "incomeBeforeTaxRatio": 0.202148009055, "incomeTaxExpense": 362500000, "netIncome": 788600000, "netIncomeRatio": 0.138392152045, "eps": 0.55, "epsdiluted": 0.54, "weightedAverageShsOut": 1449500000, "weightedAverageShsOutDil": 1461500000, "link": "https://www.sec.gov/Archives/edgar/data/829224/000082922417000049/0000829224-17-000049-index.htm", "finalLink": "https://www.sec.gov/Archives/edgar/data/829224/000082922417000049/sbux-1012017x10xk.htm"}, {"date": "2017-07-02", "symbol": "SBUX", "fillingDate": "2017-08-01", "acceptedDate": "2017-08-01 17:00:02", "period": "Q3", "revenue": 5661500000, "costOfRevenue": 2249100000, "grossProfit": 3412400000, "grossProfitRatio": 0.6027377903382496, "researchAndDevelopmentExpenses": 0, "generalAndAdministrativeExpenses": 325100000, "sellingAndMarketingExpenses": 0, "otherExpenses": 1771500000, "operatingExpenses": 2096600000, "costAndExpenses": 4718600000, "interestExpense": 23500000, "depreciationAndAmortization": 266600000, "ebitda": 1310400000, "ebitdaratio": 0.231458094145, "operatingIncome": 1043800000, "operatingIncomeRatio": 0.184368100327, "totalOtherIncomeExpensesNet": 31000000, "incomeBeforeTax": 1052000000, "incomeBeforeTaxRatio": 0.185816479732, "incomeTaxExpense": 361100000, "netIncome": 691200000, "netIncomeRatio": 0.122087785922, "eps": 0.47, "epsdiluted": 0.47, "weightedAverageShsOut": 1452800000, "weightedAverageShsOutDil": 1464900000, "link": "https://www.sec.gov/Archives/edgar/data/829224/000082922417000036/0000829224-17-000036-index.htm", "finalLink": "https://www.sec.gov/Archives/edgar/data/829224/000082922417000036/sbux-722017x10xq.htm"}, {"date": "2017-04-02", "symbol": "SBUX", "fillingDate": "2017-05-02", "acceptedDate": "2017-05-02 16:14:19", "period": "Q2", "revenue": 5294100000, "costOfRevenue": 2141200000, "grossProfit": 3152900000, "grossProfitRatio": 0.5955497629436542, "researchAndDevelopmentExpenses": 0, "generalAndAdministrativeExpenses": 326700000, "sellingAndMarketingExpenses": 0, "otherExpenses": 1721100000, "operatingExpenses": 2047800000, "costAndExpenses": 4442600000, "interestExpense": 22900000, "depreciationAndAmortization": 266600000, "ebitda": 1202300000, "ebitdaratio": 0.227101868117, "operatingIncome": 935700000, "operatingIncomeRatio": 0.17674392248, "totalOtherIncomeExpensesNet": 68000000, "incomeBeforeTax": 980700000, "incomeBeforeTaxRatio": 0.185243950813, "incomeTaxExpense": 327600000, "netIncome": 653100000, "netIncomeRatio": 0.123363744546, "eps": 0.45, "epsdiluted": 0.45, "weightedAverageShsOut": 1455300000, "weightedAverageShsOutDil": 1467700000, "link": "https://www.sec.gov/Archives/edgar/data/829224/000082922417000021/0000829224-17-000021-index.htm", "finalLink": "https://www.sec.gov/Archives/edgar/data/829224/000082922417000021/sbux-422017x10xq.htm"}, {"date": "2017-01-01", "symbol": "SBUX", "fillingDate": "2017-01-31", "acceptedDate": "2017-01-31 16:09:30", "period": "Q1", "revenue": 5732900000, "costOfRevenue": 2295000000, "grossProfit": 3437900000, "grossProfitRatio": 0.5996790455092537, "researchAndDevelopmentExpenses": 0, "generalAndAdministrativeExpenses": 356400000, "sellingAndMarketingExpenses": 0, "otherExpenses": 1783600000, "operatingExpenses": 2140000000, "costAndExpenses": 4684700000, "interestExpense": 23800000, "depreciationAndAmortization": 263200000, "ebitda": 1395800000, "ebitdaratio": 0.243471890317, "operatingIncome": 1132600000, "operatingIncomeRatio": 0.197561443597, "totalOtherIncomeExpensesNet": 24000000, "incomeBeforeTax": 1132900000, "incomeBeforeTaxRatio": 0.197613773134, "incomeTaxExpense": 381400000, "netIncome": 751800000, "netIncomeRatio": 0.131137818556, "eps": 0.52, "epsdiluted": 0.51, "weightedAverageShsOut": 1457500000, "weightedAverageShsOutDil": 1470500000, "link": "https://www.sec.gov/Archives/edgar/data/829224/000082922417000005/0000829224-17-000005-index.htm", "finalLink": "https://www.sec.gov/Archives/edgar/data/829224/000082922417000005/sbux-112017x10xq.htm"}, {"date": "2016-10-02", "symbol": "SBUX", "fillingDate": "2016-11-18", "acceptedDate": "2016-11-18 16:06:40", "period": "FY", "revenue": 5711200000, "costOfRevenue": 2254200000, "grossProfit": 3457000000, "grossProfitRatio": 0.6053018630060233, "researchAndDevelopmentExpenses": 0, "generalAndAdministrativeExpenses": 401200000, "sellingAndMarketingExpenses": 0, "otherExpenses": 1684400000, "operatingExpenses": 2085600000, "costAndExpenses": 4589700000, "interestExpense": 24700000, "depreciationAndAmortization": 261900000, "ebitda": 1489300000, "ebitdaratio": 0.26076831489, "operatingIncome": 1227400000, "operatingIncomeRatio": 0.214911051968, "totalOtherIncomeExpensesNet": 13000000, "incomeBeforeTax": 1215200000, "incomeBeforeTaxRatio": 0.212774898445, "incomeTaxExpense": 413500000, "netIncome": 800900000, "netIncomeRatio": 0.140233225942, "eps": 0.54, "epsdiluted": 0.55, "weightedAverageShsOut": 1471600000, "weightedAverageShsOutDil": 1486700000, "link": "https://www.sec.gov/Archives/edgar/data/829224/000082922416000083/0000829224-16-000083-index.htm", "finalLink": "https://www.sec.gov/Archives/edgar/data/829224/000082922416000083/sbux-1022016x10xk.htm"}, {"date": "2016-06-26", "symbol": "SBUX", "fillingDate": "2016-07-27", "acceptedDate": "2016-07-27 16:33:28", "period": "Q3", "revenue": 5237900000, "costOfRevenue": 2060400000, "grossProfit": 3177500000, "grossProfitRatio": 0.6066362473510376, "researchAndDevelopmentExpenses": 0, "generalAndAdministrativeExpenses": 323400000, "sellingAndMarketingExpenses": 0, "otherExpenses": 1666900000, "operatingExpenses": 1990300000, "costAndExpenses": 4298300000, "interestExpense": 21800000, "depreciationAndAmortization": 258900000, "ebitda": 1281100000, "ebitdaratio": 0.24458275263, "operatingIncome": 1022200000, "operatingIncomeRatio": 0.195154546669, "totalOtherIncomeExpensesNet": 73000000, "incomeBeforeTax": 1073400000, "incomeBeforeTaxRatio": 0.204929456462, "incomeTaxExpense": 318800000, "netIncome": 754200000, "netIncomeRatio": 0.143989003226, "eps": 0.52, "epsdiluted": 0.51, "weightedAverageShsOut": 1474400000, "weightedAverageShsOutDil": 1489700000, "link": "https://www.sec.gov/Archives/edgar/data/829224/000082922416000074/0000829224-16-000074-index.htm", "finalLink": "https://www.sec.gov/Archives/edgar/data/829224/000082922416000074/sbux-6262016x10xq.htm"}, {"date": "2016-03-27", "symbol": "SBUX", "fillingDate": "2016-04-26", "acceptedDate": "2016-04-26 16:07:55", "period": "Q2", "revenue": 4993300000, "costOfRevenue": 2010300000, "grossProfit": 2983000000, "grossProfitRatio": 0.5974005166923678, "researchAndDevelopmentExpenses": 0, "generalAndAdministrativeExpenses": 330500000, "sellingAndMarketingExpenses": 0, "otherExpenses": 1606000000, "operatingExpenses": 1936500000, "costAndExpenses": 4194600000, "interestExpense": 18300000, "depreciationAndAmortization": 262000000, "ebitda": 1126300000, "ebitdaratio": 0.22556225342, "operatingIncome": 864300000, "operatingIncomeRatio": 0.173091943204, "totalOtherIncomeExpensesNet": 14000000, "incomeBeforeTax": 860400000, "incomeBeforeTaxRatio": 0.172310896601, "incomeTaxExpense": 285500000, "netIncome": 575000000, "netIncomeRatio": 0.115154306771, "eps": 0.39, "epsdiluted": 0.38, "weightedAverageShsOut": 1479000000, "weightedAverageShsOutDil": 1495000000, "link": "https://www.sec.gov/Archives/edgar/data/829224/000082922416000062/0000829224-16-000062-index.htm", "finalLink": "https://www.sec.gov/Archives/edgar/data/829224/000082922416000062/sbux-3272016x10xq.htm"}, {"date": "2015-12-27", "symbol": "SBUX", "fillingDate": "2016-01-26", "acceptedDate": "2016-01-26 16:08:20", "period": "Q1", "revenue": 5373500000, "costOfRevenue": 2186200000, "grossProfit": 3187300000, "grossProfitRatio": 0.5931515771843305, "researchAndDevelopmentExpenses": 0, "generalAndAdministrativeExpenses": 305500000, "sellingAndMarketingExpenses": 0, "otherExpenses": 1652400000, "operatingExpenses": 1957900000, "costAndExpenses": 4379600000, "interestExpense": 16500000, "depreciationAndAmortization": 247300000, "ebitda": 1305300000, "ebitdaratio": 0.242914301666, "operatingIncome": 1058000000, "operatingIncomeRatio": 0.19689215595, "totalOtherIncomeExpensesNet": 8000000, "incomeBeforeTax": 1049600000, "incomeBeforeTaxRatio": 0.195328929003, "incomeTaxExpense": 361900000, "netIncome": 687600000, "netIncomeRatio": 0.127961291523, "eps": 0.46, "epsdiluted": 0.46, "weightedAverageShsOut": 1485900000, "weightedAverageShsOutDil": 1503300000, "link": "https://www.sec.gov/Archives/edgar/data/829224/000082922416000049/0000829224-16-000049-index.htm", "finalLink": "https://www.sec.gov/Archives/edgar/data/829224/000082922416000049/sbux-12272015x10q.htm"}, {"date": "2015-09-27", "symbol": "SBUX", "fillingDate": "2015-11-12", "acceptedDate": "2015-11-12 16:26:50", "period": "FY", "revenue": 4914800000, "costOfRevenue": 1982600000, "grossProfit": 2932200000, "grossProfitRatio": 0.5966061691218361, "researchAndDevelopmentExpenses": 0, "generalAndAdministrativeExpenses": 303900000, "sellingAndMarketingExpenses": 0, "otherExpenses": 1506500000, "operatingExpenses": 1810400000, "costAndExpenses": 4027300000, "interestExpense": 18200000, "depreciationAndAmortization": 240500000, "ebitda": 1209900000, "ebitdaratio": 0.246174818914, "operatingIncome": 969400000, "operatingIncomeRatio": 0.197240986408, "totalOtherIncomeExpensesNet": 7000000, "incomeBeforeTax": 896500000, "incomeBeforeTaxRatio": 0.182408236347, "incomeTaxExpense": 244000000, "netIncome": 652500000, "netIncomeRatio": 0.132762269065, "eps": 0.44, "epsdiluted": 0.43, "weightedAverageShsOut": 1495900000, "weightedAverageShsOutDil": 1513400000, "link": "https://www.sec.gov/Archives/edgar/data/829224/000082922415000038/0000829224-15-000038-index.htm", "finalLink": "https://www.sec.gov/Archives/edgar/data/829224/000082922415000038/sbux-9272015x10k.htm"}, {"date": "2015-06-28", "symbol": "SBUX", "fillingDate": "2015-07-28", "acceptedDate": "2015-07-28 17:23:17", "period": "Q3", "revenue": 4881100000, "costOfRevenue": 1953900000, "grossProfit": 2927200000, "grossProfitRatio": 0.599700887095122, "researchAndDevelopmentExpenses": 0, "generalAndAdministrativeExpenses": 288500000, "sellingAndMarketingExpenses": 0, "otherExpenses": 1524000000, "operatingExpenses": 1812500000, "costAndExpenses": 4002900000, "interestExpense": 19100000, "depreciationAndAmortization": 249100000, "ebitda": 1187600000, "ebitdaratio": 0.243305812214, "operatingIncome": 938500000, "operatingIncomeRatio": 0.192272233718, "totalOtherIncomeExpensesNet": 25000000, "incomeBeforeTax": 944900000, "incomeBeforeTaxRatio": 0.193583413575, "incomeTaxExpense": 318500000, "netIncome": 626600000, "netIncomeRatio": 0.128372702874, "eps": 0.41, "epsdiluted": 0.42, "weightedAverageShsOut": 1499300000, "weightedAverageShsOutDil": 1516300000, "link": "https://www.sec.gov/Archives/edgar/data/829224/000082922415000029/0000829224-15-000029-index.htm", "finalLink": "https://www.sec.gov/Archives/edgar/data/829224/000082922415000029/sbux-6282015x10q.htm"}, {"date": "2015-03-29", "symbol": "SBUX", "fillingDate": "2015-04-28", "acceptedDate": "2015-04-28 17:26:33", "period": "Q2", "revenue": 4563600000, "costOfRevenue": 1859800000, "grossProfit": 2703800000, "grossProfitRatio": 0.5924708563414848, "researchAndDevelopmentExpenses": 0, "generalAndAdministrativeExpenses": 305900000, "sellingAndMarketingExpenses": 0, "otherExpenses": 1458100000, "operatingExpenses": 1764000000, "costAndExpenses": 3840900000, "interestExpense": 16900000, "depreciationAndAmortization": 227900000, "ebitda": 1005500000, "ebitdaratio": 0.22033044088, "operatingIncome": 777600000, "operatingIncomeRatio": 0.170391795951, "totalOtherIncomeExpensesNet": 2000000, "incomeBeforeTax": 762100000, "incomeBeforeTaxRatio": 0.166995354545, "incomeTaxExpense": 266200000, "netIncome": 495200000, "netIncomeRatio": 0.108510824787, "eps": -0.32, "epsdiluted": -0.33, "weightedAverageShsOut": 1499700000, "weightedAverageShsOutDil": 1516700000, "link": "https://www.sec.gov/Archives/edgar/data/829224/000082922415000017/0000829224-15-000017-index.htm", "finalLink": "https://www.sec.gov/Archives/edgar/data/829224/000082922415000017/sbux-3292015x10q.htm"}, {"date": "2014-12-28", "symbol": "SBUX", "fillingDate": "2015-01-27", "acceptedDate": "2015-01-27 16:09:01", "period": "Q1", "revenue": 4803200000, "costOfRevenue": 1991200000, "grossProfit": 2812000000, "grossProfitRatio": 0.5854430379746836, "researchAndDevelopmentExpenses": 0, "generalAndAdministrativeExpenses": 298400000, "sellingAndMarketingExpenses": 0, "otherExpenses": 1444900000, "operatingExpenses": 1743300000, "costAndExpenses": 3940500000, "interestExpense": 16300000, "depreciationAndAmortization": 216300000, "ebitda": 1131800000, "ebitdaratio": 0.235634576949, "operatingIncome": 915500000, "operatingIncomeRatio": 0.190602098601, "totalOtherIncomeExpensesNet": 9000000, "incomeBeforeTax": 1299500000, "incomeBeforeTaxRatio": 0.270548800799, "incomeTaxExpense": 315000000, "netIncome": 983100000, "netIncomeRatio": 0.2046760493, "eps": 1.31, "epsdiluted": 1.3, "weightedAverageShsOut": 749400000, "weightedAverageShsOutDil": 758400000, "link": "https://www.sec.gov/Archives/edgar/data/829224/000082922415000006/0000829224-15-000006-index.htm", "finalLink": "https://www.sec.gov/Archives/edgar/data/829224/000082922415000006/sbux-12282014x10q.htm"}, {"date": "2014-09-28", "symbol": "SBUX", "fillingDate": "2014-11-14", "acceptedDate": "2014-11-14 16:08:21", "period": "FY", "revenue": 4180700000, "costOfRevenue": 1723100000, "grossProfit": 2457600000, "grossProfitRatio": 0.5878441409333365, "researchAndDevelopmentExpenses": 0, "generalAndAdministrativeExpenses": 238700000, "sellingAndMarketingExpenses": 0, "otherExpenses": 1283300000, "operatingExpenses": 1522000000, "costAndExpenses": 3410300000, "interestExpense": 16400000, "depreciationAndAmortization": 194400000, "ebitda": 1049200000, "ebitdaratio": 0.250962757433, "operatingIncome": 854800000, "operatingIncomeRatio": 0.204463367379, "totalOtherIncomeExpensesNet": 85000000, "incomeBeforeTax": 924100000, "incomeBeforeTaxRatio": 0.221039538833, "incomeTaxExpense": 336600000, "netIncome": 587800000, "netIncomeRatio": 0.140598464372, "eps": 0.79, "epsdiluted": 0.77, "weightedAverageShsOut": 753100000, "weightedAverageShsOutDil": 763100000, "link": "https://www.sec.gov/Archives/edgar/data/829224/000082922414000041/0000829224-14-000041-index.htm", "finalLink": "https://www.sec.gov/Archives/edgar/data/829224/000082922414000041/sbux-9282014x10k.htm"}, {"date": "2014-06-29", "symbol": "SBUX", "fillingDate": "2014-07-29", "acceptedDate": "2014-07-29 16:08:28", "period": "Q3", "revenue": 4153700000, "costOfRevenue": 1711500000, "grossProfit": 2442200000, "grossProfitRatio": 0.5879577244384525, "researchAndDevelopmentExpenses": 0, "generalAndAdministrativeExpenses": 269400000, "sellingAndMarketingExpenses": 0, "otherExpenses": 1297000000, "operatingExpenses": 1566400000, "costAndExpenses": 3458000000, "interestExpense": 16400000, "depreciationAndAmortization": 189800000, "ebitda": 958400000, "ebitdaratio": 0.230734044346, "operatingIncome": 768600000, "operatingIncomeRatio": 0.185039843995, "totalOtherIncomeExpensesNet": 20000000, "incomeBeforeTax": 771600000, "incomeBeforeTaxRatio": 0.185762091629, "incomeTaxExpense": 259000000, "netIncome": 512700000, "netIncomeRatio": 0.12343212076, "eps": 0.68, "epsdiluted": 0.68, "weightedAverageShsOut": 753900000, "weightedAverageShsOutDil": 763900000, "link": "https://www.sec.gov/Archives/edgar/data/829224/000082922414000030/0000829224-14-000030-index.htm", "finalLink": "https://www.sec.gov/Archives/edgar/data/829224/000082922414000030/sbux-6292014x10q.htm"}, {"date": "2014-03-30", "symbol": "SBUX", "fillingDate": "2014-04-29", "acceptedDate": "2014-04-29 16:05:28", "period": "Q2", "revenue": 3873800000, "costOfRevenue": 1629100000, "grossProfit": 2244700000, "grossProfitRatio": 0.5794568640611286, "researchAndDevelopmentExpenses": 0, "generalAndAdministrativeExpenses": 240600000, "sellingAndMarketingExpenses": 0, "otherExpenses": 1245400000, "operatingExpenses": 1486000000, "costAndExpenses": 3289500000, "interestExpense": 16800000, "depreciationAndAmortization": 184100000, "ebitda": 828300000, "ebitdaratio": 0.213821054262, "operatingIncome": 644200000, "operatingIncomeRatio": 0.166296659611, "totalOtherIncomeExpensesNet": 18000000, "incomeBeforeTax": 645200000, "incomeBeforeTaxRatio": 0.166554804068, "incomeTaxExpense": 218300000, "netIncome": 426900000, "netIncomeRatio": 0.110201868966, "eps": 0.56, "epsdiluted": 0.55, "weightedAverageShsOut": 755000000, "weightedAverageShsOutDil": 765400000, "link": "https://www.sec.gov/Archives/edgar/data/829224/000082922414000021/0000829224-14-000021-index.htm", "finalLink": "https://www.sec.gov/Archives/edgar/data/829224/000082922414000021/sbux-3302014x10q.htm"}, {"date": "2013-12-29", "symbol": "SBUX", "fillingDate": "2014-01-28", "acceptedDate": "2014-01-28 16:09:06", "period": "Q1", "revenue": 4239600000, "costOfRevenue": 1795100000, "grossProfit": 2444500000, "grossProfitRatio": 0.5765874139069723, "researchAndDevelopmentExpenses": 0, "generalAndAdministrativeExpenses": 242600000, "sellingAndMarketingExpenses": 0, "otherExpenses": 1269800000, "operatingExpenses": 1512400000, "costAndExpenses": 3477200000, "interestExpense": 14500000, "depreciationAndAmortization": 180100000, "ebitda": 993600000, "ebitdaratio": 0.234361732239, "operatingIncome": 813500000, "operatingIncomeRatio": 0.191881309558, "totalOtherIncomeExpensesNet": 19000000, "incomeBeforeTax": 818800000, "incomeBeforeTaxRatio": 0.193131427493, "incomeTaxExpense": 278100000, "netIncome": 540700000, "netIncomeRatio": 0.127535616568, "eps": 0.72, "epsdiluted": 0.71, "weightedAverageShsOut": 754900000, "weightedAverageShsOutDil": 766200000, "link": "https://www.sec.gov/Archives/edgar/data/829224/000082922414000008/0000829224-14-000008-index.htm", "finalLink": "https://www.sec.gov/Archives/edgar/data/829224/000082922414000008/sbux-12292013x10q.htm"}, {"date": "2013-09-29", "symbol": "SBUX", "fillingDate": "2013-11-18", "acceptedDate": "2013-11-18 16:44:56", "period": "FY", "revenue": 3795000000, "costOfRevenue": 1633700000, "grossProfit": 2161300000, "grossProfitRatio": 0.5695125164690382, "researchAndDevelopmentExpenses": 0, "generalAndAdministrativeExpenses": 226200000, "sellingAndMarketingExpenses": 0, "otherExpenses": 3965300000, "operatingExpenses": 4191500000, "costAndExpenses": 5991300000, "interestExpense": 9100000, "depreciationAndAmortization": 176300000, "ebitda": -1937700000, "ebitdaratio": -0.5105928853754941, "operatingIncome": -2114000000, "operatingIncomeRatio": -0.5570487483530961, "totalOtherIncomeExpensesNet": 72000000, "incomeBeforeTax": -2051000000, "incomeBeforeTaxRatio": -0.5404479578392621, "incomeTaxExpense": -820100000, "netIncome": -2051000000, "netIncomeRatio": -0.5404479578392621, "eps": -1.65, "epsdiluted": -1.62, "weightedAverageShsOut": 749300000, "weightedAverageShsOutDil": 762300000, "link": "https://www.sec.gov/Archives/edgar/data/829224/000082922413000044/0000829224-13-000044-index.htm", "finalLink": "https://www.sec.gov/Archives/edgar/data/829224/000082922413000044/sbux-9292013x10k.htm"}, {"date": "2013-06-30", "symbol": "SBUX", "fillingDate": "2013-07-30", "acceptedDate": "2013-07-30 16:04:21", "period": "Q3", "revenue": 3741800000, "costOfRevenue": 1597500000, "grossProfit": 2144300000, "grossProfitRatio": 0.5730664386124326, "researchAndDevelopmentExpenses": 0, "generalAndAdministrativeExpenses": 249500000, "sellingAndMarketingExpenses": 0, "otherExpenses": 1189600000, "operatingExpenses": 1439100000, "costAndExpenses": 3189900000, "interestExpense": 6300000, "depreciationAndAmortization": 161200000, "ebitda": 776500000, "ebitdaratio": 0.207520444706, "operatingIncome": 615300000, "operatingIncomeRatio": 0.164439574536, "totalOtherIncomeExpensesNet": 3000000, "incomeBeforeTax": 612400000, "incomeBeforeTaxRatio": 0.163664546475, "incomeTaxExpense": 194600000, "netIncome": 417800000, "netIncomeRatio": 0.111657491047, "eps": 0.56, "epsdiluted": 0.55, "weightedAverageShsOut": 748300000, "weightedAverageShsOutDil": 761500000, "link": "https://www.sec.gov/Archives/edgar/data/829224/000082922413000032/0000829224-13-000032-index.htm", "finalLink": "https://www.sec.gov/Archives/edgar/data/829224/000082922413000032/sbux-6302013x10q.htm"}, {"date": "2013-03-31", "symbol": "SBUX", "fillingDate": "2013-04-30", "acceptedDate": "2013-04-30 16:05:09", "period": "Q2", "revenue": 3555800000, "costOfRevenue": 1530400000, "grossProfit": 2025400000, "grossProfitRatio": 0.5696045896844592, "researchAndDevelopmentExpenses": 0, "generalAndAdministrativeExpenses": 230300000, "sellingAndMarketingExpenses": 0, "otherExpenses": 1150500000, "operatingExpenses": 1380800000, "costAndExpenses": 3064300000, "interestExpense": 6100000, "depreciationAndAmortization": 161300000, "ebitda": 705300000, "ebitdaratio": 0.198351988301, "operatingIncome": 544000000, "operatingIncomeRatio": 0.152989481973, "totalOtherIncomeExpensesNet": 50000000, "incomeBeforeTax": 588800000, "incomeBeforeTaxRatio": 0.165588615783, "incomeTaxExpense": 198100000, "netIncome": 390300000, "netIncomeRatio": 0.109764328702, "eps": 0.52, "epsdiluted": 0.51, "weightedAverageShsOut": 747600000, "weightedAverageShsOutDil": 761300000, "link": "https://www.sec.gov/Archives/edgar/data/829224/000082922413000024/0000829224-13-000024-index.htm", "finalLink": "https://www.sec.gov/Archives/edgar/data/829224/000082922413000024/sbux-3312013x10q.htm"}, {"date": "2012-12-30", "symbol": "SBUX", "fillingDate": "2013-01-29", "acceptedDate": "2013-01-29 16:20:11", "period": "Q1", "revenue": 3799600000, "costOfRevenue": 1620700000, "grossProfit": 2178900000, "grossProfitRatio": 0.5734551005368986, "researchAndDevelopmentExpenses": 0, "generalAndAdministrativeExpenses": 231900000, "sellingAndMarketingExpenses": 0, "otherExpenses": 1222000000, "operatingExpenses": 1453900000, "costAndExpenses": 3223500000, "interestExpense": 6600000, "depreciationAndAmortization": 156800000, "ebitda": 787400000, "ebitdaratio": 0.207232340246, "operatingIncome": 630600000, "operatingIncomeRatio": 0.165964838404, "totalOtherIncomeExpensesNet": -2000000, "incomeBeforeTax": 621100000, "incomeBeforeTaxRatio": 0.163464575218, "incomeTaxExpense": 188700000, "netIncome": 432200000, "netIncomeRatio": 0.113748815665, "eps": 0.58, "epsdiluted": 0.57, "weightedAverageShsOut": 746100000, "weightedAverageShsOutDil": 761300000, "link": "https://www.sec.gov/Archives/edgar/data/829224/000082922413000007/0000829224-13-000007-index.htm", "finalLink": "https://www.sec.gov/Archives/edgar/data/829224/000082922413000007/sbux-12302012x10q.htm"}, {"date": "2012-09-30", "symbol": "SBUX", "fillingDate": "2012-11-16", "acceptedDate": "2012-11-16 17:29:12", "period": "FY", "revenue": 3364100000, "costOfRevenue": 1459200000, "grossProfit": 1904900000, "grossProfitRatio": 0.5662435718319907, "researchAndDevelopmentExpenses": 0, "generalAndAdministrativeExpenses": 203800000, "sellingAndMarketingExpenses": 0, "otherExpenses": 1101800000, "operatingExpenses": 1305600000, "costAndExpenses": 2906500000, "interestExpense": 6500000, "depreciationAndAmortization": 152900000, "ebitda": 672400000, "ebitdaratio": 0.199875152344, "operatingIncome": 519500000, "operatingIncomeRatio": 0.154424660385, "totalOtherIncomeExpensesNet": 26000000, "incomeBeforeTax": 539200000, "incomeBeforeTaxRatio": 0.16028060997, "incomeTaxExpense": 180200000, "netIncome": 358700000, "netIncomeRatio": 0.106625843465, "eps": 0.47, "epsdiluted": 0.46, "weightedAverageShsOut": 754400000, "weightedAverageShsOutDil": 773000000, "link": "https://www.sec.gov/Archives/edgar/data/829224/000082922412000007/0000829224-12-000007-index.htm", "finalLink": "https://www.sec.gov/Archives/edgar/data/829224/000082922412000007/sbux-9302012x10k.htm"}, {"date": "2012-07-01", "symbol": "SBUX", "fillingDate": "2012-08-02", "acceptedDate": "2012-08-02 17:01:49", "period": "Q3", "revenue": 3303600000, "costOfRevenue": 1446100000, "grossProfit": 1857500000, "grossProfitRatio": 0.5622654074343141, "researchAndDevelopmentExpenses": 0, "generalAndAdministrativeExpenses": 199000000, "sellingAndMarketingExpenses": 0, "otherExpenses": 3246200000, "operatingExpenses": 3445200000, "costAndExpenses": 5299900000, "interestExpense": 8800000, "depreciationAndAmortization": 139800000, "ebitda": 631300000, "ebitdaratio": 0.191094563506, "operatingIncome": 491500000, "operatingIncomeRatio": 0.148777091658, "totalOtherIncomeExpensesNet": 10000000, "incomeBeforeTax": 492400000, "incomeBeforeTaxRatio": 0.149049521734, "incomeTaxExpense": 449600000, "netIncome": 333200000, "netIncomeRatio": 0.100859668241, "eps": 0.44, "epsdiluted": 0.43, "weightedAverageShsOut": 753800000, "weightedAverageShsOutDil": 772900000, "link": "https://www.sec.gov/Archives/edgar/data/829224/000144530512002431/0001445305-12-002431-index.htm", "finalLink": "https://www.sec.gov/Archives/edgar/data/829224/000144530512002431/sbux-712012x10q.htm"}, {"date": "2012-04-01", "symbol": "SBUX", "fillingDate": "2012-05-02", "acceptedDate": "2012-05-02 16:02:29", "period": "Q2", "revenue": 3195900000, "costOfRevenue": 1411900000, "grossProfit": 1784000000, "grossProfitRatio": 0.5582152132419663, "researchAndDevelopmentExpenses": 0, "generalAndAdministrativeExpenses": 206900000, "sellingAndMarketingExpenses": 0, "otherExpenses": 2611000000, "operatingExpenses": 206900000, "costAndExpenses": 1618800000, "interestExpense": 8800000, "depreciationAndAmortization": 144300000, "ebitda": 574700000, "ebitdaratio": 0.179824149692, "operatingIncome": 430400000, "operatingIncomeRatio": 0.134672549204, "totalOtherIncomeExpensesNet": 35000000, "incomeBeforeTax": 456900000, "incomeBeforeTaxRatio": 0.142964423167, "incomeTaxExpense": 14600000, "netIncome": 309800000, "netIncomeRatio": 0.0969367001471, "eps": 0.41, "epsdiluted": 0.4, "weightedAverageShsOut": 751300000, "weightedAverageShsOutDil": 770900000, "link": "https://www.sec.gov/Archives/edgar/data/829224/000119312512204460/0001193125-12-204460-index.htm", "finalLink": "https://www.sec.gov/Archives/edgar/data/829224/000119312512204460/d323302d10q.htm"}, {"date": "2012-01-01", "symbol": "SBUX", "fillingDate": "2012-01-31", "acceptedDate": "2012-01-31 17:31:16", "period": "Q1", "revenue": 3435900000, "costOfRevenue": 1496100000, "grossProfit": 1939800000, "grossProfitRatio": 0.5645682353968392, "researchAndDevelopmentExpenses": 0, "generalAndAdministrativeExpenses": 191500000, "sellingAndMarketingExpenses": 0, "otherExpenses": 2733000000, "operatingExpenses": 191500000, "costAndExpenses": 1687600000, "interestExpense": 8600000, "depreciationAndAmortization": 143600000, "ebitda": 699600000, "ebitdaratio": 0.203614773422, "operatingIncome": 556000000, "operatingIncomeRatio": 0.161820774761, "totalOtherIncomeExpensesNet": 23000000, "incomeBeforeTax": 570600000, "incomeBeforeTaxRatio": 0.166070025321, "incomeTaxExpense": 30000000, "netIncome": 382100000, "netIncomeRatio": 0.111208125964, "eps": 0.51, "epsdiluted": 0.5, "weightedAverageShsOut": 747900000, "weightedAverageShsOutDil": 768500000, "link": "https://www.sec.gov/Archives/edgar/data/829224/000119312512032427/0001193125-12-032427-index.htm", "finalLink": "https://www.sec.gov/Archives/edgar/data/829224/000119312512032427/d270627d10q.htm"}, {"date": "2011-10-02", "symbol": "SBUX", "fillingDate": "2011-11-18", "acceptedDate": "2011-11-18 16:07:44", "period": "FY", "revenue": 3031700000, "costOfRevenue": 1323000000, "grossProfit": 1708700000, "grossProfitRatio": 0.5636111752482106, "researchAndDevelopmentExpenses": 0, "generalAndAdministrativeExpenses": 166000000, "sellingAndMarketingExpenses": 0, "otherExpenses": 2504000000, "operatingExpenses": 2670000000, "costAndExpenses": 3993000000, "interestExpense": 9800000, "depreciationAndAmortization": 141800000, "ebitda": 590000000, "ebitdaratio": 0.194610284659, "operatingIncome": 448200000, "operatingIncomeRatio": 0.147837846753, "totalOtherIncomeExpensesNet": 65000000, "incomeBeforeTax": 504000000, "incomeBeforeTaxRatio": 0.16624336181, "incomeTaxExpense": 504700000, "netIncome": 358300000, "netIncomeRatio": 0.118184516938, "eps": 0.47, "epsdiluted": 0.47, "weightedAverageShsOut": 748300000, "weightedAverageShsOutDil": 769700000, "link": "https://www.sec.gov/Archives/edgar/data/829224/000119312511317175/0001193125-11-317175-index.htm", "finalLink": "https://www.sec.gov/Archives/edgar/data/829224/000119312511317175/d232803d10k.htm"}, {"date": "2011-07-03", "symbol": "SBUX", "fillingDate": "2011-08-05", "acceptedDate": "2011-08-05 15:37:13", "period": "Q3", "revenue": 2932200000, "costOfRevenue": 1246000000, "grossProfit": 1686200000, "grossProfitRatio": 0.5750630925584885, "researchAndDevelopmentExpenses": 0, "generalAndAdministrativeExpenses": 162000000, "sellingAndMarketingExpenses": 0, "otherExpenses": 2412000000, "operatingExpenses": 2574000000, "costAndExpenses": 3820000000, "interestExpense": 8500000, "depreciationAndAmortization": 136600000, "ebitda": 538900000, "ebitdaratio": 0.183786917673, "operatingIncome": 402300000, "operatingIncomeRatio": 0.137200736648, "totalOtherIncomeExpensesNet": 16000000, "incomeBeforeTax": 409900000, "incomeBeforeTaxRatio": 0.139792647159, "incomeTaxExpense": 9300000, "netIncome": 279300000, "netIncomeRatio": 0.0952527112748, "eps": 0.38, "epsdiluted": 0.36, "weightedAverageShsOut": 748800000, "weightedAverageShsOutDil": 770100000, "link": "https://www.sec.gov/Archives/edgar/data/829224/000119312511212221/0001193125-11-212221-index.htm", "finalLink": "https://www.sec.gov/Archives/edgar/data/829224/000119312511212221/d10q.htm"}, {"date": "2011-04-03", "symbol": "SBUX", "fillingDate": "2011-05-06", "acceptedDate": "2011-05-06 13:52:44", "period": "Q2", "revenue": 2785700000, "costOfRevenue": 1180000000, "grossProfit": 1605700000, "grossProfitRatio": 0.5764080841440212, "researchAndDevelopmentExpenses": 0, "generalAndAdministrativeExpenses": 152000000, "sellingAndMarketingExpenses": 0, "otherExpenses": 2296000000, "operatingExpenses": 2448000000, "costAndExpenses": 3628000000, "interestExpense": 7100000, "depreciationAndAmortization": 271600000, "ebitda": 647700000, "ebitdaratio": 0.232508884661, "operatingIncome": 376100000, "operatingIncomeRatio": 0.135010948774, "totalOtherIncomeExpensesNet": 20000000, "incomeBeforeTax": 544200000, "incomeBeforeTaxRatio": 0.195354847974, "incomeTaxExpense": 49100000, "netIncome": 261500000, "netIncomeRatio": 0.0938722762681, "eps": 0.35, "epsdiluted": 0.34, "weightedAverageShsOut": 748000000, "weightedAverageShsOutDil": 769300000, "link": "https://www.sec.gov/Archives/edgar/data/829224/000119312511130357/0001193125-11-130357-index.htm", "finalLink": "https://www.sec.gov/Archives/edgar/data/829224/000119312511130357/d10q.htm"}, {"date": "2011-01-02", "symbol": "SBUX", "fillingDate": "2011-02-04", "acceptedDate": "2011-02-04 13:06:15", "period": "Q1", "revenue": 2950800000, "costOfRevenue": 1200000000, "grossProfit": 1750800000, "grossProfitRatio": 0.593330622204148, "researchAndDevelopmentExpenses": 0, "generalAndAdministrativeExpenses": 156000000, "sellingAndMarketingExpenses": 0, "otherExpenses": 2327000000, "operatingExpenses": 2483000000, "costAndExpenses": 3683000000, "interestExpense": 7900000, "depreciationAndAmortization": 135000000, "ebitda": 501900000, "ebitdaratio": 0.170089467263, "operatingIncome": 501900000, "operatingIncomeRatio": 0.170089467263, "totalOtherIncomeExpensesNet": 14000000, "incomeBeforeTax": 353000000, "incomeBeforeTaxRatio": 0.119628575302, "incomeTaxExpense": 0, "netIncome": 346600000, "netIncomeRatio": 0.117459671953, "eps": 0.46, "epsdiluted": 0.45, "weightedAverageShsOut": 745700000, "weightedAverageShsOutDil": 766700000, "link": "https://www.sec.gov/Archives/edgar/data/829224/000119312511024207/0001193125-11-024207-index.htm", "finalLink": "https://www.sec.gov/Archives/edgar/data/829224/000119312511024207/d10q.htm"}, {"date": "2010-10-03", "symbol": "SBUX", "fillingDate": "2010-11-22", "acceptedDate": "2010-11-22 15:48:55", "period": "FY", "revenue": 2838000000, "costOfRevenue": 1172000000, "grossProfit": 1666000000, "grossProfitRatio": 0.5870331219168429, "researchAndDevelopmentExpenses": 0, "generalAndAdministrativeExpenses": 161000000, "sellingAndMarketingExpenses": 0, "otherExpenses": 2326000000, "operatingExpenses": 2487000000, "costAndExpenses": 3659000000, "interestExpense": 8600000, "depreciationAndAmortization": 136000000, "ebitda": 399300000, "ebitdaratio": 0.140697674419, "operatingIncome": 399300000, "operatingIncomeRatio": 0.140697674419, "totalOtherIncomeExpensesNet": 22000000, "incomeBeforeTax": 767600000, "incomeBeforeTaxRatio": 0.270472163495, "incomeTaxExpense": 488700000, "netIncome": 278900000, "netIncomeRatio": 0.0982734319944, "eps": 0.38, "epsdiluted": 0.37, "weightedAverageShsOut": 744400000, "weightedAverageShsOutDil": 764200000, "link": "https://www.sec.gov/Archives/edgar/data/829224/000119312510266333/0001193125-10-266333-index.htm", "finalLink": "https://www.sec.gov/Archives/edgar/data/829224/000119312510266333/d10k.htm"}, {"date": "2010-06-27", "symbol": "SBUX", "fillingDate": "2010-08-02", "acceptedDate": "2010-08-02 16:46:54", "period": "Q3", "revenue": 7869400000, "costOfRevenue": 1077000000, "grossProfit": 6792400000, "grossProfitRatio": 0.8631407731212036, "researchAndDevelopmentExpenses": 0, "generalAndAdministrativeExpenses": 133000000, "sellingAndMarketingExpenses": 0, "otherExpenses": 2188000000, "operatingExpenses": 2321000000, "costAndExpenses": 3398000000, "interestExpense": 24100000, "depreciationAndAmortization": 132000000, "ebitda": 1020100000, "ebitdaratio": 0.129628688337, "operatingIncome": 1020100000, "operatingIncomeRatio": 0.129628688337, "totalOtherIncomeExpensesNet": -1000000, "incomeBeforeTax": 666700000, "incomeBeforeTaxRatio": 0.0847205631941, "incomeTaxExpense": 0, "netIncome": 666700000, "netIncomeRatio": 0.0847205631941, "eps": 0.89, "epsdiluted": 0.87, "weightedAverageShsOut": 745800000, "weightedAverageShsOutDil": 765500000, "link": "https://www.sec.gov/Archives/edgar/data/829224/000119312510173723/0001193125-10-173723-index.htm", "finalLink": "https://www.sec.gov/Archives/edgar/data/829224/000119312510173723/d10q.htm"}, {"date": "2010-03-28", "symbol": "SBUX", "fillingDate": "2010-05-04", "acceptedDate": "2010-05-03 20:09:43", "period": "Q2", "revenue": 2535000000, "costOfRevenue": 1064000000, "grossProfit": 1471000000, "grossProfitRatio": 0.580276134122288, "researchAndDevelopmentExpenses": 0, "generalAndAdministrativeExpenses": 139000000, "sellingAndMarketingExpenses": 0, "otherExpenses": 2090000000, "operatingExpenses": 2229000000, "costAndExpenses": 3293000000, "interestExpense": 0, "depreciationAndAmortization": 134000000, "ebitda": 474000000, "ebitdaratio": 0.18698224852071005, "operatingIncome": 340000000, "operatingIncomeRatio": 0.1341222879684418, "totalOtherIncomeExpensesNet": 4000000, "incomeBeforeTax": 337000000, "incomeBeforeTaxRatio": 0.1329388560157791, "incomeTaxExpense": 0, "netIncome": 337000000, "netIncomeRatio": 0.1329388560157791, "eps": 0, "epsdiluted": 0, "weightedAverageShsOut": 745700000, "weightedAverageShsOutDil": 766700000, "link": "https://www.sec.gov/Archives/edgar/data/829224/000119312510104825/0001193125-10-104825-index.htm", "finalLink": "https://www.sec.gov/Archives/edgar/data/829224/000119312510104825/d10q.htm"}, {"date": "2009-12-27", "symbol": "SBUX", "fillingDate": "2010-02-02", "acceptedDate": "2010-02-02 16:15:56", "period": "Q1", "revenue": 2722000000, "costOfRevenue": 1145000000, "grossProfit": 1577000000, "grossProfitRatio": 0.5793534166054372, "researchAndDevelopmentExpenses": 0, "generalAndAdministrativeExpenses": 136000000, "sellingAndMarketingExpenses": 0, "otherExpenses": 2263000000, "operatingExpenses": 2399000000, "costAndExpenses": 3544000000, "interestExpense": 8000000, "depreciationAndAmortization": 138000000, "ebitda": 490000000, "ebitdaratio": 0.18001469507714915, "operatingIncome": 352000000, "operatingIncomeRatio": 0.1293166789125643, "totalOtherIncomeExpensesNet": 25000000, "incomeBeforeTax": 369000000, "incomeBeforeTaxRatio": 0.13556208670095518, "incomeTaxExpense": 0, "netIncome": 369000000, "netIncomeRatio": 0.13556208670095518, "eps": 0.32, "epsdiluted": 0.32, "weightedAverageShsOut": 744000000, "weightedAverageShsOutDil": 762000000, "link": "https://www.sec.gov/Archives/edgar/data/829224/000095012310007737/0000950123-10-007737-index.htm", "finalLink": "https://www.sec.gov/Archives/edgar/data/829224/000095012310007737/v54197e10vq.htm"}, {"date": "2009-09-27", "symbol": "SBUX", "fillingDate": "2009-11-20", "acceptedDate": "2009-11-20 16:44:50", "period": "FY", "revenue": 2422000000, "costOfRevenue": 1041000000, "grossProfit": 1381000000, "grossProfitRatio": 0.5701899256812551, "researchAndDevelopmentExpenses": 0, "generalAndAdministrativeExpenses": 134000000, "sellingAndMarketingExpenses": 0, "otherExpenses": 2132000000, "operatingExpenses": 2266000000, "costAndExpenses": 3307000000, "interestExpense": 9000000, "depreciationAndAmortization": 140000000, "ebitda": 340000000, "ebitdaratio": 0.14037985136251033, "operatingIncome": 200000000, "operatingIncomeRatio": 0.08257638315441784, "totalOtherIncomeExpensesNet": 18000000, "incomeBeforeTax": 209000000, "incomeBeforeTaxRatio": 0.08629232039636664, "incomeTaxExpense": 0, "netIncome": 209000000, "netIncomeRatio": 0.08629232039636664, "eps": 0.53, "epsdiluted": 0.52, "weightedAverageShsOut": 738000000, "weightedAverageShsOutDil": 745000000, "link": "https://www.sec.gov/Archives/edgar/data/829224/000095012309064772/0000950123-09-064772-index.htm", "finalLink": "https://www.sec.gov/Archives/edgar/data/829224/000095012309064772/v53316e10vk.htm"}, {"date": "2009-06-28", "symbol": "SBUX", "fillingDate": "2009-08-05", "acceptedDate": "2009-08-04 21:39:19", "period": "Q3", "revenue": 2404000000, "costOfRevenue": 1043000000, "grossProfit": 1361000000, "grossProfitRatio": 0.5661397670549085, "researchAndDevelopmentExpenses": 0, "generalAndAdministrativeExpenses": 110000000, "sellingAndMarketingExpenses": 0, "otherExpenses": 2120000000, "operatingExpenses": 2230000000, "costAndExpenses": 3273000000, "interestExpense": 9000000, "depreciationAndAmortization": 141000000, "ebitda": 345000000, "ebitdaratio": 0.1435108153078203, "operatingIncome": 204000000, "operatingIncomeRatio": 0.08485856905158069, "totalOtherIncomeExpensesNet": 21000000, "incomeBeforeTax": 217000000, "incomeBeforeTaxRatio": 0.09026622296173045, "incomeTaxExpense": 0, "netIncome": 217000000, "netIncomeRatio": 0.09026622296173045, "eps": 0.33, "epsdiluted": 0.33, "weightedAverageShsOut": 737000000, "weightedAverageShsOutDil": 741000000, "link": "https://www.sec.gov/Archives/edgar/data/829224/000095012309029843/0000950123-09-029843-index.htm", "finalLink": "https://www.sec.gov/Archives/edgar/data/829224/000095012309029843/v52638e10vq.htm"}, {"date": "2009-03-29", "symbol": "SBUX", "fillingDate": "2009-05-06", "acceptedDate": "2009-05-06 16:43:43", "period": "Q2", "revenue": 2333000000, "costOfRevenue": 1044000000, "grossProfit": 1289000000, "grossProfitRatio": 0.5525075010715816, "researchAndDevelopmentExpenses": 0, "generalAndAdministrativeExpenses": 104000000, "sellingAndMarketingExpenses": 0, "otherExpenses": 2213000000, "operatingExpenses": 2317000000, "costAndExpenses": 3361000000, "interestExpense": 8000000, "depreciationAndAmortization": 141000000, "ebitda": 182000000, "ebitdaratio": 0.07801114444920702, "operatingIncome": 41000000, "operatingIncomeRatio": 0.017573939134162022, "totalOtherIncomeExpensesNet": 3000000, "incomeBeforeTax": 35000000, "incomeBeforeTaxRatio": 0.015002143163309044, "incomeTaxExpense": 0, "netIncome": 35000000, "netIncomeRatio": 0.015002143163309044, "eps": 0.12, "epsdiluted": 0.12, "weightedAverageShsOut": 737000000, "weightedAverageShsOutDil": 739000000, "link": "https://www.sec.gov/Archives/edgar/data/829224/000095013409009696/0000950134-09-009696-index.htm", "finalLink": "https://www.sec.gov/Archives/edgar/data/829224/000095013409009696/v52354e10vq.htm"}, {"date": "2008-12-28", "symbol": "SBUX", "fillingDate": "2009-02-04", "acceptedDate": "2009-02-04 16:18:08", "period": "Q1", "revenue": 2615000000, "costOfRevenue": 1196000000, "grossProfit": 1419000000, "grossProfitRatio": 0.5426386233269599, "researchAndDevelopmentExpenses": 0, "generalAndAdministrativeExpenses": 105000000, "sellingAndMarketingExpenses": 0, "otherExpenses": 2416000000, "operatingExpenses": 2521000000, "costAndExpenses": 3717000000, "interestExpense": 13000000, "depreciationAndAmortization": 141000000, "ebitda": 258000000, "ebitdaratio": 0.09866156787762906, "operatingIncome": 117000000, "operatingIncomeRatio": 0.04474187380497132, "totalOtherIncomeExpensesNet": -6000000, "incomeBeforeTax": 98000000, "incomeBeforeTaxRatio": 0.03747609942638623, "incomeTaxExpense": 0, "netIncome": 98000000, "netIncomeRatio": 0.03747609942638623, "eps": 0.09, "epsdiluted": 0.09, "weightedAverageShsOut": 736000000, "weightedAverageShsOutDil": 739000000, "link": "https://www.sec.gov/Archives/edgar/data/829224/000095013409001837/0000950134-09-001837-index.htm", "finalLink": "https://www.sec.gov/Archives/edgar/data/829224/000095013409001837/v51211e10vq.htm"}, {"date": "2008-09-28", "symbol": "SBUX", "fillingDate": "2008-11-24", "acceptedDate": "2008-11-24 16:01:03", "period": "FY", "revenue": 2516000000, "costOfRevenue": 1190000000, "grossProfit": 1326000000, "grossProfitRatio": 0.527027027027027, "researchAndDevelopmentExpenses": 0, "generalAndAdministrativeExpenses": 97000000, "sellingAndMarketingExpenses": 0, "otherExpenses": 2440000000, "operatingExpenses": 2537000000, "costAndExpenses": 3727000000, "interestExpense": 13000000, "depreciationAndAmortization": 173000000, "ebitda": 187000000, "ebitdaratio": 0.07432432432432433, "operatingIncome": 14000000, "operatingIncomeRatio": 0.005564387917329093, "totalOtherIncomeExpensesNet": -2000000, "incomeBeforeTax": -1000000, "incomeBeforeTaxRatio": -0.000397456279809221, "incomeTaxExpense": 0, "netIncome": -1000000, "netIncomeRatio": -0.000397456279809221, "eps": 0.43, "epsdiluted": 0.43, "weightedAverageShsOut": 731000000, "weightedAverageShsOutDil": 741000000, "link": "https://www.sec.gov/Archives/edgar/data/829224/000095013408021134/0000950134-08-021134-index.htm", "finalLink": "https://www.sec.gov/Archives/edgar/data/829224/000095013408021134/v50316e10vk.htm"}, {"date": "2008-06-29", "symbol": "SBUX", "fillingDate": "2008-08-06", "acceptedDate": "2008-08-06 15:52:36", "period": "Q3", "revenue": 2574000000, "costOfRevenue": 1163000000, "grossProfit": 1411000000, "grossProfitRatio": 0.5481740481740481, "researchAndDevelopmentExpenses": 0, "generalAndAdministrativeExpenses": 116000000, "sellingAndMarketingExpenses": 0, "otherExpenses": 2509000000, "operatingExpenses": 2625000000, "costAndExpenses": 3788000000, "interestExpense": 12000000, "depreciationAndAmortization": 145000000, "ebitda": 123000000, "ebitdaratio": 0.047785547785547784, "operatingIncome": -22000000, "operatingIncomeRatio": -0.008547008547008548, "totalOtherIncomeExpensesNet": 1000000, "incomeBeforeTax": -33000000, "incomeBeforeTaxRatio": -0.01282051282051282, "incomeTaxExpense": 0, "netIncome": -33000000, "netIncomeRatio": -0.01282051282051282, "eps": 0.42, "epsdiluted": 0.42, "weightedAverageShsOut": 730000000, "weightedAverageShsOutDil": 741000000, "link": "https://www.sec.gov/Archives/edgar/data/829224/000095013408014290/0000950134-08-014290-index.htm", "finalLink": "https://www.sec.gov/Archives/edgar/data/829224/000095013408014290/v42779e10vq.htm"}, {"date": "2008-03-30", "symbol": "SBUX", "fillingDate": "2008-05-08", "acceptedDate": "2008-05-07 21:40:47", "period": "Q2", "revenue": 2526000000, "costOfRevenue": 1106000000, "grossProfit": 1420000000, "grossProfitRatio": 0.56215360253365, "researchAndDevelopmentExpenses": 0, "generalAndAdministrativeExpenses": 118000000, "sellingAndMarketingExpenses": 0, "otherExpenses": 2254000000, "operatingExpenses": 2372000000, "costAndExpenses": 3478000000, "interestExpense": 11000000, "depreciationAndAmortization": 147000000, "ebitda": 325000000, "ebitdaratio": 0.12866191607284244, "operatingIncome": 178000000, "operatingIncomeRatio": 0.07046714172604909, "totalOtherIncomeExpensesNet": 0, "incomeBeforeTax": 167000000, "incomeBeforeTaxRatio": 0.06611243072050672, "incomeTaxExpense": 0, "netIncome": 167000000, "netIncomeRatio": 0.06611243072050672, "eps": 0.43, "epsdiluted": 0.43, "weightedAverageShsOut": 730000000, "weightedAverageShsOutDil": 742000000, "link": "https://www.sec.gov/Archives/edgar/data/829224/000095013408008777/0000950134-08-008777-index.htm", "finalLink": "https://www.sec.gov/Archives/edgar/data/829224/000095013408008777/v40092e10vq.htm"}, {"date": "2007-12-30", "symbol": "SBUX", "fillingDate": "2008-02-08", "acceptedDate": "2008-02-07 21:54:27", "period": "Q1", "revenue": 2767000000, "costOfRevenue": 1186000000, "grossProfit": 1581000000, "grossProfitRatio": 0.5713769425370437, "researchAndDevelopmentExpenses": 0, "generalAndAdministrativeExpenses": 125000000, "sellingAndMarketingExpenses": 0, "otherExpenses": 2333000000, "operatingExpenses": 2458000000, "costAndExpenses": 3644000000, "interestExpense": 17000000, "depreciationAndAmortization": 139000000, "ebitda": 472000000, "ebitdaratio": 0.17058185760751718, "operatingIncome": 333000000, "operatingIncomeRatio": 0.12034694615106614, "totalOtherIncomeExpensesNet": 10000000, "incomeBeforeTax": 326000000, "incomeBeforeTaxRatio": 0.1178171304662089, "incomeTaxExpense": 0, "netIncome": 326000000, "netIncomeRatio": 0.1178171304662089, "eps": 0.28, "epsdiluted": 0.28, "weightedAverageShsOut": 731000000, "weightedAverageShsOutDil": 744000000, "link": "https://www.sec.gov/Archives/edgar/data/829224/000089102008000030/0000891020-08-000030-index.htm", "finalLink": "https://www.sec.gov/Archives/edgar/data/829224/000089102008000030/v37402e10vq.htm"}, {"date": "2007-09-30", "symbol": "SBUX", "fillingDate": "2007-11-29", "acceptedDate": "2007-11-29 16:26:17", "period": "FY", "revenue": 2440935000, "costOfRevenue": 1065674000, "grossProfit": 1375261000, "grossProfitRatio": 0.5634156583440362, "researchAndDevelopmentExpenses": 0, "generalAndAdministrativeExpenses": 128392000, "sellingAndMarketingExpenses": 0, "otherExpenses": 2102999000, "operatingExpenses": 2231391000, "costAndExpenses": 3297065000, "interestExpense": 3606000, "depreciationAndAmortization": 130357000, "ebitda": 378390000, "ebitdaratio": 0.15501846628443608, "operatingIncome": 248033000, "operatingIncomeRatio": 0.10161393072736472, "totalOtherIncomeExpensesNet": -1187000, "incomeBeforeTax": 246846000, "incomeBeforeTaxRatio": 0.10112764166190415, "incomeTaxExpense": 0, "netIncome": 246846000, "netIncomeRatio": 0.10112764166190415, "eps": 0.9, "epsdiluted": 0.9, "weightedAverageShsOut": 749763000, "weightedAverageShsOutDil": 770091000, "link": "https://www.sec.gov/Archives/edgar/data/829224/000095013407024667/0000950134-07-024667-index.htm", "finalLink": "https://www.sec.gov/Archives/edgar/data/829224/000095013407024667/v33834e10vk.htm"}, {"date": "2007-07-01", "symbol": "SBUX", "fillingDate": "2007-08-10", "acceptedDate": "2007-08-10 16:23:46", "period": "Q3", "revenue": 2359245000, "costOfRevenue": 1003881000, "grossProfit": 1355364000, "grossProfitRatio": 0.5744905679571218, "researchAndDevelopmentExpenses": 0, "generalAndAdministrativeExpenses": 119525000, "sellingAndMarketingExpenses": 0, "otherExpenses": 2019009000, "operatingExpenses": 2138534000, "costAndExpenses": 3142415000, "interestExpense": -3606000, "depreciationAndAmortization": 125400000, "ebitda": 370614000, "ebitdaratio": 0.15709008602328287, "operatingIncome": 245214000, "operatingIncomeRatio": 0.10393748847618624, "totalOtherIncomeExpensesNet": -2241000, "incomeBeforeTax": 242973000, "incomeBeforeTaxRatio": 0.10298760832384937, "incomeTaxExpense": 0, "netIncome": 242973000, "netIncomeRatio": 0.10298760832384937, "eps": 0.68, "epsdiluted": 0.68, "weightedAverageShsOut": 751694000, "weightedAverageShsOutDil": 773506000, "link": "https://www.sec.gov/Archives/edgar/data/829224/000095013407017907/0000950134-07-017907-index.htm", "finalLink": "https://www.sec.gov/Archives/edgar/data/829224/000095013407017907/v32843e10vq.htm"}, {"date": "2007-04-01", "symbol": "SBUX", "fillingDate": "2007-05-11", "acceptedDate": "2007-05-11 16:22:59", "period": "Q2", "revenue": 2255594000, "costOfRevenue": 944746000, "grossProfit": 1310848000, "grossProfitRatio": 0.5811542325436226, "researchAndDevelopmentExpenses": 0, "generalAndAdministrativeExpenses": 126104000, "sellingAndMarketingExpenses": 0, "otherExpenses": 1914777000, "operatingExpenses": 2040881000, "costAndExpenses": 2985627000, "interestExpense": 0, "depreciationAndAmortization": 119359000, "ebitda": 360333000, "ebitdaratio": 0.15975082395147353, "operatingIncome": 240974000, "operatingIncomeRatio": 0.10683394263329304, "totalOtherIncomeExpensesNet": -592000, "incomeBeforeTax": 240382000, "incomeBeforeTaxRatio": 0.10657148405253783, "incomeTaxExpense": 0, "netIncome": 240382000, "netIncomeRatio": 0.10657148405253783, "eps": 0.47, "epsdiluted": 0.47, "weightedAverageShsOut": 755292000, "weightedAverageShsOutDil": 778450000, "link": "https://www.sec.gov/Archives/edgar/data/829224/000095013407011254/0000950134-07-011254-index.htm", "finalLink": "https://www.sec.gov/Archives/edgar/data/829224/000095013407011254/v30211e10vq.htm"}, {"date": "2006-12-31", "symbol": "SBUX", "fillingDate": "2007-02-09", "acceptedDate": "2007-02-09 16:03:02", "period": "Q1", "revenue": 2355723000, "costOfRevenue": 984823000, "grossProfit": 1370900000, "grossProfitRatio": 0.5819444815880305, "researchAndDevelopmentExpenses": 0, "generalAndAdministrativeExpenses": 115228000, "sellingAndMarketingExpenses": 0, "otherExpenses": 1939524000, "operatingExpenses": 2054752000, "costAndExpenses": 3039575000, "interestExpense": 0, "depreciationAndAmortization": 116122000, "ebitda": 435846000, "ebitdaratio": 0.18501581043272067, "operatingIncome": 319724000, "operatingIncomeRatio": 0.13572223898989821, "totalOtherIncomeExpensesNet": 6439000, "incomeBeforeTax": 326163000, "incomeBeforeTaxRatio": 0.13845558242628697, "incomeTaxExpense": 0, "netIncome": 326163000, "netIncomeRatio": 0.13845558242628697, "eps": 0.27, "epsdiluted": 0.27, "weightedAverageShsOut": 758088000, "weightedAverageShsOutDil": 782764000, "link": "https://www.sec.gov/Archives/edgar/data/829224/000095013407002620/0000950134-07-002620-index.htm", "finalLink": "https://www.sec.gov/Archives/edgar/data/829224/000095013407002620/v27090e10vq.htm"}, {"date": "2006-10-01", "symbol": "SBUX", "fillingDate": "2006-12-14", "acceptedDate": "2006-12-14 17:22:16", "period": "FY", "revenue": 2003355000, "costOfRevenue": 834991000, "grossProfit": 1168364000, "grossProfitRatio": 0.5832036758337888, "researchAndDevelopmentExpenses": 0, "generalAndAdministrativeExpenses": 114829000, "sellingAndMarketingExpenses": 0, "otherExpenses": 1719454000, "operatingExpenses": 1834283000, "costAndExpenses": 2669274000, "interestExpense": 0, "depreciationAndAmortization": 109415000, "ebitda": 307053000, "ebitdaratio": 0.15326939059727307, "operatingIncome": 197638000, "operatingIncomeRatio": 0.09865350873909018, "totalOtherIncomeExpensesNet": 3852000, "incomeBeforeTax": 201490000, "incomeBeforeTaxRatio": 0.10057628328478976, "incomeTaxExpense": 0, "netIncome": 201490000, "netIncomeRatio": 0.10057628328478976, "eps": 0.76, "epsdiluted": 0.76, "weightedAverageShsOut": 766114000, "weightedAverageShsOutDil": 792556000, "link": "https://www.sec.gov/Archives/edgar/data/829224/000089102006000406/0000891020-06-000406-index.htm", "finalLink": "https://www.sec.gov/Archives/edgar/data/829224/000089102006000406/v24294e10vk.htm"}, {"date": "2006-07-02", "symbol": "SBUX", "fillingDate": "2006-08-11", "acceptedDate": "2006-08-11 13:26:16", "period": "Q3", "revenue": 1963673000, "costOfRevenue": 804889000, "grossProfit": 1158784000, "grossProfitRatio": 0.5901104715499984, "researchAndDevelopmentExpenses": 0, "generalAndAdministrativeExpenses": 115258000, "sellingAndMarketingExpenses": 0, "otherExpenses": 1659508000, "operatingExpenses": 1774766000, "costAndExpenses": 2579655000, "interestExpense": 0, "depreciationAndAmortization": 104577000, "ebitda": 319150000, "ebitdaratio": 0.16252706025901462, "operatingIncome": 214573000, "operatingIncomeRatio": 0.10927124831883923, "totalOtherIncomeExpensesNet": 5028000, "incomeBeforeTax": 219601000, "incomeBeforeTaxRatio": 0.11183175610195792, "incomeTaxExpense": 0, "netIncome": 219601000, "netIncomeRatio": 0.11183175610195792, "eps": 0.58, "epsdiluted": 0.58, "weightedAverageShsOut": 768108000, "weightedAverageShsOutDil": 795285000, "link": "https://www.sec.gov/Archives/edgar/data/829224/000095012406004460/0000950124-06-004460-index.htm", "finalLink": "https://www.sec.gov/Archives/edgar/data/829224/000095012406004460/v22509e10vq.htm"}, {"date": "2006-04-02", "symbol": "SBUX", "fillingDate": "2006-05-12", "acceptedDate": "2006-05-12 14:39:32", "period": "Q2", "revenue": 1885822000, "costOfRevenue": 760873000, "grossProfit": 1124949000, "grossProfitRatio": 0.596529789131742, "researchAndDevelopmentExpenses": 0, "generalAndAdministrativeExpenses": 119611000, "sellingAndMarketingExpenses": 0, "otherExpenses": 1584302000, "operatingExpenses": 1703913000, "costAndExpenses": 2464786000, "interestExpense": 0, "depreciationAndAmortization": 100889000, "ebitda": 302749000, "ebitdaratio": 0.16053954190798495, "operatingIncome": 201860000, "operatingIncomeRatio": 0.10704085539356313, "totalOtherIncomeExpensesNet": 3063000, "incomeBeforeTax": 204923000, "incomeBeforeTaxRatio": 0.10866508079765747, "incomeTaxExpense": 0, "netIncome": 204923000, "netIncomeRatio": 0.10866508079765747, "eps": 0.39, "epsdiluted": 0.39, "weightedAverageShsOut": 767250000, "weightedAverageShsOutDil": 793936000, "link": "https://www.sec.gov/Archives/edgar/data/829224/000095012406002749/0000950124-06-002749-index.htm", "finalLink": "https://www.sec.gov/Archives/edgar/data/829224/000095012406002749/v20070e10vq.htm"}, {"date": "2006-01-01", "symbol": "SBUX", "fillingDate": "2006-02-10", "acceptedDate": "2006-02-10 17:07:00", "period": "Q1", "revenue": 1934092000, "costOfRevenue": 778038000, "grossProfit": 1156054000, "grossProfitRatio": 0.5977244102141988, "researchAndDevelopmentExpenses": 0, "generalAndAdministrativeExpenses": 123325000, "sellingAndMarketingExpenses": 0, "otherExpenses": 1550640000, "operatingExpenses": 1673965000, "costAndExpenses": 2452003000, "interestExpense": 0, "depreciationAndAmortization": 97744000, "ebitda": 377625000, "ebitdaratio": 0.1952466583802632, "operatingIncome": 279881000, "operatingIncomeRatio": 0.14470924857762713, "totalOtherIncomeExpensesNet": 348000, "incomeBeforeTax": 280229000, "incomeBeforeTaxRatio": 0.14488917797085143, "incomeTaxExpense": 0, "netIncome": 280229000, "netIncomeRatio": 0.14488917797085143, "eps": 0.23, "epsdiluted": 0.23, "weightedAverageShsOut": 767021000, "weightedAverageShsOutDil": 792949000, "link": "https://www.sec.gov/Archives/edgar/data/829224/000089102006000033/0000891020-06-000033-index.htm", "finalLink": "https://www.sec.gov/Archives/edgar/data/829224/000089102006000033/v16816e10vq.htm"}, {"date": "2005-10-02", "symbol": "SBUX", "fillingDate": "2005-12-16", "acceptedDate": "2005-12-16 17:27:28", "period": "FY", "revenue": 1659241000, "costOfRevenue": 678886000, "grossProfit": 980355000, "grossProfitRatio": 0.5908454528305412, "researchAndDevelopmentExpenses": 0, "generalAndAdministrativeExpenses": 100949000, "sellingAndMarketingExpenses": 0, "otherExpenses": 1391246000, "operatingExpenses": 1492195000, "costAndExpenses": 2171081000, "interestExpense": 0, "depreciationAndAmortization": 95412000, "ebitda": 291808000, "ebitdaratio": 0.1758683639085582, "operatingIncome": 196396000, "operatingIncomeRatio": 0.11836496325729656, "totalOtherIncomeExpensesNet": 3458000, "incomeBeforeTax": 199854000, "incomeBeforeTaxRatio": 0.12044904869154029, "incomeTaxExpense": 0, "netIncome": 199854000, "netIncomeRatio": 0.12044904869154029, "eps": 0.63, "epsdiluted": 0.63, "weightedAverageShsOut": 789570000, "weightedAverageShsOutDil": 815417000, "link": "https://www.sec.gov/Archives/edgar/data/829224/000089102005000350/0000891020-05-000350-index.htm", "finalLink": "https://www.sec.gov/Archives/edgar/data/829224/000089102005000350/v13039e10vk.htm"}, {"date": "2005-07-03", "symbol": "SBUX", "fillingDate": "2005-08-10", "acceptedDate": "2005-08-10 16:20:37", "period": "Q3", "revenue": 1601799000, "costOfRevenue": 649831000, "grossProfit": 951968000, "grossProfitRatio": 0.594311770702816, "researchAndDevelopmentExpenses": 0, "generalAndAdministrativeExpenses": 90637000, "sellingAndMarketingExpenses": 0, "otherExpenses": 1329666000, "operatingExpenses": 1420303000, "costAndExpenses": 2070134000, "interestExpense": 0, "depreciationAndAmortization": 91938000, "ebitda": 291570000, "ebitdaratio": 0.18202658385977266, "operatingIncome": 199632000, "operatingIncomeRatio": 0.12462986929071625, "totalOtherIncomeExpensesNet": 3235000, "incomeBeforeTax": 202867000, "incomeBeforeTaxRatio": 0.1266494734982354, "incomeTaxExpense": 0, "netIncome": 202867000, "netIncomeRatio": 0.1266494734982354, "eps": 0.93, "epsdiluted": 0.93, "weightedAverageShsOut": 397764000, "weightedAverageShsOutDil": 411122000, "link": "https://www.sec.gov/Archives/edgar/data/829224/000095012405004858/0000950124-05-004858-index.htm", "finalLink": "https://www.sec.gov/Archives/edgar/data/829224/000095012405004858/v11192e10vq.htm"}, {"date": "2005-04-03", "symbol": "SBUX", "fillingDate": "2005-05-10", "acceptedDate": "2005-05-10 17:01:05", "period": "Q2", "revenue": 1518716000, "costOfRevenue": 628740000, "grossProfit": 889976000, "grossProfitRatio": 0.5860055467908417, "researchAndDevelopmentExpenses": 0, "generalAndAdministrativeExpenses": 81929000, "sellingAndMarketingExpenses": 0, "otherExpenses": 1295803000, "operatingExpenses": 1377732000, "costAndExpenses": 2006472000, "interestExpense": 0, "depreciationAndAmortization": 94525000, "ebitda": 251878000, "ebitdaratio": 0.165849309548329, "operatingIncome": 157353000, "operatingIncomeRatio": 0.10360923306266609, "totalOtherIncomeExpensesNet": 4014000, "incomeBeforeTax": 161367000, "incomeBeforeTaxRatio": 0.10625225519451958, "incomeTaxExpense": 0, "netIncome": 161367000, "netIncomeRatio": 0.10625225519451958, "eps": 0.61, "epsdiluted": 0.61, "weightedAverageShsOut": 400740000, "weightedAverageShsOutDil": 414676000, "link": "https://www.sec.gov/Archives/edgar/data/829224/000095012405003185/0000950124-05-003185-index.htm", "finalLink": "https://www.sec.gov/Archives/edgar/data/829224/000095012405003185/v08848e10vq.htm"}, {"date": "2005-01-02", "symbol": "SBUX", "fillingDate": "2005-02-16", "acceptedDate": "2005-02-16 17:13:34", "period": "Q1", "revenue": 1589544000, "costOfRevenue": 647755000, "grossProfit": 941789000, "grossProfitRatio": 0.5924900474601521, "researchAndDevelopmentExpenses": 0, "generalAndAdministrativeExpenses": 83599000, "sellingAndMarketingExpenses": 0, "otherExpenses": 1291601000, "operatingExpenses": 1375200000, "costAndExpenses": 2022955000, "interestExpense": 0, "depreciationAndAmortization": 85332000, "ebitda": 312566000, "ebitdaratio": 0.19663878445642272, "operatingIncome": 227234000, "operatingIncomeRatio": 0.1429554639569587, "totalOtherIncomeExpensesNet": 5122000, "incomeBeforeTax": 232356000, "incomeBeforeTaxRatio": 0.14617777173830984, "incomeTaxExpense": 0, "netIncome": 232356000, "netIncomeRatio": 0.14617777173830984, "eps": 0.36, "epsdiluted": 0.36, "weightedAverageShsOut": 400524000, "weightedAverageShsOutDil": 415327000, "link": "https://www.sec.gov/Archives/edgar/data/829224/000089102005000046/0000891020-05-000046-index.htm", "finalLink": "https://www.sec.gov/Archives/edgar/data/829224/000089102005000046/v05812e10vq.htm"}, {"date": "2004-06-27", "symbol": "SBUX", "fillingDate": "2004-08-06", "acceptedDate": "2004-08-06 14:34:35", "period": "Q3", "revenue": 1318691000, "costOfRevenue": 542148000, "grossProfit": 776543000, "grossProfitRatio": 0.5888741183491811, "researchAndDevelopmentExpenses": 0, "generalAndAdministrativeExpenses": 73357000, "sellingAndMarketingExpenses": 0, "otherExpenses": 2518100000, "operatingExpenses": 2591457000, "costAndExpenses": 3133605000, "interestExpense": 0, "depreciationAndAmortization": 76901000, "ebitda": 230708000, "ebitdaratio": 0.174952282225328, "operatingIncome": 153807000, "operatingIncomeRatio": 0.11663611869649523, "totalOtherIncomeExpensesNet": 4424000, "incomeBeforeTax": 158231000, "incomeBeforeTaxRatio": 0.11999096073302995, "incomeTaxExpense": 0, "netIncome": 158231000, "netIncomeRatio": 0.11999096073302995, "eps": 0.73, "epsdiluted": 0.73, "weightedAverageShsOut": 396853000, "weightedAverageShsOutDil": 410587000, "link": "https://www.sec.gov/Archives/edgar/data/829224/000095012404003640/0000950124-04-003640-index.htm", "finalLink": "https://www.sec.gov/Archives/edgar/data/829224/000095012404003640/v00861e10vq.htm"}, {"date": "2004-03-28", "symbol": "SBUX", "fillingDate": "2004-05-06", "acceptedDate": "2004-05-06 16:22:12", "period": "Q2", "revenue": 1241068000, "costOfRevenue": 510015000, "grossProfit": 731053000, "grossProfitRatio": 0.58905152658839, "researchAndDevelopmentExpenses": 0, "generalAndAdministrativeExpenses": 80848000, "sellingAndMarketingExpenses": 0, "otherExpenses": 344849000, "operatingExpenses": 425697000, "costAndExpenses": 935712000, "interestExpense": 0, "depreciationAndAmortization": 77996000, "ebitda": 202517000, "ebitdaratio": 0.16317961626599026, "operatingIncome": 124521000, "operatingIncomeRatio": 0.10033374480689213, "totalOtherIncomeExpensesNet": 3685000, "incomeBeforeTax": 128206000, "incomeBeforeTaxRatio": 0.10330296164271417, "incomeTaxExpense": 0, "netIncome": 128206000, "netIncomeRatio": 0.10330296164271417, "eps": 0.48, "epsdiluted": 0.48, "weightedAverageShsOut": 396313000, "weightedAverageShsOutDil": 409608000, "link": "https://www.sec.gov/Archives/edgar/data/829224/000095012404002103/0000950124-04-002103-index.htm", "finalLink": "https://www.sec.gov/Archives/edgar/data/829224/000095012404002103/v98751e10vq.htm"}, {"date": "2003-12-28", "symbol": "SBUX", "fillingDate": "2004-02-04", "acceptedDate": "2004-02-04 17:11:15", "period": "Q1", "revenue": 1281191000, "costOfRevenue": 530371000, "grossProfit": 750820000, "grossProfitRatio": 0.5860328397561332, "researchAndDevelopmentExpenses": 0, "generalAndAdministrativeExpenses": 69551000, "sellingAndMarketingExpenses": 0, "otherExpenses": 336549000, "operatingExpenses": 406100000, "costAndExpenses": 936471000, "interestExpense": 0, "depreciationAndAmortization": 72028000, "ebitda": 247548000, "ebitdaratio": 0.19321709253343178, "operatingIncome": 175520000, "operatingIncomeRatio": 0.13699752808129312, "totalOtherIncomeExpensesNet": 3208000, "incomeBeforeTax": 178728000, "incomeBeforeTaxRatio": 0.13950144826181266, "incomeTaxExpense": 0, "netIncome": 178728000, "netIncomeRatio": 0.13950144826181266, "eps": 0.28, "epsdiluted": 0.28, "weightedAverageShsOut": 395057000, "weightedAverageShsOutDil": 407645000, "link": "https://www.sec.gov/Archives/edgar/data/829224/000089102004000134/0000891020-04-000134-index.htm", "finalLink": "https://www.sec.gov/Archives/edgar/data/829224/000089102004000134/v96189e10vq.htm"}, {"date": "2003-06-29", "symbol": "SBUX", "fillingDate": "2003-08-08", "acceptedDate": "2003-08-08 16:10:01", "period": "Q3", "revenue": 1036776000, "costOfRevenue": 425709000, "grossProfit": 611067000, "grossProfitRatio": 0.5893915368411305, "researchAndDevelopmentExpenses": 0, "generalAndAdministrativeExpenses": 49325000, "sellingAndMarketingExpenses": 0, "otherExpenses": 312510000, "operatingExpenses": 361835000, "costAndExpenses": 787544000, "interestExpense": 0, "depreciationAndAmortization": 65893000, "ebitda": 172007000, "ebitdaratio": 0.16590565368025495, "operatingIncome": 106114000, "operatingIncomeRatio": 0.1023499772371274, "totalOtherIncomeExpensesNet": 5115000, "incomeBeforeTax": 111229000, "incomeBeforeTaxRatio": 0.10728354051405511, "incomeTaxExpense": 0, "netIncome": 111229000, "netIncomeRatio": 0.10728354051405511, "eps": 0.51, "epsdiluted": 0.51, "weightedAverageShsOut": 390126000, "weightedAverageShsOutDil": 400544000, "link": "https://www.sec.gov/Archives/edgar/data/829224/000089102003002071/0000891020-03-002071-index.htm", "finalLink": "https://www.sec.gov/Archives/edgar/data/829224/000089102003002071/v92138e10vq.htm"}, {"date": "2003-03-30", "symbol": "SBUX", "fillingDate": "2003-05-13", "acceptedDate": "2003-05-12 21:00:14", "period": "Q2", "revenue": 954206000, "costOfRevenue": 392098000, "grossProfit": 562108000, "grossProfitRatio": 0.5890845373011697, "researchAndDevelopmentExpenses": 0, "generalAndAdministrativeExpenses": 49796000, "sellingAndMarketingExpenses": 0, "otherExpenses": 281816000, "operatingExpenses": 331612000, "costAndExpenses": 723710000, "interestExpense": 0, "depreciationAndAmortization": 63199000, "ebitda": 147157000, "ebitdaratio": 0.15421931951800763, "operatingIncome": 83958000, "operatingIncomeRatio": 0.08798728995625682, "totalOtherIncomeExpensesNet": 1239000, "incomeBeforeTax": 85197000, "incomeBeforeTaxRatio": 0.08928575171399047, "incomeTaxExpense": 0, "netIncome": 85197000, "netIncomeRatio": 0.08928575171399047, "eps": 0.34, "epsdiluted": 0.34, "weightedAverageShsOut": 389186000, "weightedAverageShsOutDil": 399427000, "link": "https://www.sec.gov/Archives/edgar/data/829224/000089102003001521/0000891020-03-001521-index.htm", "finalLink": "https://www.sec.gov/Archives/edgar/data/829224/000089102003001521/v90011e10vq.htm"}, {"date": "2002-12-29", "symbol": "SBUX", "fillingDate": "2003-02-12", "acceptedDate": "2003-02-12 17:24:13", "period": "Q1", "revenue": 1003526000, "costOfRevenue": 419161000, "grossProfit": 584365000, "grossProfitRatio": 0.5823117687035513, "researchAndDevelopmentExpenses": 0, "generalAndAdministrativeExpenses": 51649000, "sellingAndMarketingExpenses": 0, "otherExpenses": 271327000, "operatingExpenses": 322976000, "costAndExpenses": 742137000, "interestExpense": 0, "depreciationAndAmortization": 61562000, "ebitda": 184007000, "ebitdaratio": 0.1833604709793269, "operatingIncome": 122445000, "operatingIncomeRatio": 0.12201477590017598, "totalOtherIncomeExpensesNet": 4496000, "incomeBeforeTax": 126941000, "incomeBeforeTaxRatio": 0.12649497870508586, "incomeTaxExpense": 0, "netIncome": 126941000, "netIncomeRatio": 0.12649497870508586, "eps": 0.21, "epsdiluted": 0.21, "weightedAverageShsOut": 388652000, "weightedAverageShsOutDil": 399218000, "link": "https://www.sec.gov/Archives/edgar/data/829224/000089102003000426/0000891020-03-000426-index.htm", "finalLink": "https://www.sec.gov/Archives/edgar/data/829224/000089102003000426/v87619e10vq.htm"}, {"date": "2002-06-30", "symbol": "SBUX", "fillingDate": "2002-08-14", "acceptedDate": "2002-08-14 13:43:32", "period": "Q3", "revenue": 835158000, "costOfRevenue": 337401000, "grossProfit": 497757000, "grossProfitRatio": 0.5960033909751209, "researchAndDevelopmentExpenses": 0, "generalAndAdministrativeExpenses": 46997000, "sellingAndMarketingExpenses": 0, "otherExpenses": 244448000, "operatingExpenses": 291445000, "costAndExpenses": 628846000, "interestExpense": 0, "depreciationAndAmortization": 54898000, "ebitda": 142607000, "ebitdaratio": 0.17075451591195917, "operatingIncome": 87709000, "operatingIncomeRatio": 0.10502084635482148, "totalOtherIncomeExpensesNet": 1456000, "incomeBeforeTax": 89165000, "incomeBeforeTaxRatio": 0.10676422904408507, "incomeTaxExpense": 0, "netIncome": 89165000, "netIncomeRatio": 0.10676422904408507, "eps": 0.41, "epsdiluted": 0.41, "weightedAverageShsOut": 384433000, "weightedAverageShsOutDil": 397179000, "link": "https://www.sec.gov/Archives/edgar/data/829224/000089102002001234/0000891020-02-001234-index.htm", "finalLink": "https://www.sec.gov/Archives/edgar/data/829224/000089102002001234/v83821e10vq.htm"}, {"date": "2002-03-31", "symbol": "SBUX", "fillingDate": "2002-05-15", "acceptedDate": "2002-05-15 16:58:53", "period": "Q2", "revenue": 783217000, "costOfRevenue": 320081000, "grossProfit": 463136000, "grossProfitRatio": 0.5913252649010428, "researchAndDevelopmentExpenses": 0, "generalAndAdministrativeExpenses": 67314000, "sellingAndMarketingExpenses": 0, "otherExpenses": 203672000, "operatingExpenses": 270986000, "costAndExpenses": 591067000, "interestExpense": 0, "depreciationAndAmortization": 53842000, "ebitda": 102622000, "ebitdaratio": 0.1310262673052296, "operatingIncome": 48780000, "operatingIncomeRatio": 0.062281589904202794, "totalOtherIncomeExpensesNet": 2135000, "incomeBeforeTax": 50915000, "incomeBeforeTaxRatio": 0.06500752664970244, "incomeTaxExpense": 0, "netIncome": 50915000, "netIncomeRatio": 0.06500752664970244, "eps": 0.26, "epsdiluted": 0.26, "weightedAverageShsOut": 382563000, "weightedAverageShsOutDil": 394917000, "link": "https://www.sec.gov/Archives/edgar/data/829224/000089102002000725/0000891020-02-000725-index.htm", "finalLink": "https://www.sec.gov/Archives/edgar/data/829224/000089102002000725/v81769e10-q.htm"}]