[{"date": "2020-03-31", "symbol": "ALGN", "fillingDate": "2020-05-05", "acceptedDate": "2020-05-05 16:40:23", "period": "Q1", "revenue": 550963000, "costOfRevenue": 156607000, "grossProfit": 394356000, "grossProfitRatio": 0.7157576824578057, "researchAndDevelopmentExpenses": 41532000, "generalAndAdministrativeExpenses": 282906000, "sellingAndMarketingExpenses": 0, "otherExpenses": -18549000, "operatingExpenses": 324438000, "costAndExpenses": 481045000, "interestExpense": 0, "depreciationAndAmortization": 20738000, "ebitda": 90656000, "ebitdaratio": 0.164540994586, "operatingIncome": 69918000, "operatingIncomeRatio": 0.126901443473, "totalOtherIncomeExpensesNet": -18549000, "incomeBeforeTax": 53355000, "incomeBeforeTaxRatio": 0.0968395336892, "incomeTaxExpense": -1464776000, "netIncome": 1518131000, "netIncomeRatio": 2.75541370292, "eps": 19.32, "epsdiluted": 19.21, "weightedAverageShsOut": 78592000, "weightedAverageShsOutDil": 79028000, "link": "https://www.sec.gov/Archives/edgar/data/1097149/000109714920000025/0001097149-20-000025-index.htm", "finalLink": "https://www.sec.gov/Archives/edgar/data/1097149/000109714920000025/algn-20200331.htm"}, {"date": "2019-12-31", "symbol": "ALGN", "fillingDate": "2020-02-28", "acceptedDate": "2020-02-28 16:17:53", "period": "FY", "revenue": 649787000, "costOfRevenue": 177829000, "grossProfit": 471958000, "grossProfitRatio": 0.7263272426195045, "researchAndDevelopmentExpenses": 41327000, "generalAndAdministrativeExpenses": 279481000, "sellingAndMarketingExpenses": 1072053000, "otherExpenses": 1741000, "operatingExpenses": 320808000, "costAndExpenses": 498637000, "interestExpense": 0, "depreciationAndAmortization": 21796000, "ebitda": 172946000, "ebitdaratio": 0.266157987156, "operatingIncome": 151150000, "operatingIncomeRatio": 0.232614687582, "totalOtherIncomeExpensesNet": 1741000, "incomeBeforeTax": 155797000, "incomeBeforeTaxRatio": 0.239766261867, "incomeTaxExpense": 34547000, "netIncome": 121262000, "netIncomeRatio": 0.186618076385, "eps": 1.54, "epsdiluted": 1.53, "weightedAverageShsOut": 79424000, "weightedAverageShsOutDil": 80100000, "link": "https://www.sec.gov/Archives/edgar/data/1097149/000109714920000008/0001097149-20-000008-index.htm", "finalLink": "https://www.sec.gov/Archives/edgar/data/1097149/000109714920000008/algn-20191231x10k.htm"}, {"date": "2019-09-30", "symbol": "ALGN", "fillingDate": "2019-10-31", "acceptedDate": "2019-10-31 16:06:31", "period": "Q3", "revenue": 607341000, "costOfRevenue": 169787000, "grossProfit": 437554000, "grossProfitRatio": 0.7204420580859846, "researchAndDevelopmentExpenses": 39680000, "generalAndAdministrativeExpenses": 277514000, "sellingAndMarketingExpenses": 0, "otherExpenses": -2211000, "operatingExpenses": 317194000, "costAndExpenses": 486981000, "interestExpense": 0, "depreciationAndAmortization": 11025000, "ebitda": 138177000, "ebitdaratio": 0.227511398045, "operatingIncome": 127152000, "operatingIncomeRatio": 0.209358498768, "totalOtherIncomeExpensesNet": -2211000, "incomeBeforeTax": 128419000, "incomeBeforeTaxRatio": 0.211444641478, "incomeTaxExpense": 25900000, "netIncome": 102524000, "netIncomeRatio": 0.168807967847, "eps": 1.29, "epsdiluted": 1.29, "weightedAverageShsOut": 79709000, "weightedAverageShsOutDil": 80397000, "link": "https://www.sec.gov/Archives/edgar/data/1097149/000109714919000036/0001097149-19-000036-index.htm", "finalLink": "https://www.sec.gov/Archives/edgar/data/1097149/000109714919000036/algn-20190930.htm"}, {"date": "2019-06-30", "symbol": "ALGN", "fillingDate": "2019-08-01", "acceptedDate": "2019-08-01 08:55:54", "period": "Q2", "revenue": 600697000, "costOfRevenue": 168408000, "grossProfit": 432289000, "grossProfitRatio": 0.7196456782704093, "researchAndDevelopmentExpenses": 38851000, "generalAndAdministrativeExpenses": 267948000, "sellingAndMarketingExpenses": 0, "otherExpenses": -21636000, "operatingExpenses": 277017000, "costAndExpenses": 445425000, "interestExpense": 0, "depreciationAndAmortization": 23491000, "ebitda": 199981000, "ebitdaratio": 0.332914930489, "operatingIncome": 176490000, "operatingIncomeRatio": 0.293808692236, "totalOtherIncomeExpensesNet": 13892000, "incomeBeforeTax": 193847000, "incomeBeforeTaxRatio": 0.322703459481, "incomeTaxExpense": 43100000, "netIncome": 147142000, "netIncomeRatio": 0.244952113961, "eps": 1.84, "epsdiluted": 1.82, "weightedAverageShsOut": 79901000, "weightedAverageShsOutDil": 80665000, "link": "https://www.sec.gov/Archives/edgar/data/1097149/000109714919000032/0001097149-19-000032-index.htm", "finalLink": "https://www.sec.gov/Archives/edgar/data/1097149/000109714919000032/algn-20190630.htm"}, {"date": "2019-03-31", "symbol": "ALGN", "fillingDate": "2019-05-02", "acceptedDate": "2019-05-02 17:12:00", "period": "Q1", "revenue": 548971000, "costOfRevenue": 146875000, "grossProfit": 402096000, "grossProfitRatio": 0.7324539911944347, "researchAndDevelopmentExpenses": 37503000, "generalAndAdministrativeExpenses": 247110000, "sellingAndMarketingExpenses": 0, "otherExpenses": 29782000, "operatingExpenses": 314395000, "costAndExpenses": 461270000, "interestExpense": 0, "depreciationAndAmortization": 22678000, "ebitda": 110379000, "ebitdaratio": 0.201065265743, "operatingIncome": 87701000, "operatingIncomeRatio": 0.159755251188, "totalOtherIncomeExpensesNet": -5746000, "incomeBeforeTax": 84588000, "incomeBeforeTaxRatio": 0.154084641994, "incomeTaxExpense": 8800000, "netIncome": 71848000, "netIncomeRatio": 0.130877587341, "eps": 0.9, "epsdiluted": 0.89, "weightedAverageShsOut": 79860000, "weightedAverageShsOutDil": 80687000, "link": "https://www.sec.gov/Archives/edgar/data/1097149/000109714919000022/0001097149-19-000022-index.htm", "finalLink": "https://www.sec.gov/Archives/edgar/data/1097149/000109714919000022/algn-20190331.htm"}, {"date": "2018-12-31", "symbol": "ALGN", "fillingDate": "2019-02-28", "acceptedDate": "2019-02-28 09:04:23", "period": "FY", "revenue": 534020000, "costOfRevenue": 150924000, "grossProfit": 383096000, "grossProfitRatio": 0.7173813714842141, "researchAndDevelopmentExpenses": 35804000, "generalAndAdministrativeExpenses": 226819000, "sellingAndMarketingExpenses": 852404000, "otherExpenses": -730000, "operatingExpenses": 262623000, "costAndExpenses": 413547000, "interestExpense": 0, "depreciationAndAmortization": 16542000, "ebitda": 137015000, "ebitdaratio": 0.256572787536, "operatingIncome": 120473000, "operatingIncomeRatio": 0.22559641961, "totalOtherIncomeExpensesNet": 7759000, "incomeBeforeTax": 121992000, "incomeBeforeTaxRatio": 0.228440882364, "incomeTaxExpense": 22517000, "netIncome": 97392000, "netIncomeRatio": 0.18237519194, "eps": 1.22, "epsdiluted": 1.21, "weightedAverageShsOut": 80064000, "weightedAverageShsOutDil": 81357000, "link": "https://www.sec.gov/Archives/edgar/data/1097149/000109714919000009/0001097149-19-000009-index.htm", "finalLink": "https://www.sec.gov/Archives/edgar/data/1097149/000109714919000009/algn-20181231x10k.htm"}, {"date": "2018-09-30", "symbol": "ALGN", "fillingDate": "2018-11-01", "acceptedDate": "2018-11-01 16:37:05", "period": "Q3", "revenue": 505272000, "costOfRevenue": 133508000, "grossProfit": 371764000, "grossProfitRatio": 0.7357700406909545, "researchAndDevelopmentExpenses": 32700000, "generalAndAdministrativeExpenses": 213873000, "sellingAndMarketingExpenses": 0, "otherExpenses": -837000, "operatingExpenses": 246573000, "costAndExpenses": 380081000, "interestExpense": 0, "depreciationAndAmortization": 14119000, "ebitda": 139327000, "ebitdaratio": 0.275746528602, "operatingIncome": 125208000, "operatingIncomeRatio": 0.247803163445, "totalOtherIncomeExpensesNet": -837000, "incomeBeforeTax": 126605000, "incomeBeforeTaxRatio": 0.250568010893, "incomeTaxExpense": 24601000, "netIncome": 100872000, "netIncomeRatio": 0.199639006317, "eps": 1.26, "epsdiluted": 1.23, "weightedAverageShsOut": 80122000, "weightedAverageShsOutDil": 81538000, "link": "https://www.sec.gov/Archives/edgar/data/1097149/000109714918000032/0001097149-18-000032-index.htm", "finalLink": "https://www.sec.gov/Archives/edgar/data/1097149/000109714918000032/algn-20180930.htm"}, {"date": "2018-06-30", "symbol": "ALGN", "fillingDate": "2018-08-02", "acceptedDate": "2018-08-02 16:43:01", "period": "Q2", "revenue": 490276000, "costOfRevenue": 124677000, "grossProfit": 365599000, "grossProfitRatio": 0.7457003810098801, "researchAndDevelopmentExpenses": 30804000, "generalAndAdministrativeExpenses": 212087000, "sellingAndMarketingExpenses": 0, "otherExpenses": -7099000, "operatingExpenses": 242891000, "costAndExpenses": 367568000, "interestExpense": 0, "depreciationAndAmortization": 12632000, "ebitda": 135323000, "ebitdaratio": 0.276013918691, "operatingIncome": 122691000, "operatingIncomeRatio": 0.250248839429, "totalOtherIncomeExpensesNet": -7099000, "incomeBeforeTax": 117509000, "incomeBeforeTaxRatio": 0.23967928269, "incomeTaxExpense": 7703000, "netIncome": 106105000, "netIncomeRatio": 0.21641891506, "eps": 1.32, "epsdiluted": 1.31, "weightedAverageShsOut": 80127000, "weightedAverageShsOutDil": 81575000, "link": "https://www.sec.gov/Archives/edgar/data/1097149/000109714918000029/0001097149-18-000029-index.htm", "finalLink": "https://www.sec.gov/Archives/edgar/data/1097149/000109714918000029/algn-20180630.htm"}, {"date": "2018-03-31", "symbol": "ALGN", "fillingDate": "2018-05-03", "acceptedDate": "2018-05-03 17:29:13", "period": "Q1", "revenue": 436924000, "costOfRevenue": 109516000, "grossProfit": 327408000, "grossProfitRatio": 0.7493477126456775, "researchAndDevelopmentExpenses": 29591000, "generalAndAdministrativeExpenses": 199625000, "sellingAndMarketingExpenses": 0, "otherExpenses": 177000, "operatingExpenses": 229216000, "costAndExpenses": 338732000, "interestExpense": 0, "depreciationAndAmortization": 11434000, "ebitda": 109626000, "ebitdaratio": 0.250904047386, "operatingIncome": 98192000, "operatingIncomeRatio": 0.224734736476, "totalOtherIncomeExpensesNet": 177000, "incomeBeforeTax": 100545000, "incomeBeforeTaxRatio": 0.230120112422, "incomeTaxExpense": 2902000, "netIncome": 95866000, "netIncomeRatio": 0.219411156174, "eps": 1.2, "epsdiluted": 1.17, "weightedAverageShsOut": 80036000, "weightedAverageShsOutDil": 81628000, "link": "https://www.sec.gov/Archives/edgar/data/1097149/000109714918000019/0001097149-18-000019-index.htm", "finalLink": "https://www.sec.gov/Archives/edgar/data/1097149/000109714918000019/algn-20180331.htm"}, {"date": "2017-12-31", "symbol": "ALGN", "fillingDate": "2018-02-28", "acceptedDate": "2018-02-28 16:03:20", "period": "FY", "revenue": 421323000, "costOfRevenue": 103406000, "grossProfit": 317917000, "grossProfitRatio": 0.7545683477996692, "researchAndDevelopmentExpenses": 26170000, "generalAndAdministrativeExpenses": 182141000, "sellingAndMarketingExpenses": 665777000, "otherExpenses": 2581000, "operatingExpenses": 208311000, "costAndExpenses": 311717000, "interestExpense": 0, "depreciationAndAmortization": 11024000, "ebitda": 120630000, "ebitdaratio": 0.286312401649, "operatingIncome": 109606000, "operatingIncomeRatio": 0.260147202977, "totalOtherIncomeExpensesNet": 2581000, "incomeBeforeTax": 112187000, "incomeBeforeTaxRatio": 0.266273144357, "incomeTaxExpense": 103654000, "netIncome": 10264000, "netIncomeRatio": 0.0243613569637, "eps": 0.13, "epsdiluted": 0.12, "weightedAverageShsOut": 80085000, "weightedAverageShsOutDil": 81832000, "link": "https://www.sec.gov/Archives/edgar/data/1097149/000109714918000010/0001097149-18-000010-index.htm", "finalLink": "https://www.sec.gov/Archives/edgar/data/1097149/000109714918000010/algn-20171231x10k.htm"}, {"date": "2017-09-30", "symbol": "ALGN", "fillingDate": "2017-11-02", "acceptedDate": "2017-11-02 16:47:22", "period": "Q3", "revenue": 385267000, "costOfRevenue": 92779000, "grossProfit": 292488000, "grossProfitRatio": 0.7591825928511915, "researchAndDevelopmentExpenses": 24201000, "generalAndAdministrativeExpenses": 169524000, "sellingAndMarketingExpenses": 0, "otherExpenses": 3750000, "operatingExpenses": 193725000, "costAndExpenses": 286504000, "interestExpense": 0, "depreciationAndAmortization": 9972000, "ebitda": 108735000, "ebitdaratio": 0.282232841121, "operatingIncome": 98763000, "operatingIncomeRatio": 0.256349492689, "totalOtherIncomeExpensesNet": 3750000, "incomeBeforeTax": 102513000, "incomeBeforeTaxRatio": 0.266083002178, "incomeTaxExpense": 18344000, "netIncome": 82555000, "netIncomeRatio": 0.21427996688, "eps": 1.03, "epsdiluted": 1.01, "weightedAverageShsOut": 80086000, "weightedAverageShsOutDil": 81757000, "link": "https://www.sec.gov/Archives/edgar/data/1097149/000109714917000035/0001097149-17-000035-index.htm", "finalLink": "https://www.sec.gov/Archives/edgar/data/1097149/000109714917000035/algn-20170930x10q.htm"}, {"date": "2017-06-30", "symbol": "ALGN", "fillingDate": "2017-08-03", "acceptedDate": "2017-08-03 16:05:15", "period": "Q2", "revenue": 356482000, "costOfRevenue": 85565000, "grossProfit": 270917000, "grossProfitRatio": 0.7599738556224438, "researchAndDevelopmentExpenses": 24384000, "generalAndAdministrativeExpenses": 162964000, "sellingAndMarketingExpenses": 0, "otherExpenses": 3212000, "operatingExpenses": 187348000, "costAndExpenses": 272913000, "interestExpense": 0, "depreciationAndAmortization": 8876000, "ebitda": 92445000, "ebitdaratio": 0.259325856565, "operatingIncome": 83569000, "operatingIncomeRatio": 0.234426983691, "totalOtherIncomeExpensesNet": 3212000, "incomeBeforeTax": 86781000, "incomeBeforeTaxRatio": 0.243437256299, "incomeTaxExpense": 15387000, "netIncome": 69179000, "netIncomeRatio": 0.194060289159, "eps": 0.86, "epsdiluted": 0.85, "weightedAverageShsOut": 80047000, "weightedAverageShsOutDil": 81668000, "link": "https://www.sec.gov/Archives/edgar/data/1097149/000109714917000030/0001097149-17-000030-index.htm", "finalLink": "https://www.sec.gov/Archives/edgar/data/1097149/000109714917000030/algn-20170630x10q.htm"}, {"date": "2017-03-31", "symbol": "ALGN", "fillingDate": "2017-05-04", "acceptedDate": "2017-05-04 16:44:17", "period": "Q1", "revenue": 310341000, "costOfRevenue": 74716000, "grossProfit": 235625000, "grossProfitRatio": 0.7592454751386378, "researchAndDevelopmentExpenses": 22804000, "generalAndAdministrativeExpenses": 151148000, "sellingAndMarketingExpenses": 0, "otherExpenses": 1645000, "operatingExpenses": 173952000, "costAndExpenses": 248668000, "interestExpense": 0, "depreciationAndAmortization": 7867000, "ebitda": 69540000, "ebitdaratio": 0.224076096939, "operatingIncome": 61673000, "operatingIncomeRatio": 0.198726562072, "totalOtherIncomeExpensesNet": 1645000, "incomeBeforeTax": 63318000, "incomeBeforeTaxRatio": 0.204027183002, "incomeTaxExpense": -7223000, "netIncome": 69420000, "netIncomeRatio": 0.223689425503, "eps": 0.87, "epsdiluted": 0.85, "weightedAverageShsOut": 79904000, "weightedAverageShsOutDil": 81534000, "link": "https://www.sec.gov/Archives/edgar/data/1097149/000109714917000018/0001097149-17-000018-index.htm", "finalLink": "https://www.sec.gov/Archives/edgar/data/1097149/000109714917000018/algn-20170331.htm"}, {"date": "2016-12-31", "symbol": "ALGN", "fillingDate": "2017-02-28", "acceptedDate": "2017-02-28 16:21:32", "period": "FY", "revenue": 293203000, "costOfRevenue": 72954000, "grossProfit": 220249000, "grossProfitRatio": 0.7511826277357326, "researchAndDevelopmentExpenses": 21609000, "generalAndAdministrativeExpenses": 130268000, "sellingAndMarketingExpenses": 490653000, "otherExpenses": -7516000, "operatingExpenses": 151877000, "costAndExpenses": 224831000, "interestExpense": 0, "depreciationAndAmortization": 7216000, "ebitda": 75588000, "ebitdaratio": 0.257800909268, "operatingIncome": 68372000, "operatingIncomeRatio": 0.233189974182, "totalOtherIncomeExpensesNet": -7516000, "incomeBeforeTax": 60856000, "incomeBeforeTaxRatio": 0.207555857205, "incomeTaxExpense": 12028000, "netIncome": 47621000, "netIncomeRatio": 0.162416482778, "eps": 0.6, "epsdiluted": 0.59, "weightedAverageShsOut": 79856000, "weightedAverageShsOutDil": 81484000, "link": "https://www.sec.gov/Archives/edgar/data/1097149/000109714917000009/0001097149-17-000009-index.htm", "finalLink": "https://www.sec.gov/Archives/edgar/data/1097149/000109714917000009/algn-20161231x10k.htm"}, {"date": "2016-09-30", "symbol": "ALGN", "fillingDate": "2016-11-08", "acceptedDate": "2016-11-08 16:47:15", "period": "Q3", "revenue": 278589000, "costOfRevenue": 69387000, "grossProfit": 209202000, "grossProfitRatio": 0.7509341718445451, "researchAndDevelopmentExpenses": 20415000, "generalAndAdministrativeExpenses": 126708000, "sellingAndMarketingExpenses": 0, "otherExpenses": 1463000, "operatingExpenses": 147123000, "costAndExpenses": 216510000, "interestExpense": 0, "depreciationAndAmortization": 6901000, "ebitda": 68980000, "ebitdaratio": 0.247604894666, "operatingIncome": 62079000, "operatingIncomeRatio": 0.222833636648, "totalOtherIncomeExpensesNet": 1463000, "incomeBeforeTax": 63542000, "incomeBeforeTaxRatio": 0.228085100273, "incomeTaxExpense": 11672000, "netIncome": 51367000, "netIncomeRatio": 0.184382728679, "eps": 0.64, "epsdiluted": 0.63, "weightedAverageShsOut": 79920000, "weightedAverageShsOutDil": 81523000, "link": "https://www.sec.gov/Archives/edgar/data/1097149/000109714916000065/0001097149-16-000065-index.htm", "finalLink": "https://www.sec.gov/Archives/edgar/data/1097149/000109714916000065/algn-20160930.htm"}, {"date": "2016-06-30", "symbol": "ALGN", "fillingDate": "2016-08-04", "acceptedDate": "2016-08-04 16:03:13", "period": "Q2", "revenue": 269362000, "costOfRevenue": 64146000, "grossProfit": 205216000, "grossProfitRatio": 0.7618595050526801, "researchAndDevelopmentExpenses": 18613000, "generalAndAdministrativeExpenses": 121467000, "sellingAndMarketingExpenses": 0, "otherExpenses": 125000, "operatingExpenses": 140080000, "costAndExpenses": 204226000, "interestExpense": 0, "depreciationAndAmortization": 5093000, "ebitda": 70229000, "ebitdaratio": 0.260723487352, "operatingIncome": 65136000, "operatingIncomeRatio": 0.241815846333, "totalOtherIncomeExpensesNet": 125000, "incomeBeforeTax": 65261000, "incomeBeforeTaxRatio": 0.242279905852, "incomeTaxExpense": 15139000, "netIncome": 50148000, "netIncomeRatio": 0.186173253837, "eps": 0.63, "epsdiluted": 0.61, "weightedAverageShsOut": 79891000, "weightedAverageShsOutDil": 81440000, "link": "https://www.sec.gov/Archives/edgar/data/1097149/000109714916000060/0001097149-16-000060-index.htm", "finalLink": "https://www.sec.gov/Archives/edgar/data/1097149/000109714916000060/algn-20160630.htm"}, {"date": "2016-03-31", "symbol": "ALGN", "fillingDate": "2016-05-05", "acceptedDate": "2016-05-05 17:18:21", "period": "Q1", "revenue": 238720000, "costOfRevenue": 58093000, "grossProfit": 180627000, "grossProfitRatio": 0.7566479557640751, "researchAndDevelopmentExpenses": 15083000, "generalAndAdministrativeExpenses": 112210000, "sellingAndMarketingExpenses": 0, "otherExpenses": -427000, "operatingExpenses": 127293000, "costAndExpenses": 185386000, "interestExpense": 0, "depreciationAndAmortization": 4792000, "ebitda": 58126000, "ebitdaratio": 0.243490281501, "operatingIncome": 53334000, "operatingIncomeRatio": 0.22341655496, "totalOtherIncomeExpensesNet": -427000, "incomeBeforeTax": 52907000, "incomeBeforeTaxRatio": 0.221627848525, "incomeTaxExpense": 12361000, "netIncome": 40546000, "netIncomeRatio": 0.169847520107, "eps": 0.51, "epsdiluted": 0.5, "weightedAverageShsOut": 79831000, "weightedAverageShsOutDil": 81320000, "link": "https://www.sec.gov/Archives/edgar/data/1097149/000109714916000051/0001097149-16-000051-index.htm", "finalLink": "https://www.sec.gov/Archives/edgar/data/1097149/000109714916000051/algn-20160331.htm"}, {"date": "2015-12-31", "symbol": "ALGN", "fillingDate": "2016-02-25", "acceptedDate": "2016-02-25 17:25:10", "period": "FY", "revenue": 230276000, "costOfRevenue": 57466000, "grossProfit": 172810000, "grossProfitRatio": 0.7504472893397488, "researchAndDevelopmentExpenses": 13889000, "generalAndAdministrativeExpenses": 390239000, "sellingAndMarketingExpenses": -290657000, "otherExpenses": 313000, "operatingExpenses": 113471000, "costAndExpenses": 170937000, "interestExpense": 0, "depreciationAndAmortization": 4863000, "ebitda": 64202000, "ebitdaratio": 0.278804564957, "operatingIncome": 59339000, "operatingIncomeRatio": 0.25768642846, "totalOtherIncomeExpensesNet": 2846000, "incomeBeforeTax": 59652000, "incomeBeforeTaxRatio": 0.259045666939, "incomeTaxExpense": 10775000, "netIncome": 48877000, "netIncomeRatio": 0.212253990863, "eps": 0.61, "epsdiluted": 0.6, "weightedAverageShsOut": 79998000, "weightedAverageShsOutDil": 81521000, "link": "https://www.sec.gov/Archives/edgar/data/1097149/000109714916000031/0001097149-16-000031-index.htm", "finalLink": "https://www.sec.gov/Archives/edgar/data/1097149/000109714916000031/algn-20151231x10k.htm"}, {"date": "2015-09-30", "symbol": "ALGN", "fillingDate": "2015-10-29", "acceptedDate": "2015-10-29 16:09:03", "period": "Q3", "revenue": 207636000, "costOfRevenue": 50060000, "grossProfit": 157576000, "grossProfitRatio": 0.7589050068388912, "researchAndDevelopmentExpenses": 17779000, "generalAndAdministrativeExpenses": 101751000, "sellingAndMarketingExpenses": 101751000, "otherExpenses": -1568000, "operatingExpenses": 119530000, "costAndExpenses": 169590000, "interestExpense": 0, "depreciationAndAmortization": 4503000, "ebitda": 42549000, "ebitdaratio": 0.204921111946, "operatingIncome": 38046000, "operatingIncomeRatio": 0.183234121251, "totalOtherIncomeExpensesNet": -1568000, "incomeBeforeTax": 36478000, "incomeBeforeTaxRatio": 0.175682444277, "incomeTaxExpense": 8862000, "netIncome": 27616000, "netIncomeRatio": 0.133001984242, "eps": 0.35, "epsdiluted": 0.34, "weightedAverageShsOut": 80173000, "weightedAverageShsOutDil": 81576000, "link": "https://www.sec.gov/Archives/edgar/data/1097149/000109714915000026/0001097149-15-000026-index.htm", "finalLink": "https://www.sec.gov/Archives/edgar/data/1097149/000109714915000026/algn-20150930.htm"}, {"date": "2015-06-30", "symbol": "ALGN", "fillingDate": "2015-07-30", "acceptedDate": "2015-07-30 17:23:01", "period": "Q2", "revenue": 209488000, "costOfRevenue": 50854000, "grossProfit": 158634000, "grossProfitRatio": 0.7572462384480256, "researchAndDevelopmentExpenses": 15684000, "generalAndAdministrativeExpenses": 100625000, "sellingAndMarketingExpenses": 100625000, "otherExpenses": 174000, "operatingExpenses": 116309000, "costAndExpenses": 167163000, "interestExpense": 0, "depreciationAndAmortization": 4330000, "ebitda": 46655000, "ebitdaratio": 0.222709654014, "operatingIncome": 42325000, "operatingIncomeRatio": 0.202040212327, "totalOtherIncomeExpensesNet": 174000, "incomeBeforeTax": 42499000, "incomeBeforeTaxRatio": 0.202870808829, "incomeTaxExpense": 11149000, "netIncome": 31350000, "netIncomeRatio": 0.149650576644, "eps": 0.39, "epsdiluted": 0.39, "weightedAverageShsOut": 80358000, "weightedAverageShsOutDil": 81729000, "link": "https://www.sec.gov/Archives/edgar/data/1097149/000109714915000024/0001097149-15-000024-index.htm", "finalLink": "https://www.sec.gov/Archives/edgar/data/1097149/000109714915000024/algn-20150630xq2.htm"}, {"date": "2015-03-31", "symbol": "ALGN", "fillingDate": "2015-05-01", "acceptedDate": "2015-04-30 21:40:21", "period": "Q1", "revenue": 198086000, "costOfRevenue": 46996000, "grossProfit": 151090000, "grossProfitRatio": 0.7627495128378583, "researchAndDevelopmentExpenses": 13885000, "generalAndAdministrativeExpenses": 88281000, "sellingAndMarketingExpenses": 88281000, "otherExpenses": -1452000, "operatingExpenses": 102166000, "costAndExpenses": 149162000, "interestExpense": 0, "depreciationAndAmortization": 4308000, "ebitda": 53232000, "ebitdaratio": 0.268731762972, "operatingIncome": 48924000, "operatingIncomeRatio": 0.246983633371, "totalOtherIncomeExpensesNet": -1452000, "incomeBeforeTax": 47472000, "incomeBeforeTaxRatio": 0.23965348384, "incomeTaxExpense": 11295000, "netIncome": 36177000, "netIncomeRatio": 0.182632795856, "eps": 0.45, "epsdiluted": 0.44, "weightedAverageShsOut": 80459000, "weightedAverageShsOutDil": 81824000, "link": "https://www.sec.gov/Archives/edgar/data/1097149/000109714915000012/0001097149-15-000012-index.htm", "finalLink": "https://www.sec.gov/Archives/edgar/data/1097149/000109714915000012/algn-20150331xq1.htm"}, {"date": "2014-12-31", "symbol": "ALGN", "fillingDate": "2015-02-26", "acceptedDate": "2015-02-26 17:12:02", "period": "FY", "revenue": 198600000, "costOfRevenue": 47938000, "grossProfit": 150662000, "grossProfitRatio": 0.7586203423967774, "researchAndDevelopmentExpenses": 13276000, "generalAndAdministrativeExpenses": 30273000, "sellingAndMarketingExpenses": 55620000, "otherExpenses": -1716000, "operatingExpenses": 99169000, "costAndExpenses": 147107000, "interestExpense": 0, "depreciationAndAmortization": 4387000, "ebitda": 55880000, "ebitdaratio": 0.28136958711, "operatingIncome": 51493000, "operatingIncomeRatio": 0.259279959718, "totalOtherIncomeExpensesNet": 1491000, "incomeBeforeTax": 49777000, "incomeBeforeTaxRatio": 0.250639476334, "incomeTaxExpense": 10236000, "netIncome": 39541000, "netIncomeRatio": 0.199098690836, "eps": 0.5, "epsdiluted": 0.48, "weightedAverageShsOut": 80754000, "weightedAverageShsOutDil": 82283000, "link": "https://www.sec.gov/Archives/edgar/data/1097149/000109714915000005/0001097149-15-000005-index.htm", "finalLink": "https://www.sec.gov/Archives/edgar/data/1097149/000109714915000005/algn-20141231x10k.htm"}, {"date": "2014-09-30", "symbol": "ALGN", "fillingDate": "2014-10-30", "acceptedDate": "2014-10-30 16:32:33", "period": "Q3", "revenue": 189876000, "costOfRevenue": 44822000, "grossProfit": 145054000, "grossProfitRatio": 0.7639406770734585, "researchAndDevelopmentExpenses": 12854000, "generalAndAdministrativeExpenses": 28285000, "sellingAndMarketingExpenses": 52368000, "otherExpenses": -1999000, "operatingExpenses": 93507000, "costAndExpenses": 138329000, "interestExpense": 0, "depreciationAndAmortization": 4339000, "ebitda": 55886000, "ebitdaratio": 0.29432893046, "operatingIncome": 51547000, "operatingIncomeRatio": 0.271477174577, "totalOtherIncomeExpensesNet": -1999000, "incomeBeforeTax": 49548000, "incomeBeforeTaxRatio": 0.26094925109, "incomeTaxExpense": 11301000, "netIncome": 38247000, "netIncomeRatio": 0.201431460532, "eps": 0.47, "epsdiluted": 0.47, "weightedAverageShsOut": 80924000, "weightedAverageShsOutDil": 82443000, "link": "https://www.sec.gov/Archives/edgar/data/1097149/000109714914000013/0001097149-14-000013-index.htm", "finalLink": "https://www.sec.gov/Archives/edgar/data/1097149/000109714914000013/algn-2014930xq3.htm"}, {"date": "2014-06-30", "symbol": "ALGN", "fillingDate": "2014-07-31", "acceptedDate": "2014-07-31 17:24:34", "period": "Q2", "revenue": 192531000, "costOfRevenue": 47055000, "grossProfit": 145476000, "grossProfitRatio": 0.7555977998348318, "researchAndDevelopmentExpenses": 13289000, "generalAndAdministrativeExpenses": 27069000, "sellingAndMarketingExpenses": 56386000, "otherExpenses": -93000, "operatingExpenses": 96744000, "costAndExpenses": 143799000, "interestExpense": 0, "depreciationAndAmortization": 4354000, "ebitda": 53086000, "ebitdaratio": 0.275727025778, "operatingIncome": 48732000, "operatingIncomeRatio": 0.253112485782, "totalOtherIncomeExpensesNet": -93000, "incomeBeforeTax": 48639000, "incomeBeforeTaxRatio": 0.252629446687, "incomeTaxExpense": 13039000, "netIncome": 35600000, "netIncomeRatio": 0.18490528798, "eps": 0.44, "epsdiluted": 0.43, "weightedAverageShsOut": 81073000, "weightedAverageShsOutDil": 82651000, "link": "https://www.sec.gov/Archives/edgar/data/1097149/000109714914000010/0001097149-14-000010-index.htm", "finalLink": "https://www.sec.gov/Archives/edgar/data/1097149/000109714914000010/algn-2014630xq2.htm"}, {"date": "2014-03-31", "symbol": "ALGN", "fillingDate": "2014-05-01", "acceptedDate": "2014-05-01 17:18:00", "period": "Q1", "revenue": 180646000, "costOfRevenue": 43395000, "grossProfit": 137251000, "grossProfitRatio": 0.7597787938841712, "researchAndDevelopmentExpenses": 13380000, "generalAndAdministrativeExpenses": 29179000, "sellingAndMarketingExpenses": 52888000, "otherExpenses": 601000, "operatingExpenses": 95447000, "costAndExpenses": 138842000, "interestExpense": 0, "depreciationAndAmortization": 4776000, "ebitda": 46580000, "ebitdaratio": 0.257852374257, "operatingIncome": 41804000, "operatingIncomeRatio": 0.231413925578, "totalOtherIncomeExpensesNet": 601000, "incomeBeforeTax": 42405000, "incomeBeforeTaxRatio": 0.234740874417, "incomeTaxExpense": 9961000, "netIncome": 32444000, "netIncomeRatio": 0.179599880429, "eps": 0.4, "epsdiluted": 0.39, "weightedAverageShsOut": 81120000, "weightedAverageShsOutDil": 82817000, "link": "https://www.sec.gov/Archives/edgar/data/1097149/000144530514001766/0001445305-14-001766-index.htm", "finalLink": "https://www.sec.gov/Archives/edgar/data/1097149/000144530514001766/algn-2014331xq1.htm"}, {"date": "2013-12-31", "symbol": "ALGN", "fillingDate": "2014-02-28", "acceptedDate": "2014-02-28 17:18:39", "period": "FY", "revenue": 178292000, "costOfRevenue": 41816000, "grossProfit": 136476000, "grossProfitRatio": 0.7654633971238194, "researchAndDevelopmentExpenses": 10970000, "generalAndAdministrativeExpenses": 27890000, "sellingAndMarketingExpenses": 44694000, "otherExpenses": 0, "operatingExpenses": 83554000, "costAndExpenses": 125370000, "interestExpense": 0, "depreciationAndAmortization": 4178000, "ebitda": 57100000, "ebitdaratio": 0.320261144639, "operatingIncome": 52922000, "operatingIncomeRatio": 0.296827675947, "totalOtherIncomeExpensesNet": 874000, "incomeBeforeTax": 52723000, "incomeBeforeTaxRatio": 0.295711529401, "incomeTaxExpense": 10302000, "netIncome": 42421000, "netIncomeRatio": 0.237929912727, "eps": 0.53, "epsdiluted": 0.52, "weightedAverageShsOut": 80551000, "weightedAverageShsOutDil": 82589000, "link": "https://www.sec.gov/Archives/edgar/data/1097149/000144530514000789/0001445305-14-000789-index.htm", "finalLink": "https://www.sec.gov/Archives/edgar/data/1097149/000144530514000789/algn-20131231x10k.htm"}, {"date": "2013-09-30", "symbol": "ALGN", "fillingDate": "2013-11-01", "acceptedDate": "2013-11-01 07:34:12", "period": "Q3", "revenue": 164506000, "costOfRevenue": 39416000, "grossProfit": 125090000, "grossProfitRatio": 0.7603977970408374, "researchAndDevelopmentExpenses": 10915000, "generalAndAdministrativeExpenses": 27487000, "sellingAndMarketingExpenses": 45224000, "otherExpenses": 0, "operatingExpenses": 83626000, "costAndExpenses": 123042000, "interestExpense": 0, "depreciationAndAmortization": 3858000, "ebitda": 45322000, "ebitdaratio": 0.275503629047, "operatingIncome": 41464000, "operatingIncomeRatio": 0.252051596902, "totalOtherIncomeExpensesNet": 449000, "incomeBeforeTax": 41913000, "incomeBeforeTaxRatio": 0.254780980633, "incomeTaxExpense": 7376000, "netIncome": 34537000, "netIncomeRatio": 0.20994371026, "eps": 0.43, "epsdiluted": 0.42, "weightedAverageShsOut": 80592000, "weightedAverageShsOutDil": 82549000, "link": "https://www.sec.gov/Archives/edgar/data/1097149/000109714913000045/0001097149-13-000045-index.htm", "finalLink": "https://www.sec.gov/Archives/edgar/data/1097149/000109714913000045/algn-2013930xq3.htm"}, {"date": "2013-06-30", "symbol": "ALGN", "fillingDate": "2013-08-02", "acceptedDate": "2013-08-02 16:08:53", "period": "Q2", "revenue": 163828000, "costOfRevenue": 40137000, "grossProfit": 123691000, "grossProfitRatio": 0.7550052494079156, "researchAndDevelopmentExpenses": 10916000, "generalAndAdministrativeExpenses": 27027000, "sellingAndMarketingExpenses": 47847000, "otherExpenses": 0, "operatingExpenses": 85790000, "costAndExpenses": 125927000, "interestExpense": 0, "depreciationAndAmortization": 3845000, "ebitda": 41746000, "ebitdaratio": 0.254816026564, "operatingIncome": 37901000, "operatingIncomeRatio": 0.231346290011, "totalOtherIncomeExpensesNet": -1323000, "incomeBeforeTax": 37566000, "incomeBeforeTaxRatio": 0.229301462509, "incomeTaxExpense": 8246000, "netIncome": 29320000, "netIncomeRatio": 0.178968186146, "eps": 0.36, "epsdiluted": 0.36, "weightedAverageShsOut": 80909000, "weightedAverageShsOutDil": 80909000, "link": "https://www.sec.gov/Archives/edgar/data/1097149/000109714913000033/0001097149-13-000033-index.htm", "finalLink": "https://www.sec.gov/Archives/edgar/data/1097149/000109714913000033/algn-2013630xq2.htm"}, {"date": "2013-03-31", "symbol": "ALGN", "fillingDate": "2013-05-03", "acceptedDate": "2013-05-03 17:08:40", "period": "Q1", "revenue": 153580000, "costOfRevenue": 40731000, "grossProfit": 112849000, "grossProfitRatio": 0.7347896861570516, "researchAndDevelopmentExpenses": 11282000, "generalAndAdministrativeExpenses": 30348000, "sellingAndMarketingExpenses": 42281000, "otherExpenses": 67013000, "operatingExpenses": 150924000, "costAndExpenses": 191655000, "interestExpense": 0, "depreciationAndAmortization": 4944000, "ebitda": -33131000, "ebitdaratio": -0.21572470373746583, "operatingIncome": -38075000, "operatingIncomeRatio": -0.2479163953639797, "totalOtherIncomeExpensesNet": -988000, "incomeBeforeTax": -39063000, "incomeBeforeTaxRatio": -0.2543495246776924, "incomeTaxExpense": 2920000, "netIncome": -41983000, "netIncomeRatio": -0.2733624169813778, "eps": -0.52, "epsdiluted": -0.52, "weightedAverageShsOut": 81248000, "weightedAverageShsOutDil": 81248000, "link": "https://www.sec.gov/Archives/edgar/data/1097149/000109714913000016/0001097149-13-000016-index.htm", "finalLink": "https://www.sec.gov/Archives/edgar/data/1097149/000109714913000016/algn-2013331xq1.htm"}, {"date": "2012-12-31", "symbol": "ALGN", "fillingDate": "2013-03-01", "acceptedDate": "2013-03-01 08:03:41", "period": "FY", "revenue": 142840000, "costOfRevenue": 36362000, "grossProfit": 106478000, "grossProfitRatio": 0.7454354522542705, "researchAndDevelopmentExpenses": 11711000, "generalAndAdministrativeExpenses": 27170000, "sellingAndMarketingExpenses": 37769000, "otherExpenses": 12757000, "operatingExpenses": 89407000, "costAndExpenses": 125769000, "interestExpense": 0, "depreciationAndAmortization": 5267000, "ebitda": 22338000, "ebitdaratio": 0.156384766172, "operatingIncome": 17071000, "operatingIncomeRatio": 0.119511341361, "totalOtherIncomeExpensesNet": 624000, "incomeBeforeTax": 16399000, "incomeBeforeTaxRatio": 0.114806776813, "incomeTaxExpense": 6840000, "netIncome": 9559000, "netIncomeRatio": 0.0669210305237, "eps": 0.12, "epsdiluted": 0.12, "weightedAverageShsOut": 80529000, "weightedAverageShsOutDil": 83040000, "link": "https://www.sec.gov/Archives/edgar/data/1097149/000109714913000007/0001097149-13-000007-index.htm", "finalLink": "https://www.sec.gov/Archives/edgar/data/1097149/000109714913000007/algn-20121231x10k.htm"}, {"date": "2012-09-30", "symbol": "ALGN", "fillingDate": "2012-11-09", "acceptedDate": "2012-11-09 16:26:11", "period": "Q3", "revenue": 136496000, "costOfRevenue": 36146000, "grossProfit": 100350000, "grossProfitRatio": 0.7351863790880319, "researchAndDevelopmentExpenses": 9952000, "generalAndAdministrativeExpenses": 23892000, "sellingAndMarketingExpenses": 36468000, "otherExpenses": 25535000, "operatingExpenses": 95847000, "costAndExpenses": 131993000, "interestExpense": 0, "depreciationAndAmortization": 4393000, "ebitda": 8896000, "ebitdaratio": 0.065174071035, "operatingIncome": 4503000, "operatingIncomeRatio": 0.0329899777283, "totalOtherIncomeExpensesNet": -353000, "incomeBeforeTax": 4150000, "incomeBeforeTaxRatio": 0.0304038213574, "incomeTaxExpense": 4494000, "netIncome": -344000, "netIncomeRatio": -0.002520220372758176, "eps": -0.01, "epsdiluted": -0.01, "weightedAverageShsOut": 80356000, "weightedAverageShsOutDil": 83016000, "link": "https://www.sec.gov/Archives/edgar/data/1097149/000109714912000020/0001097149-12-000020-index.htm", "finalLink": "https://www.sec.gov/Archives/edgar/data/1097149/000109714912000020/algn-2012930xq3.htm"}, {"date": "2012-06-30", "symbol": "ALGN", "fillingDate": "2012-08-02", "acceptedDate": "2012-08-02 16:23:50", "period": "Q2", "revenue": 145626000, "costOfRevenue": 36826000, "grossProfit": 108800000, "grossProfitRatio": 0.7471193330861248, "researchAndDevelopmentExpenses": 10680000, "generalAndAdministrativeExpenses": 22152000, "sellingAndMarketingExpenses": 39087000, "otherExpenses": 869000, "operatingExpenses": 72788000, "costAndExpenses": 109614000, "interestExpense": 0, "depreciationAndAmortization": 4252000, "ebitda": 40264000, "ebitdaratio": 0.276489088487, "operatingIncome": 36012000, "operatingIncomeRatio": 0.247291005727, "totalOtherIncomeExpensesNet": 541000, "incomeBeforeTax": 36553000, "incomeBeforeTaxRatio": 0.251006001676, "incomeTaxExpense": 8061000, "netIncome": 28492000, "netIncomeRatio": 0.195651875352, "eps": 0.36, "epsdiluted": 0.34, "weightedAverageShsOut": 79810000, "weightedAverageShsOutDil": 82446000, "link": "https://www.sec.gov/Archives/edgar/data/1097149/000109714912000015/0001097149-12-000015-index.htm", "finalLink": "https://www.sec.gov/Archives/edgar/data/1097149/000109714912000015/algn-2012630xq2.htm"}, {"date": "2012-03-31", "symbol": "ALGN", "fillingDate": "2012-05-08", "acceptedDate": "2012-05-08 16:58:22", "period": "Q1", "revenue": 135079000, "costOfRevenue": 34319000, "grossProfit": 100760000, "grossProfitRatio": 0.7459338609258286, "researchAndDevelopmentExpenses": 10526000, "generalAndAdministrativeExpenses": 22626000, "sellingAndMarketingExpenses": 38717000, "otherExpenses": 885000, "operatingExpenses": 72754000, "costAndExpenses": 107073000, "interestExpense": 0, "depreciationAndAmortization": 3899000, "ebitda": 31905000, "ebitdaratio": 0.236195115451, "operatingIncome": 28006000, "operatingIncomeRatio": 0.2073305251, "totalOtherIncomeExpensesNet": -812000, "incomeBeforeTax": 27194000, "incomeBeforeTaxRatio": 0.201319228007, "incomeTaxExpense": 6210000, "netIncome": 20984000, "netIncomeRatio": 0.155346130783, "eps": 0.26, "epsdiluted": 0.26, "weightedAverageShsOut": 79235000, "weightedAverageShsOutDil": 81856000, "link": "https://www.sec.gov/Archives/edgar/data/1097149/000119312512218771/0001193125-12-218771-index.htm", "finalLink": "https://www.sec.gov/Archives/edgar/data/1097149/000119312512218771/d315374d10q.htm"}, {"date": "2011-12-31", "symbol": "ALGN", "fillingDate": "2012-02-29", "acceptedDate": "2012-02-29 16:52:11", "period": "FY", "revenue": 128905000, "costOfRevenue": 33355000, "grossProfit": 95550000, "grossProfitRatio": 0.7412435514526201, "researchAndDevelopmentExpenses": 9568000, "generalAndAdministrativeExpenses": 22457000, "sellingAndMarketingExpenses": 36112000, "otherExpenses": 983000, "operatingExpenses": 69120000, "costAndExpenses": 102475000, "interestExpense": 51000, "depreciationAndAmortization": 4370000, "ebitda": 30800000, "ebitdaratio": 0.238935650285, "operatingIncome": 26430000, "operatingIncomeRatio": 0.205034715488, "totalOtherIncomeExpensesNet": 335000, "incomeBeforeTax": 26346000, "incomeBeforeTaxRatio": 0.204383072806, "incomeTaxExpense": 5897000, "netIncome": 20449000, "netIncomeRatio": 0.158636204957, "eps": 0.26, "epsdiluted": 0.25, "weightedAverageShsOut": 77988000, "weightedAverageShsOutDil": 80294000, "link": "https://www.sec.gov/Archives/edgar/data/1097149/000119312512089395/0001193125-12-089395-index.htm", "finalLink": "https://www.sec.gov/Archives/edgar/data/1097149/000119312512089395/d265005d10k.htm"}, {"date": "2011-09-30", "symbol": "ALGN", "fillingDate": "2011-11-04", "acceptedDate": "2011-11-04 12:05:18", "period": "Q3", "revenue": 125894000, "costOfRevenue": 33524000, "grossProfit": 92370000, "grossProfitRatio": 0.7337124882837943, "researchAndDevelopmentExpenses": 8926000, "generalAndAdministrativeExpenses": 21609000, "sellingAndMarketingExpenses": 34655000, "otherExpenses": 868000, "operatingExpenses": 66058000, "costAndExpenses": 99582000, "interestExpense": 0, "depreciationAndAmortization": 4823000, "ebitda": 31135000, "ebitdaratio": 0.247311230082, "operatingIncome": 26312000, "operatingIncomeRatio": 0.209001223251, "totalOtherIncomeExpensesNet": -29000, "incomeBeforeTax": 26194000, "incomeBeforeTaxRatio": 0.208063926796, "incomeTaxExpense": 6930000, "netIncome": 19264000, "netIncomeRatio": 0.153017617996, "eps": 0.25, "epsdiluted": 0.24, "weightedAverageShsOut": 77735000, "weightedAverageShsOutDil": 80040000, "link": "https://www.sec.gov/Archives/edgar/data/1097149/000119312511296816/0001193125-11-296816-index.htm", "finalLink": "https://www.sec.gov/Archives/edgar/data/1097149/000119312511296816/d226129d10q.htm"}, {"date": "2011-06-30", "symbol": "ALGN", "fillingDate": "2011-08-08", "acceptedDate": "2011-08-08 14:36:18", "period": "Q2", "revenue": 120086000, "costOfRevenue": 28949000, "grossProfit": 91137000, "grossProfitRatio": 0.7589310993787786, "researchAndDevelopmentExpenses": 9270000, "generalAndAdministrativeExpenses": 26094000, "sellingAndMarketingExpenses": 38586000, "otherExpenses": 592000, "operatingExpenses": 74542000, "costAndExpenses": 103491000, "interestExpense": 0, "depreciationAndAmortization": 4605000, "ebitda": 21200000, "ebitdaratio": 0.176540146229, "operatingIncome": 16595000, "operatingIncomeRatio": 0.138192628616, "totalOtherIncomeExpensesNet": -306000, "incomeBeforeTax": 16289000, "incomeBeforeTaxRatio": 0.135644454807, "incomeTaxExpense": 5127000, "netIncome": 11162000, "netIncomeRatio": 0.0929500524624, "eps": 0.14, "epsdiluted": 0.14, "weightedAverageShsOut": 77369000, "weightedAverageShsOutDil": 79903000, "link": "https://www.sec.gov/Archives/edgar/data/1097149/000119312511213996/0001193125-11-213996-index.htm", "finalLink": "https://www.sec.gov/Archives/edgar/data/1097149/000119312511213996/d10q.htm"}, {"date": "2011-03-31", "symbol": "ALGN", "fillingDate": "2011-05-05", "acceptedDate": "2011-05-05 15:07:59", "period": "Q1", "revenue": 104856000, "costOfRevenue": 22630000, "grossProfit": 82226000, "grossProfitRatio": 0.7841802090486, "researchAndDevelopmentExpenses": 9390000, "generalAndAdministrativeExpenses": 18992000, "sellingAndMarketingExpenses": 32821000, "otherExpenses": 89000, "operatingExpenses": 61203000, "costAndExpenses": 83833000, "interestExpense": 0, "depreciationAndAmortization": 3679000, "ebitda": 24702000, "ebitdaratio": 0.235580224308, "operatingIncome": 21023000, "operatingIncomeRatio": 0.200494010834, "totalOtherIncomeExpensesNet": 89000, "incomeBeforeTax": 21112000, "incomeBeforeTaxRatio": 0.201342793927, "incomeTaxExpense": 5271000, "netIncome": 15841000, "netIncomeRatio": 0.151073853666, "eps": 0.21, "epsdiluted": 0.2, "weightedAverageShsOut": 76844000, "weightedAverageShsOutDil": 79361000, "link": "https://www.sec.gov/Archives/edgar/data/1097149/000119312511128271/0001193125-11-128271-index.htm", "finalLink": "https://www.sec.gov/Archives/edgar/data/1097149/000119312511128271/d10q.htm"}, {"date": "2010-12-31", "symbol": "ALGN", "fillingDate": "2011-02-24", "acceptedDate": "2011-02-24 13:15:33", "period": "FY", "revenue": 92893000, "costOfRevenue": 21137000, "grossProfit": 71756000, "grossProfitRatio": 0.7724586352039443, "researchAndDevelopmentExpenses": 6893000, "generalAndAdministrativeExpenses": 18631000, "sellingAndMarketingExpenses": 30223000, "otherExpenses": -787000, "operatingExpenses": 55747000, "costAndExpenses": 76884000, "interestExpense": 19000, "depreciationAndAmortization": 3392000, "ebitda": 18162000, "ebitdaratio": 0.195515270257, "operatingIncome": 14770000, "operatingIncomeRatio": 0.159000139946, "totalOtherIncomeExpensesNet": 480000, "incomeBeforeTax": 14519000, "incomeBeforeTaxRatio": 0.156298106424, "incomeTaxExpense": 4614000, "netIncome": 9905000, "netIncomeRatio": 0.106628055935, "eps": 0.13, "epsdiluted": 0.12, "weightedAverageShsOut": 75825000, "weightedAverageShsOutDil": 78080000, "link": "https://www.sec.gov/Archives/edgar/data/1097149/000119312511044951/0001193125-11-044951-index.htm", "finalLink": "https://www.sec.gov/Archives/edgar/data/1097149/000119312511044951/d10k.htm"}, {"date": "2010-09-30", "symbol": "ALGN", "fillingDate": "2010-11-04", "acceptedDate": "2010-11-04 12:56:05", "period": "Q3", "revenue": 95947000, "costOfRevenue": 21014000, "grossProfit": 74933000, "grossProfitRatio": 0.7809832511699167, "researchAndDevelopmentExpenses": 6592000, "generalAndAdministrativeExpenses": 16203000, "sellingAndMarketingExpenses": 26905000, "otherExpenses": -83000, "operatingExpenses": 49700000, "costAndExpenses": 70714000, "interestExpense": 0, "depreciationAndAmortization": 3439000, "ebitda": 25362000, "ebitdaratio": 0.264333434083, "operatingIncome": 21923000, "operatingIncomeRatio": 0.228490729257, "totalOtherIncomeExpensesNet": -83000, "incomeBeforeTax": 21840000, "incomeBeforeTaxRatio": 0.227625668338, "incomeTaxExpense": 5025000, "netIncome": 16815000, "netIncomeRatio": 0.175253004263, "eps": 0.22, "epsdiluted": 0.22, "weightedAverageShsOut": 75653000, "weightedAverageShsOutDil": 77852000, "link": "https://www.sec.gov/Archives/edgar/data/1097149/000119312510247648/0001193125-10-247648-index.htm", "finalLink": "https://www.sec.gov/Archives/edgar/data/1097149/000119312510247648/d10q.htm"}, {"date": "2010-06-30", "symbol": "ALGN", "fillingDate": "2010-08-05", "acceptedDate": "2010-08-05 14:01:57", "period": "Q2", "revenue": 198286000, "costOfRevenue": 41558000, "grossProfit": 156728000, "grossProfitRatio": 0.790413846665927, "researchAndDevelopmentExpenses": 12512000, "generalAndAdministrativeExpenses": 29956000, "sellingAndMarketingExpenses": 56885000, "otherExpenses": 156000, "operatingExpenses": 99353000, "costAndExpenses": 140911000, "interestExpense": 0, "depreciationAndAmortization": 8182000, "ebitda": 74223000, "ebitdaratio": 0.374322947661, "operatingIncome": 66041000, "operatingIncomeRatio": 0.333059318358, "totalOtherIncomeExpensesNet": 156000, "incomeBeforeTax": 65644000, "incomeBeforeTaxRatio": 0.33105715986, "incomeTaxExpense": 18111000, "netIncome": 47533000, "netIncomeRatio": 0.239719395217, "eps": 0.63, "epsdiluted": 0.61, "weightedAverageShsOut": 75436000, "weightedAverageShsOutDil": 77644000, "link": "https://www.sec.gov/Archives/edgar/data/1097149/000119312510179014/0001193125-10-179014-index.htm", "finalLink": "https://www.sec.gov/Archives/edgar/data/1097149/000119312510179014/d10q.htm"}, {"date": "2010-03-31", "symbol": "ALGN", "fillingDate": "2010-05-06", "acceptedDate": "2010-05-06 13:41:31", "period": "Q1", "revenue": 90090000, "costOfRevenue": 20380000, "grossProfit": 69710000, "grossProfitRatio": 0.7737817737817738, "researchAndDevelopmentExpenses": 6116000, "generalAndAdministrativeExpenses": 14951000, "sellingAndMarketingExpenses": 27946000, "otherExpenses": -553000, "operatingExpenses": 49013000, "costAndExpenses": 69393000, "interestExpense": 553000, "depreciationAndAmortization": 2938000, "ebitda": 23635000, "ebitdaratio": 0.26234876234876237, "operatingIncome": 20697000, "operatingIncomeRatio": 0.22973692973692975, "totalOtherIncomeExpensesNet": -553000, "incomeBeforeTax": 5214000, "incomeBeforeTaxRatio": 0.05787545787545788, "incomeTaxExpense": 5214000, "netIncome": 0, "netIncomeRatio": 0, "eps": 0.2, "epsdiluted": 0.19, "weightedAverageShsOut": 75166000, "weightedAverageShsOutDil": 77597000, "link": "https://www.sec.gov/Archives/edgar/data/1097149/000119312510110507/0001193125-10-110507-index.htm", "finalLink": "https://www.sec.gov/Archives/edgar/data/1097149/000119312510110507/d10q.htm"}, {"date": "2009-12-31", "symbol": "ALGN", "fillingDate": "2010-02-26", "acceptedDate": "2010-02-26 13:30:08", "period": "FY", "revenue": 86616000, "costOfRevenue": 22810000, "grossProfit": 63806000, "grossProfitRatio": 0.7366537360302946, "researchAndDevelopmentExpenses": 5781000, "generalAndAdministrativeExpenses": 15487000, "sellingAndMarketingExpenses": 27893000, "otherExpenses": 0, "operatingExpenses": 49161000, "costAndExpenses": 71971000, "interestExpense": 519000, "depreciationAndAmortization": 2622000, "ebitda": 17267000, "ebitdaratio": 0.19935115913918908, "operatingIncome": 14645000, "operatingIncomeRatio": 0.16907961577537636, "totalOtherIncomeExpensesNet": -434000, "incomeBeforeTax": 14330000, "incomeBeforeTaxRatio": 0.16544287429574212, "incomeTaxExpense": 2838000, "netIncome": 11492000, "netIncomeRatio": 0.13267756534589453, "eps": -0.45, "epsdiluted": -0.45, "weightedAverageShsOut": 69094000, "weightedAverageShsOutDil": 69094000, "link": "https://www.sec.gov/Archives/edgar/data/1097149/000119312510042395/0001193125-10-042395-index.htm", "finalLink": "https://www.sec.gov/Archives/edgar/data/1097149/000119312510042395/d10k.htm"}, {"date": "2009-09-30", "symbol": "ALGN", "fillingDate": "2009-11-05", "acceptedDate": "2009-11-05 14:01:37", "period": "Q3", "revenue": 79269000, "costOfRevenue": 20268000, "grossProfit": 59001000, "grossProfitRatio": 0.74431366612421, "researchAndDevelopmentExpenses": 5611000, "generalAndAdministrativeExpenses": 16224000, "sellingAndMarketingExpenses": 27687000, "otherExpenses": 69673000, "operatingExpenses": 119195000, "costAndExpenses": 139463000, "interestExpense": -434000, "depreciationAndAmortization": 2603000, "ebitda": -57591000, "ebitdaratio": -0.7265261325360481, "operatingIncome": -60194000, "operatingIncomeRatio": -0.7593636856778816, "totalOtherIncomeExpensesNet": -271000, "incomeBeforeTax": -60465000, "incomeBeforeTaxRatio": -0.7627824244029823, "incomeTaxExpense": -401000, "netIncome": -60064000, "netIncomeRatio": -0.7577237003115972, "eps": -0.64, "epsdiluted": -0.64, "weightedAverageShsOut": 67278000, "weightedAverageShsOutDil": 67278000, "link": "https://www.sec.gov/Archives/edgar/data/1097149/000110465909062842/0001104659-09-062842-index.htm", "finalLink": "https://www.sec.gov/Archives/edgar/data/1097149/000110465909062842/a09-30951_110q.htm"}, {"date": "2009-06-30", "symbol": "ALGN", "fillingDate": "2009-08-05", "acceptedDate": "2009-08-05 15:50:44", "period": "Q2", "revenue": 76316000, "costOfRevenue": 18338000, "grossProfit": 57978000, "grossProfitRatio": 0.759709628387232, "researchAndDevelopmentExpenses": 5669000, "generalAndAdministrativeExpenses": 16539000, "sellingAndMarketingExpenses": 29108000, "otherExpenses": 409000, "operatingExpenses": 51725000, "costAndExpenses": 70063000, "interestExpense": 0, "depreciationAndAmortization": 2536000, "ebitda": 8789000, "ebitdaratio": 0.11516588919754704, "operatingIncome": 6253000, "operatingIncomeRatio": 0.08193563603962471, "totalOtherIncomeExpensesNet": 557000, "incomeBeforeTax": 6810000, "incomeBeforeTaxRatio": 0.08923423659520939, "incomeTaxExpense": -2265000, "netIncome": 9075000, "netIncomeRatio": 0.11891346506630326, "eps": 0.11, "epsdiluted": 0.11, "weightedAverageShsOut": 66135000, "weightedAverageShsOutDil": 66941000, "link": "https://www.sec.gov/Archives/edgar/data/1097149/000110465909047332/0001104659-09-047332-index.htm", "finalLink": "https://www.sec.gov/Archives/edgar/data/1097149/000110465909047332/a09-18597_110q.htm"}, {"date": "2009-03-31", "symbol": "ALGN", "fillingDate": "2009-05-07", "acceptedDate": "2009-05-07 15:56:50", "period": "Q1", "revenue": 70132000, "costOfRevenue": 17425000, "grossProfit": 52707000, "grossProfitRatio": 0.75153995323105, "researchAndDevelopmentExpenses": 5191000, "generalAndAdministrativeExpenses": 13468000, "sellingAndMarketingExpenses": 27854000, "otherExpenses": 910000, "operatingExpenses": 47423000, "costAndExpenses": 64848000, "interestExpense": 0, "depreciationAndAmortization": 2443000, "ebitda": 7727000, "ebitdaratio": 0.11017795015114355, "operatingIncome": 5284000, "operatingIncomeRatio": 0.07534363771174357, "totalOtherIncomeExpensesNet": 148000, "incomeBeforeTax": 5432000, "incomeBeforeTaxRatio": 0.07745394399133064, "incomeTaxExpense": -2796000, "netIncome": 8228000, "netIncomeRatio": 0.11732162208407004, "eps": 0.04, "epsdiluted": 0.04, "weightedAverageShsOut": 65983000, "weightedAverageShsOutDil": 66447000, "link": "https://www.sec.gov/Archives/edgar/data/1097149/000110465909030482/0001104659-09-030482-index.htm", "finalLink": "https://www.sec.gov/Archives/edgar/data/1097149/000110465909030482/a09-11202_110q.htm"}, {"date": "2008-12-31", "symbol": "ALGN", "fillingDate": "2009-02-27", "acceptedDate": "2009-02-27 15:31:45", "period": "FY", "revenue": 74125000, "costOfRevenue": 20233000, "grossProfit": 53892000, "grossProfitRatio": 0.7270421585160203, "researchAndDevelopmentExpenses": 5951000, "generalAndAdministrativeExpenses": 16249000, "sellingAndMarketingExpenses": 26325000, "otherExpenses": 4042000, "operatingExpenses": 52567000, "costAndExpenses": 72800000, "interestExpense": 24000, "depreciationAndAmortization": 2599000, "ebitda": 3924000, "ebitdaratio": 0.05293760539629005, "operatingIncome": 1325000, "operatingIncomeRatio": 0.0178752107925801, "totalOtherIncomeExpensesNet": -3139000, "incomeBeforeTax": 1214000, "incomeBeforeTaxRatio": 0.016377740303541315, "incomeTaxExpense": -61540000, "netIncome": 62754000, "netIncomeRatio": 0.8465969645868465, "eps": 1.2, "epsdiluted": 1.18, "weightedAverageShsOut": 66812000, "weightedAverageShsOutDil": 68064000, "link": "https://www.sec.gov/Archives/edgar/data/1097149/000104746909001977/0001047469-09-001977-index.htm", "finalLink": "https://www.sec.gov/Archives/edgar/data/1097149/000104746909001977/a2190903z10-k.htm"}, {"date": "2008-09-30", "symbol": "ALGN", "fillingDate": "2008-11-05", "acceptedDate": "2008-11-05 16:48:41", "period": "Q3", "revenue": 75173000, "costOfRevenue": 18766000, "grossProfit": 56407000, "grossProfitRatio": 0.7503624971731871, "researchAndDevelopmentExpenses": 5918000, "generalAndAdministrativeExpenses": 14395000, "sellingAndMarketingExpenses": 28214000, "otherExpenses": 2189000, "operatingExpenses": 50716000, "costAndExpenses": 69482000, "interestExpense": 0, "depreciationAndAmortization": 2562000, "ebitda": 8253000, "ebitdaratio": 0.10978675854362603, "operatingIncome": 5691000, "operatingIncomeRatio": 0.07570537293975231, "totalOtherIncomeExpensesNet": 264000, "incomeBeforeTax": 5955000, "incomeBeforeTaxRatio": 0.07921727215888684, "incomeTaxExpense": -798000, "netIncome": 6753000, "netIncomeRatio": 0.0898327857076344, "eps": 0.21, "epsdiluted": 0.21, "weightedAverageShsOut": 68330000, "weightedAverageShsOutDil": 69906000, "link": "https://www.sec.gov/Archives/edgar/data/1097149/000110465908068237/0001104659-08-068237-index.htm", "finalLink": "https://www.sec.gov/Archives/edgar/data/1097149/000110465908068237/a08-25512_110q.htm"}, {"date": "2008-06-30", "symbol": "ALGN", "fillingDate": "2008-08-08", "acceptedDate": "2008-08-08 15:39:35", "period": "Q2", "revenue": 79902000, "costOfRevenue": 20243000, "grossProfit": 59659000, "grossProfitRatio": 0.746652148882381, "researchAndDevelopmentExpenses": 7001000, "generalAndAdministrativeExpenses": 16322000, "sellingAndMarketingExpenses": 32464000, "otherExpenses": 0, "operatingExpenses": 55787000, "costAndExpenses": 76030000, "interestExpense": 0, "depreciationAndAmortization": 2450000, "ebitda": 6322000, "ebitdaratio": 0.07912192435733774, "operatingIncome": 3872000, "operatingIncomeRatio": 0.048459362719331184, "totalOtherIncomeExpensesNet": 443000, "incomeBeforeTax": 4315000, "incomeBeforeTaxRatio": 0.054003654476734, "incomeTaxExpense": -285000, "netIncome": 4600000, "netIncomeRatio": 0.057570523891767415, "eps": 0.14, "epsdiluted": 0.13, "weightedAverageShsOut": 68817000, "weightedAverageShsOutDil": 70478000, "link": "https://www.sec.gov/Archives/edgar/data/1097149/000110465908051330/0001104659-08-051330-index.htm", "finalLink": "https://www.sec.gov/Archives/edgar/data/1097149/000110465908051330/a08-18826_110q.htm"}, {"date": "2008-03-31", "symbol": "ALGN", "fillingDate": "2008-05-08", "acceptedDate": "2008-05-08 17:26:52", "period": "Q1", "revenue": 74776000, "costOfRevenue": 19608000, "grossProfit": 55168000, "grossProfitRatio": 0.7377768267893442, "researchAndDevelopmentExpenses": 7295000, "generalAndAdministrativeExpenses": 15188000, "sellingAndMarketingExpenses": 28059000, "otherExpenses": 0, "operatingExpenses": 50542000, "costAndExpenses": 70150000, "interestExpense": 0, "depreciationAndAmortization": 2353000, "ebitda": 6979000, "ebitdaratio": 0.09333208516101422, "operatingIncome": 4626000, "operatingIncomeRatio": 0.061864769444741625, "totalOtherIncomeExpensesNet": 966000, "incomeBeforeTax": 5592000, "incomeBeforeTaxRatio": 0.07478335294746978, "incomeTaxExpense": -288000, "netIncome": 5880000, "netIncomeRatio": 0.07863485610356263, "eps": 0.08, "epsdiluted": 0.07, "weightedAverageShsOut": 69053000, "weightedAverageShsOutDil": 70860000, "link": "https://www.sec.gov/Archives/edgar/data/1097149/000110465908031394/0001104659-08-031394-index.htm", "finalLink": "https://www.sec.gov/Archives/edgar/data/1097149/000110465908031394/a08-11459_110q.htm"}, {"date": "2007-12-31", "symbol": "ALGN", "fillingDate": "2008-02-26", "acceptedDate": "2008-02-26 17:15:37", "period": "FY", "revenue": 72517000, "costOfRevenue": 19127000, "grossProfit": 53390000, "grossProfitRatio": 0.7362411572458871, "researchAndDevelopmentExpenses": 6610000, "generalAndAdministrativeExpenses": 15266000, "sellingAndMarketingExpenses": 26502000, "otherExpenses": -758000, "operatingExpenses": 48378000, "costAndExpenses": 67505000, "interestExpense": 342000, "depreciationAndAmortization": 2338000, "ebitda": 7350000, "ebitdaratio": 0.10135554421721803, "operatingIncome": 5012000, "operatingIncomeRatio": 0.06911482824716964, "totalOtherIncomeExpensesNet": -3001000, "incomeBeforeTax": 5864000, "incomeBeforeTaxRatio": 0.08086379745439, "incomeTaxExpense": 2256000, "netIncome": 3608000, "netIncomeRatio": 0.04975385082118675, "eps": 0.53, "epsdiluted": 0.5, "weightedAverageShsOut": 67176000, "weightedAverageShsOutDil": 71444000, "link": "https://www.sec.gov/Archives/edgar/data/1097149/000104746908001750/0001047469-08-001750-index.htm", "finalLink": "https://www.sec.gov/Archives/edgar/data/1097149/000104746908001750/a2182917z10-k.htm"}, {"date": "2007-09-30", "symbol": "ALGN", "fillingDate": "2007-11-05", "acceptedDate": "2007-11-05 16:56:28", "period": "Q3", "revenue": 71451000, "costOfRevenue": 18132000, "grossProfit": 53319000, "grossProfitRatio": 0.746231683251459, "researchAndDevelopmentExpenses": 6749000, "generalAndAdministrativeExpenses": 13949000, "sellingAndMarketingExpenses": 24226000, "otherExpenses": 0, "operatingExpenses": 44924000, "costAndExpenses": 63056000, "interestExpense": 0, "depreciationAndAmortization": 2627000, "ebitda": 11022000, "ebitdaratio": 0.15425956249737582, "operatingIncome": 8395000, "operatingIncomeRatio": 0.1174931071643504, "totalOtherIncomeExpensesNet": 1108000, "incomeBeforeTax": 9503000, "incomeBeforeTaxRatio": 0.13300023792529145, "incomeTaxExpense": -43000, "netIncome": 9546000, "netIncomeRatio": 0.1336020489566276, "eps": 0.45, "epsdiluted": 0.42, "weightedAverageShsOut": 66709000, "weightedAverageShsOutDil": 71058000, "link": "https://www.sec.gov/Archives/edgar/data/1097149/000110465907079794/0001104659-07-079794-index.htm", "finalLink": "https://www.sec.gov/Archives/edgar/data/1097149/000110465907079794/a07-25733_110q.htm"}, {"date": "2007-06-30", "symbol": "ALGN", "fillingDate": "2007-08-03", "acceptedDate": "2007-08-03 16:18:55", "period": "Q2", "revenue": 76603000, "costOfRevenue": 20247000, "grossProfit": 56356000, "grossProfitRatio": 0.7356892027727373, "researchAndDevelopmentExpenses": 6675000, "generalAndAdministrativeExpenses": 11880000, "sellingAndMarketingExpenses": 24353000, "otherExpenses": 0, "operatingExpenses": 42908000, "costAndExpenses": 63155000, "interestExpense": 0, "depreciationAndAmortization": 2659000, "ebitda": 16107000, "ebitdaratio": 0.2102659164784669, "operatingIncome": 13448000, "operatingIncomeRatio": 0.175554482200436, "totalOtherIncomeExpensesNet": 680000, "incomeBeforeTax": 14128000, "incomeBeforeTaxRatio": 0.1844314191350208, "incomeTaxExpense": -510000, "netIncome": 14638000, "netIncomeRatio": 0.1910891218359594, "eps": 0.31, "epsdiluted": 0.29, "weightedAverageShsOut": 66068000, "weightedAverageShsOutDil": 70346000, "link": "https://www.sec.gov/Archives/edgar/data/1097149/000110465907058767/0001104659-07-058767-index.htm", "finalLink": "https://www.sec.gov/Archives/edgar/data/1097149/000110465907058767/a07-19055_110q.htm"}, {"date": "2007-03-31", "symbol": "ALGN", "fillingDate": "2007-05-07", "acceptedDate": "2007-05-07 17:08:15", "period": "Q1", "revenue": 63761000, "costOfRevenue": 17529000, "grossProfit": 46232000, "grossProfitRatio": 0.7250827308229169, "researchAndDevelopmentExpenses": 5693000, "generalAndAdministrativeExpenses": 12185000, "sellingAndMarketingExpenses": 23150000, "otherExpenses": 0, "operatingExpenses": 39232000, "costAndExpenses": 56761000, "interestExpense": 0, "depreciationAndAmortization": 2552000, "ebitda": 9552000, "ebitdaratio": 0.1498094446448456, "operatingIncome": 7000000, "operatingIncomeRatio": 0.10978497827825787, "totalOtherIncomeExpensesNet": 455000, "incomeBeforeTax": 7455000, "incomeBeforeTaxRatio": 0.11692100186634463, "incomeTaxExpense": -477000, "netIncome": 7932000, "netIncomeRatio": 0.12440206395759164, "eps": 0.11, "epsdiluted": 0.1, "weightedAverageShsOut": 65433000, "weightedAverageShsOutDil": 69331000, "link": "https://www.sec.gov/Archives/edgar/data/1097149/000110465907036562/0001104659-07-036562-index.htm", "finalLink": "https://www.sec.gov/Archives/edgar/data/1097149/000110465907036562/a07-11051_110q.htm"}, {"date": "2006-12-31", "symbol": "ALGN", "fillingDate": "2007-03-12", "acceptedDate": "2007-03-12 16:52:06", "period": "FY", "revenue": 55191000, "costOfRevenue": 17197000, "grossProfit": 37994000, "grossProfitRatio": 0.6884093421028791, "researchAndDevelopmentExpenses": 4948000, "generalAndAdministrativeExpenses": 14649000, "sellingAndMarketingExpenses": 22121000, "otherExpenses": 14343000, "operatingExpenses": 56061000, "costAndExpenses": 73258000, "interestExpense": 296000, "depreciationAndAmortization": 2502000, "ebitda": -15565000, "ebitdaratio": -0.282020619303872, "operatingIncome": -18067000, "operatingIncomeRatio": -0.3273540975883749, "totalOtherIncomeExpensesNet": -1875000, "incomeBeforeTax": -17059000, "incomeBeforeTaxRatio": -0.30909025022195646, "incomeTaxExpense": 1446000, "netIncome": -18505000, "netIncomeRatio": -0.33529017412259243, "eps": -0.55, "epsdiluted": -0.55, "weightedAverageShsOut": 63246000, "weightedAverageShsOutDil": 63246000, "link": "https://www.sec.gov/Archives/edgar/data/1097149/000110465907018240/0001104659-07-018240-index.htm", "finalLink": "https://www.sec.gov/Archives/edgar/data/1097149/000110465907018240/a07-5886_110k.htm"}, {"date": "2006-09-30", "symbol": "ALGN", "fillingDate": "2006-11-07", "acceptedDate": "2006-11-07 17:01:35", "period": "Q3", "revenue": 49034000, "costOfRevenue": 16789000, "grossProfit": 32245000, "grossProfitRatio": 0.657604927193376, "researchAndDevelopmentExpenses": 4807000, "generalAndAdministrativeExpenses": 19238000, "sellingAndMarketingExpenses": 19165000, "otherExpenses": -1539000, "operatingExpenses": 43210000, "costAndExpenses": 59999000, "interestExpense": 1539000, "depreciationAndAmortization": 2176000, "ebitda": -8789000, "ebitdaratio": -0.17924297426275645, "operatingIncome": -10965000, "operatingIncomeRatio": -0.22362034506668843, "totalOtherIncomeExpensesNet": 854000, "incomeBeforeTax": -10111000, "incomeBeforeTaxRatio": -0.20620385854713055, "incomeTaxExpense": -209000, "netIncome": -9902000, "netIncomeRatio": -0.20194150997267202, "eps": -0.28, "epsdiluted": -0.28, "weightedAverageShsOut": 62907000, "weightedAverageShsOutDil": 62907000, "link": "https://www.sec.gov/Archives/edgar/data/1097149/000110465906072262/0001104659-06-072262-index.htm", "finalLink": "https://www.sec.gov/Archives/edgar/data/1097149/000110465906072262/a06-21938_110q.htm"}, {"date": "2006-06-30", "symbol": "ALGN", "fillingDate": "2006-08-07", "acceptedDate": "2006-08-07 17:03:19", "period": "Q2", "revenue": 53221000, "costOfRevenue": 16492000, "grossProfit": 36729000, "grossProfitRatio": 0.6901223201367881, "researchAndDevelopmentExpenses": 4025000, "generalAndAdministrativeExpenses": 15354000, "sellingAndMarketingExpenses": 40707000, "otherExpenses": -18527000, "operatingExpenses": 40020000, "costAndExpenses": 56512000, "interestExpense": -841000, "depreciationAndAmortization": 2427000, "ebitda": -864000, "ebitdaratio": -0.01623419326957404, "operatingIncome": -3291000, "operatingIncomeRatio": -0.061836493113620564, "totalOtherIncomeExpensesNet": 841000, "incomeBeforeTax": -2450000, "incomeBeforeTaxRatio": -0.046034460081546755, "incomeTaxExpense": -160000, "netIncome": -2290000, "netIncomeRatio": -0.043028127994588605, "eps": -0.12, "epsdiluted": -0.12, "weightedAverageShsOut": 62743000, "weightedAverageShsOutDil": 62743000, "link": "https://www.sec.gov/Archives/edgar/data/1097149/000110465906052072/0001104659-06-052072-index.htm", "finalLink": "https://www.sec.gov/Archives/edgar/data/1097149/000110465906052072/a06-15634_110q.htm"}, {"date": "2006-03-31", "symbol": "ALGN", "fillingDate": "2006-05-03", "acceptedDate": "2006-05-03 17:04:49", "period": "Q1", "revenue": 48908000, "costOfRevenue": 14297000, "grossProfit": 34611000, "grossProfitRatio": 0.7076756358877894, "researchAndDevelopmentExpenses": 4694000, "generalAndAdministrativeExpenses": 15064000, "sellingAndMarketingExpenses": 0, "otherExpenses": 20066000, "operatingExpenses": 39824000, "costAndExpenses": 54121000, "interestExpense": -698000, "depreciationAndAmortization": 2174000, "ebitda": -3039000, "ebitdaratio": -0.062137073689375974, "operatingIncome": -5213000, "operatingIncomeRatio": -0.10658787928355279, "totalOtherIncomeExpensesNet": 698000, "incomeBeforeTax": -4515000, "incomeBeforeTaxRatio": -0.09231618549112619, "incomeTaxExpense": -249000, "netIncome": -4266000, "netIncomeRatio": -0.08722499386603419, "eps": -0.08, "epsdiluted": -0.08, "weightedAverageShsOut": 62518000, "weightedAverageShsOutDil": 62518000, "link": "https://www.sec.gov/Archives/edgar/data/1097149/000110465906030779/0001104659-06-030779-index.htm", "finalLink": "https://www.sec.gov/Archives/edgar/data/1097149/000110465906030779/a06-9808_110q.htm"}, {"date": "2005-12-31", "symbol": "ALGN", "fillingDate": "2006-03-01", "acceptedDate": "2006-03-01 16:38:30", "period": "FY", "revenue": 51164000, "costOfRevenue": 16711000, "grossProfit": 34453000, "grossProfitRatio": 0.6733836291142209, "researchAndDevelopmentExpenses": 3927000, "generalAndAdministrativeExpenses": 11293000, "sellingAndMarketingExpenses": 18570000, "otherExpenses": -1525000, "operatingExpenses": 33790000, "costAndExpenses": 50501000, "interestExpense": 110000, "depreciationAndAmortization": 2556000, "ebitda": 3219000, "ebitdaratio": 0.06291533109217419, "operatingIncome": 663000, "operatingIncomeRatio": 0.012958330075834572, "totalOtherIncomeExpensesNet": 0, "incomeBeforeTax": 918000, "incomeBeforeTaxRatio": 0.01794230318192479, "incomeTaxExpense": 2242000, "netIncome": -1324000, "netIncomeRatio": -0.025877570166523336, "eps": 0.02, "epsdiluted": 0.02, "weightedAverageShsOut": 61644000, "weightedAverageShsOutDil": 63152000, "link": "https://www.sec.gov/Archives/edgar/data/1097149/000110465906013213/0001104659-06-013213-index.htm", "finalLink": "https://www.sec.gov/Archives/edgar/data/1097149/000110465906013213/a06-5488_110k.htm"}, {"date": "2005-09-30", "symbol": "ALGN", "fillingDate": "2005-11-04", "acceptedDate": "2005-11-04 14:30:34", "period": "Q3", "revenue": 50866000, "costOfRevenue": 14975000, "grossProfit": 35891000, "grossProfitRatio": 0.7055990248889238, "researchAndDevelopmentExpenses": 4400000, "generalAndAdministrativeExpenses": 11715000, "sellingAndMarketingExpenses": 21315000, "otherExpenses": 0, "operatingExpenses": 37430000, "costAndExpenses": 52405000, "interestExpense": 0, "depreciationAndAmortization": 2176000, "ebitda": 637000, "ebitdaratio": 0.012523099909566312, "operatingIncome": -1539000, "operatingIncomeRatio": -0.030255966657492233, "totalOtherIncomeExpensesNet": 0, "incomeBeforeTax": -1213000, "incomeBeforeTaxRatio": -0.02384697047143475, "incomeTaxExpense": -303000, "netIncome": -910000, "netIncomeRatio": -0.017890142727951874, "eps": 0.01, "epsdiluted": 0.01, "weightedAverageShsOut": 61509000, "weightedAverageShsOutDil": 63129000, "link": "https://www.sec.gov/Archives/edgar/data/1097149/000110465905052646/0001104659-05-052646-index.htm", "finalLink": "https://www.sec.gov/Archives/edgar/data/1097149/000110465905052646/a05-19236_110q.htm"}, {"date": "2005-06-30", "symbol": "ALGN", "fillingDate": "2005-08-04", "acceptedDate": "2005-08-04 14:12:06", "period": "Q2", "revenue": 53940000, "costOfRevenue": 16620000, "grossProfit": 37320000, "grossProfitRatio": 0.6918798665183538, "researchAndDevelopmentExpenses": 5355000, "generalAndAdministrativeExpenses": 9723000, "sellingAndMarketingExpenses": 21049000, "otherExpenses": 0, "operatingExpenses": 36127000, "costAndExpenses": 52747000, "interestExpense": 0, "depreciationAndAmortization": 2645000, "ebitda": 3838000, "ebitdaratio": 0.07115313311086392, "operatingIncome": 1193000, "operatingIncomeRatio": 0.022117167222840194, "totalOtherIncomeExpensesNet": 0, "incomeBeforeTax": 955000, "incomeBeforeTaxRatio": 0.017704857248794958, "incomeTaxExpense": -417000, "netIncome": 1372000, "netIncomeRatio": 0.02543566926214312, "eps": 0.04, "epsdiluted": 0.04, "weightedAverageShsOut": 61367000, "weightedAverageShsOutDil": 62939000, "link": "https://www.sec.gov/Archives/edgar/data/1097149/000110465905036404/0001104659-05-036404-index.htm", "finalLink": "https://www.sec.gov/Archives/edgar/data/1097149/000110465905036404/a05-12559_110q.htm"}, {"date": "2005-03-31", "symbol": "ALGN", "fillingDate": "2005-05-05", "acceptedDate": "2005-05-05 14:22:12", "period": "Q1", "revenue": 51155000, "costOfRevenue": 15478000, "grossProfit": 35677000, "grossProfitRatio": 0.6974293812921513, "researchAndDevelopmentExpenses": 4903000, "generalAndAdministrativeExpenses": 9511000, "sellingAndMarketingExpenses": 19134000, "otherExpenses": 0, "operatingExpenses": 33548000, "costAndExpenses": 49026000, "interestExpense": 0, "depreciationAndAmortization": 2722000, "ebitda": 4851000, "ebitdaratio": 0.09482943993744503, "operatingIncome": 2129000, "operatingIncomeRatio": 0.04161861010653895, "totalOtherIncomeExpensesNet": 0, "incomeBeforeTax": 2069000, "incomeBeforeTaxRatio": 0.04044570423223536, "incomeTaxExpense": -206000, "netIncome": 2275000, "netIncomeRatio": 0.044472681067344345, "eps": 0.03, "epsdiluted": 0.03, "weightedAverageShsOut": 61246000, "weightedAverageShsOutDil": 63148000, "link": "https://www.sec.gov/Archives/edgar/data/1097149/000104746905013464/0001047469-05-013464-index.htm", "finalLink": "https://www.sec.gov/Archives/edgar/data/1097149/000104746905013464/a2157527z10-q.htm"}, {"date": "2004-12-31", "symbol": "ALGN", "fillingDate": "2005-03-03", "acceptedDate": "2005-03-03 17:16:57", "period": "FY", "revenue": 43655000, "costOfRevenue": 14961000, "grossProfit": 28694000, "grossProfitRatio": 0.6572901156797618, "researchAndDevelopmentExpenses": 4006000, "generalAndAdministrativeExpenses": 8655000, "sellingAndMarketingExpenses": 15377000, "otherExpenses": 174000, "operatingExpenses": 28038000, "costAndExpenses": 42999000, "interestExpense": -348000, "depreciationAndAmortization": 2969000, "ebitda": 3625000, "ebitdaratio": 0.08303745275455274, "operatingIncome": 656000, "operatingIncomeRatio": 0.015026915588134234, "totalOtherIncomeExpensesNet": 619000, "incomeBeforeTax": 1272000, "incomeBeforeTaxRatio": 0.029137555835528576, "incomeTaxExpense": 1837000, "netIncome": -565000, "netIncomeRatio": -0.01294238918795098, "eps": 0.15, "epsdiluted": 0.15, "weightedAverageShsOut": 59963000, "weightedAverageShsOutDil": 59963000, "link": "https://www.sec.gov/Archives/edgar/data/1097149/000119312505041786/0001193125-05-041786-index.htm", "finalLink": "https://www.sec.gov/Archives/edgar/data/1097149/000119312505041786/d10k.htm"}, {"date": "2004-09-30", "symbol": "ALGN", "fillingDate": "2004-11-05", "acceptedDate": "2004-11-05 16:47:11", "period": "Q3", "revenue": 45766000, "costOfRevenue": 14922000, "grossProfit": 30844000, "grossProfitRatio": 0.6739500939562121, "researchAndDevelopmentExpenses": 4846000, "generalAndAdministrativeExpenses": 8263000, "sellingAndMarketingExpenses": 13884000, "otherExpenses": -217000, "operatingExpenses": 26993000, "costAndExpenses": 41915000, "interestExpense": 217000, "depreciationAndAmortization": 2277000, "ebitda": 6128000, "ebitdaratio": 0.13389852729100205, "operatingIncome": 3851000, "operatingIncomeRatio": 0.08414543547611764, "totalOtherIncomeExpensesNet": -217000, "incomeBeforeTax": 3634000, "incomeBeforeTaxRatio": 0.07940392431062361, "incomeTaxExpense": -316000, "netIncome": 3950000, "netIncomeRatio": 0.08630861338111262, "eps": 0.13, "epsdiluted": 0.13, "weightedAverageShsOut": 59703000, "weightedAverageShsOutDil": 59703000, "link": "https://www.sec.gov/Archives/edgar/data/1097149/000119312504187955/0001193125-04-187955-index.htm", "finalLink": "https://www.sec.gov/Archives/edgar/data/1097149/000119312504187955/d10q.htm"}, {"date": "2004-06-30", "symbol": "ALGN", "fillingDate": "2004-08-05", "acceptedDate": "2004-08-05 14:54:53", "period": "Q2", "revenue": 44204000, "costOfRevenue": 14250000, "grossProfit": 29954000, "grossProfitRatio": 0.6776309836213917, "researchAndDevelopmentExpenses": 3558000, "generalAndAdministrativeExpenses": 8656000, "sellingAndMarketingExpenses": 13399000, "otherExpenses": -175000, "operatingExpenses": 25613000, "costAndExpenses": 39863000, "interestExpense": 175000, "depreciationAndAmortization": 2167000, "ebitda": 6508000, "ebitdaratio": 0.14722649533978827, "operatingIncome": 4341000, "operatingIncomeRatio": 0.09820378246312551, "totalOtherIncomeExpensesNet": -175000, "incomeBeforeTax": 4166000, "incomeBeforeTaxRatio": 0.09424486471812506, "incomeTaxExpense": -394000, "netIncome": 4560000, "netIncomeRatio": 0.10315808524115465, "eps": 0.07, "epsdiluted": 0.07, "weightedAverageShsOut": 59391000, "weightedAverageShsOutDil": 59391000, "link": "https://www.sec.gov/Archives/edgar/data/1097149/000119312504132531/0001193125-04-132531-index.htm", "finalLink": "https://www.sec.gov/Archives/edgar/data/1097149/000119312504132531/d10q.htm"}, {"date": "2004-03-31", "symbol": "ALGN", "fillingDate": "2004-05-06", "acceptedDate": "2004-05-06 14:28:55", "period": "Q1", "revenue": 39205000, "costOfRevenue": 13393000, "grossProfit": 25812000, "grossProfitRatio": 0.6583854100242316, "researchAndDevelopmentExpenses": 3346000, "generalAndAdministrativeExpenses": 8277000, "sellingAndMarketingExpenses": 13272000, "otherExpenses": -227000, "operatingExpenses": 24895000, "costAndExpenses": 38288000, "interestExpense": 227000, "depreciationAndAmortization": 2184000, "ebitda": 3101000, "ebitdaratio": 0.07909705394720061, "operatingIncome": 917000, "operatingIncomeRatio": 0.023389873740594314, "totalOtherIncomeExpensesNet": -227000, "incomeBeforeTax": 690000, "incomeBeforeTaxRatio": 0.01759979594439485, "incomeTaxExpense": -133000, "netIncome": 823000, "netIncomeRatio": 0.020992220380053564, "eps": 0.01, "epsdiluted": 0.01, "weightedAverageShsOut": 59091000, "weightedAverageShsOutDil": 59091000, "link": "https://www.sec.gov/Archives/edgar/data/1097149/000119312504080451/0001193125-04-080451-index.htm", "finalLink": "https://www.sec.gov/Archives/edgar/data/1097149/000119312504080451/d10q.htm"}, {"date": "2003-12-31", "symbol": "ALGN", "fillingDate": "2004-03-09", "acceptedDate": "2004-03-09 16:24:00", "period": "FY", "revenue": 36502000, "costOfRevenue": 12926000, "grossProfit": 23576000, "grossProfitRatio": 0.6458824174017862, "researchAndDevelopmentExpenses": 3302000, "generalAndAdministrativeExpenses": 8666000, "sellingAndMarketingExpenses": 11138000, "otherExpenses": -101000, "operatingExpenses": 23106000, "costAndExpenses": 36032000, "interestExpense": 197000, "depreciationAndAmortization": 2192000, "ebitda": 2662000, "ebitdaratio": 0.07292751082132486, "operatingIncome": 470000, "operatingIncomeRatio": 0.012876006794148265, "totalOtherIncomeExpensesNet": 167000, "incomeBeforeTax": 536000, "incomeBeforeTaxRatio": 0.01468412689715632, "incomeTaxExpense": 84000, "netIncome": 452000, "netIncomeRatio": 0.012382883129691524, "eps": -0.35, "epsdiluted": -0.35, "weightedAverageShsOut": 57758000, "weightedAverageShsOutDil": 57758000, "link": "https://www.sec.gov/Archives/edgar/data/1097149/000119312504037274/0001193125-04-037274-index.htm", "finalLink": "https://www.sec.gov/Archives/edgar/data/1097149/000119312504037274/d10k.htm"}, {"date": "2003-09-30", "symbol": "ALGN", "fillingDate": "2003-11-12", "acceptedDate": "2003-11-12 16:44:56", "period": "Q3", "revenue": 34038000, "costOfRevenue": 13446000, "grossProfit": 20592000, "grossProfitRatio": 0.6049709148598625, "researchAndDevelopmentExpenses": 3113000, "generalAndAdministrativeExpenses": 8722000, "sellingAndMarketingExpenses": 10505000, "otherExpenses": -396000, "operatingExpenses": 22340000, "costAndExpenses": 35786000, "interestExpense": 396000, "depreciationAndAmortization": 2294000, "ebitda": 546000, "ebitdaratio": 0.01604089546976908, "operatingIncome": -1748000, "operatingIncomeRatio": -0.05135436864680651, "totalOtherIncomeExpensesNet": -396000, "incomeBeforeTax": -2144000, "incomeBeforeTaxRatio": -0.06298842470180387, "incomeTaxExpense": 0, "netIncome": -2144000, "netIncomeRatio": -0.06298842470180387, "eps": -0.36, "epsdiluted": -0.36, "weightedAverageShsOut": 57543000, "weightedAverageShsOutDil": 57543000, "link": "https://www.sec.gov/Archives/edgar/data/1097149/000119312503078570/0001193125-03-078570-index.htm", "finalLink": "https://www.sec.gov/Archives/edgar/data/1097149/000119312503078570/d10q.htm"}, {"date": "2003-06-30", "symbol": "ALGN", "fillingDate": "2003-08-13", "acceptedDate": "2003-08-13 14:04:10", "period": "Q2", "revenue": 27450000, "costOfRevenue": 13383000, "grossProfit": 14067000, "grossProfitRatio": 0.5124590163934426, "researchAndDevelopmentExpenses": 3712000, "generalAndAdministrativeExpenses": 9014000, "sellingAndMarketingExpenses": 11416000, "otherExpenses": 427000, "operatingExpenses": 24142000, "costAndExpenses": 37525000, "interestExpense": -427000, "depreciationAndAmortization": 2336000, "ebitda": -7739000, "ebitdaratio": -0.2819307832422587, "operatingIncome": -10075000, "operatingIncomeRatio": -0.3670309653916211, "totalOtherIncomeExpensesNet": 427000, "incomeBeforeTax": -9648000, "incomeBeforeTaxRatio": -0.35147540983606557, "incomeTaxExpense": 0, "netIncome": -9648000, "netIncomeRatio": -0.35147540983606557, "eps": -0.32, "epsdiluted": -0.32, "weightedAverageShsOut": 57339000, "weightedAverageShsOutDil": 57339000, "link": "https://www.sec.gov/Archives/edgar/data/1097149/000119312503035649/0001193125-03-035649-index.htm", "finalLink": "https://www.sec.gov/Archives/edgar/data/1097149/000119312503035649/d10q.htm"}, {"date": "2003-03-31", "symbol": "ALGN", "fillingDate": "2003-05-13", "acceptedDate": "2003-05-13 17:07:25", "period": "Q1", "revenue": 24735000, "costOfRevenue": 11810000, "grossProfit": 12925000, "grossProfitRatio": 0.5225389124722054, "researchAndDevelopmentExpenses": 2985000, "generalAndAdministrativeExpenses": 7894000, "sellingAndMarketingExpenses": 10630000, "otherExpenses": -198000, "operatingExpenses": 21509000, "costAndExpenses": 33319000, "interestExpense": 198000, "depreciationAndAmortization": 2297000, "ebitda": -6287000, "ebitdaratio": -0.25417424701839497, "operatingIncome": -8584000, "operatingIncomeRatio": -0.34703860925813623, "totalOtherIncomeExpensesNet": -198000, "incomeBeforeTax": -8782000, "incomeBeforeTaxRatio": -0.3550434606832424, "incomeTaxExpense": 0, "netIncome": -8782000, "netIncomeRatio": -0.3550434606832424, "eps": -0.15, "epsdiluted": -0.15, "weightedAverageShsOut": 57189000, "weightedAverageShsOutDil": 57189000, "link": "https://www.sec.gov/Archives/edgar/data/1097149/000095016803001720/0000950168-03-001720-index.htm", "finalLink": "https://www.sec.gov/Archives/edgar/data/1097149/000095016803001720/d10q.htm"}]