[{"date": "2020-03-31", "symbol": "MAR", "fillingDate": "2020-05-11", "acceptedDate": "2020-05-11 12:50:56", "period": "Q1", "revenue": 4681000000, "costOfRevenue": 3797000000, "grossProfit": 4681000000, "grossProfitRatio": 1.0, "researchAndDevelopmentExpenses": 0.0, "generalAndAdministrativeExpenses": 270000000, "sellingAndMarketingExpenses": 0.0, "otherExpenses": 0.0, "operatingExpenses": 270000000, "costAndExpenses": 4567000000, "interestExpense": 93000000, "depreciationAndAmortization": 175000000, "ebitda": 289000000, "ebitdaratio": 0.0617389446699, "operatingIncome": 114000000, "operatingIncomeRatio": 0.0243537705618, "totalOtherIncomeExpensesNet": -4000000.0, "incomeBeforeTax": 19000000, "incomeBeforeTaxRatio": 0.00405896176031, "incomeTaxExpense": -12000000, "netIncome": 31000000, "netIncomeRatio": 0.00662251655629, "eps": 0.1, "epsdiluted": 0.09, "weightedAverageShsOut": 325400000, "weightedAverageShsOutDil": 327400000, "link": "https://www.sec.gov/Archives/edgar/data/1048286/000162828020007376/0001628280-20-007376-index.htm", "finalLink": "https://www.sec.gov/Archives/edgar/data/1048286/000162828020007376/mar-q12020x10q.htm"}, {"date": "2019-12-31", "symbol": "MAR", "fillingDate": "2020-02-27", "acceptedDate": "2020-02-27 11:40:50", "period": "FY", "revenue": 5371000000, "costOfRevenue": 4370000000, "grossProfit": 1001000000, "grossProfitRatio": 0.186371253026, "researchAndDevelopmentExpenses": 0.0, "generalAndAdministrativeExpenses": 267000000, "sellingAndMarketingExpenses": 0.0, "otherExpenses": 0.0, "operatingExpenses": 267000000, "costAndExpenses": 5097000000, "interestExpense": 95000000, "depreciationAndAmortization": 196000000, "ebitda": 470000000, "ebitdaratio": 0.08750698194, "operatingIncome": 274000000, "operatingIncomeRatio": 0.0510147086204, "totalOtherIncomeExpensesNet": 138000000, "incomeBeforeTax": 326000000, "incomeBeforeTaxRatio": 0.0606963321542, "incomeTaxExpense": 47000000, "netIncome": 279000000, "netIncomeRatio": 0.0519456339602, "eps": 0.86, "epsdiluted": 0.85, "weightedAverageShsOut": 332700000, "weightedAverageShsOutDil": 335500000, "link": "https://www.sec.gov/Archives/edgar/data/1048286/000162828020002376/0001628280-20-002376-index.htm", "finalLink": "https://www.sec.gov/Archives/edgar/data/1048286/000162828020002376/mar-q42019x10k.htm"}, {"date": "2019-09-30", "symbol": "MAR", "fillingDate": "2019-11-05", "acceptedDate": "2019-11-05 14:32:59", "period": "Q3", "revenue": 5284000000, "costOfRevenue": 4070000000, "grossProfit": 1214000000, "grossProfitRatio": 0.229750189251, "researchAndDevelopmentExpenses": 0.0, "generalAndAdministrativeExpenses": 220000000, "sellingAndMarketingExpenses": 0.0, "otherExpenses": 0.0, "operatingExpenses": 220000000, "costAndExpenses": 4677000000, "interestExpense": 100000000, "depreciationAndAmortization": 68000000, "ebitda": 675000000, "ebitdaratio": 0.127744133232, "operatingIncome": 607000000, "operatingIncomeRatio": 0.114875094625, "totalOtherIncomeExpensesNet": 10000000, "incomeBeforeTax": 527000000, "incomeBeforeTaxRatio": 0.0997350492051, "incomeTaxExpense": 140000000, "netIncome": 387000000, "netIncomeRatio": 0.0732399697199, "eps": 1.17, "epsdiluted": 1.16, "weightedAverageShsOut": 334400000, "weightedAverageShsOutDil": 337200000, "link": "https://www.sec.gov/Archives/edgar/data/1048286/000162828019013294/0001628280-19-013294-index.htm", "finalLink": "https://www.sec.gov/Archives/edgar/data/1048286/000162828019013294/mar-q32019x10q.htm"}, {"date": "2019-06-30", "symbol": "MAR", "fillingDate": "2019-08-06", "acceptedDate": "2019-08-06 13:22:17", "period": "Q2", "revenue": 5305000000, "costOfRevenue": 4107000000, "grossProfit": 1198000000, "grossProfitRatio": 0.225824693685, "researchAndDevelopmentExpenses": 0.0, "generalAndAdministrativeExpenses": 229000000, "sellingAndMarketingExpenses": 0.0, "otherExpenses": 0.0, "operatingExpenses": 229000000, "costAndExpenses": 4896000000, "interestExpense": 102000000, "depreciationAndAmortization": 71000000, "ebitda": 480000000, "ebitdaratio": 0.0904806786051, "operatingIncome": 409000000, "operatingIncomeRatio": 0.0770970782281, "totalOtherIncomeExpensesNet": 1000000.0, "incomeBeforeTax": 314000000, "incomeBeforeTaxRatio": 0.0591894439208, "incomeTaxExpense": 82000000, "netIncome": 232000000, "netIncomeRatio": 0.0437323279925, "eps": 0.7, "epsdiluted": 0.7, "weightedAverageShsOut": 336700000, "weightedAverageShsOutDil": 339600000, "link": "https://www.sec.gov/Archives/edgar/data/1048286/000162828019010070/0001628280-19-010070-index.htm", "finalLink": "https://www.sec.gov/Archives/edgar/data/1048286/000162828019010070/mar-q22019x10q.htm"}, {"date": "2019-03-31", "symbol": "MAR", "fillingDate": "2019-05-10", "acceptedDate": "2019-05-10 06:03:18", "period": "Q1", "revenue": 5012000000, "costOfRevenue": 3892000000, "grossProfit": 1120000000, "grossProfitRatio": 0.223463687151, "researchAndDevelopmentExpenses": 0.0, "generalAndAdministrativeExpenses": 222000000, "sellingAndMarketingExpenses": 0.0, "otherExpenses": 0.0, "operatingExpenses": 222000000, "costAndExpenses": 4502000000, "interestExpense": 97000000, "depreciationAndAmortization": 68000000, "ebitda": 578000000, "ebitdaratio": 0.115323224262, "operatingIncome": 510000000, "operatingIncomeRatio": 0.101755786113, "totalOtherIncomeExpensesNet": 5000000.0, "incomeBeforeTax": 432000000, "incomeBeforeTaxRatio": 0.0861931364725, "incomeTaxExpense": 57000000, "netIncome": 375000000, "netIncomeRatio": 0.0748204309657, "eps": 1.1, "epsdiluted": 1.09, "weightedAverageShsOut": 339600000, "weightedAverageShsOutDil": 342800000, "link": "https://www.sec.gov/Archives/edgar/data/1048286/000162828019006493/0001628280-19-006493-index.htm", "finalLink": "https://www.sec.gov/Archives/edgar/data/1048286/000162828019006493/mar-q12019x10q.htm"}, {"date": "2018-12-31", "symbol": "MAR", "fillingDate": "2019-03-01", "acceptedDate": "2019-03-01 12:09:20", "period": "FY", "revenue": 5357000000, "costOfRevenue": 4085000000, "grossProfit": 1272000000, "grossProfitRatio": 0.237446331902, "researchAndDevelopmentExpenses": 0.0, "generalAndAdministrativeExpenses": 242000000, "sellingAndMarketingExpenses": 0.0, "otherExpenses": 0.0, "operatingExpenses": 242000000, "costAndExpenses": 4801000000, "interestExpense": 94000000, "depreciationAndAmortization": 76000000, "ebitda": 632000000, "ebitdaratio": 0.117976479373, "operatingIncome": 556000000, "operatingIncomeRatio": 0.103789434385, "totalOtherIncomeExpensesNet": 3000000.0, "incomeBeforeTax": 479000000, "incomeBeforeTaxRatio": 0.0894157177525, "incomeTaxExpense": 63000000, "netIncome": 416000000, "netIncomeRatio": 0.0776554041441, "eps": 1.22, "epsdiluted": 1.2, "weightedAverageShsOut": 350100000, "weightedAverageShsOutDil": 354200000, "link": "https://www.sec.gov/Archives/edgar/data/1048286/000162828019002337/0001628280-19-002337-index.htm", "finalLink": "https://www.sec.gov/Archives/edgar/data/1048286/000162828019002337/mar-q42018x10k.htm"}, {"date": "2018-09-30", "symbol": "MAR", "fillingDate": "2018-11-06", "acceptedDate": "2018-11-06 11:43:01", "period": "Q3", "revenue": 5049000000, "costOfRevenue": 3879000000, "grossProfit": 1170000000, "grossProfitRatio": 0.231729055258, "researchAndDevelopmentExpenses": 0.0, "generalAndAdministrativeExpenses": 221000000, "sellingAndMarketingExpenses": 0.0, "otherExpenses": 0.0, "operatingExpenses": 221000000, "costAndExpenses": 4479000000, "interestExpense": 86000000, "depreciationAndAmortization": 65000000, "ebitda": 635000000, "ebitdaratio": 0.125767478709, "operatingIncome": 570000000, "operatingIncomeRatio": 0.112893642305, "totalOtherIncomeExpensesNet": 18000000, "incomeBeforeTax": 568000000, "incomeBeforeTaxRatio": 0.112497524262, "incomeTaxExpense": 85000000, "netIncome": 483000000, "netIncomeRatio": 0.0956625074272, "eps": 1.4, "epsdiluted": 1.38, "weightedAverageShsOut": 352800000, "weightedAverageShsOutDil": 357100000, "link": "https://www.sec.gov/Archives/edgar/data/1048286/000162828018013710/0001628280-18-013710-index.htm", "finalLink": "https://www.sec.gov/Archives/edgar/data/1048286/000162828018013710/mar-q32018x10q.htm"}, {"date": "2018-06-30", "symbol": "MAR", "fillingDate": "2018-08-07", "acceptedDate": "2018-08-07 11:54:54", "period": "Q2", "revenue": 5346000000, "costOfRevenue": 7814000000, "grossProfit": -2468000000, "grossProfitRatio": -0.461653572765, "researchAndDevelopmentExpenses": 0.0, "generalAndAdministrativeExpenses": 217000000, "sellingAndMarketingExpenses": 0.0, "otherExpenses": -3835000000, "operatingExpenses": -3618000000, "costAndExpenses": 4606000000, "interestExpense": 85000000, "depreciationAndAmortization": 70000000, "ebitda": 810000000, "ebitdaratio": 0.151515151515, "operatingIncome": 740000000, "operatingIncomeRatio": 0.138421249532, "totalOtherIncomeExpensesNet": 114000000, "incomeBeforeTax": 796000000, "incomeBeforeTaxRatio": 0.148896371119, "incomeTaxExpense": 186000000, "netIncome": 610000000, "netIncomeRatio": 0.114104002993, "eps": 1.72, "epsdiluted": 1.71, "weightedAverageShsOut": 355900000, "weightedAverageShsOutDil": 360300000, "link": "https://www.sec.gov/Archives/edgar/data/1048286/000162828018010613/0001628280-18-010613-index.htm", "finalLink": "https://www.sec.gov/Archives/edgar/data/1048286/000162828018010613/mar-q22018x10q.htm"}, {"date": "2018-03-31", "symbol": "MAR", "fillingDate": "2018-05-10", "acceptedDate": "2018-05-10 09:50:00", "period": "Q1", "revenue": 5006000000, "costOfRevenue": 3773000000, "grossProfit": 5006000000, "grossProfitRatio": 1.0, "researchAndDevelopmentExpenses": 0.0, "generalAndAdministrativeExpenses": 247000000, "sellingAndMarketingExpenses": 0.0, "otherExpenses": 3835000000, "operatingExpenses": 4082000000, "costAndExpenses": 4506000000, "interestExpense": 75000000, "depreciationAndAmortization": 73000000, "ebitda": 573000000, "ebitdaratio": 0.114462644826, "operatingIncome": 500000000, "operatingIncomeRatio": 0.0998801438274, "totalOtherIncomeExpensesNet": 59000000, "incomeBeforeTax": 502000000, "incomeBeforeTaxRatio": 0.100279664403, "incomeTaxExpense": 104000000, "netIncome": 398000000, "netIncomeRatio": 0.0795045944866, "eps": 1.11, "epsdiluted": 1.09, "weightedAverageShsOut": 358400000, "weightedAverageShsOutDil": 363300000, "link": "https://www.sec.gov/Archives/edgar/data/1048286/000162828018006463/0001628280-18-006463-index.htm", "finalLink": "https://www.sec.gov/Archives/edgar/data/1048286/000162828018006463/mar-q12018x10q.htm"}, {"date": "2017-12-31", "symbol": "MAR", "fillingDate": "2018-02-15", "acceptedDate": "2018-02-15 15:50:50", "period": "FY", "revenue": 5875000000, "costOfRevenue": 0.0, "grossProfit": 5875000000, "grossProfitRatio": 1.0, "researchAndDevelopmentExpenses": 0.0, "generalAndAdministrativeExpenses": 259000000, "sellingAndMarketingExpenses": 0.0, "otherExpenses": 4557000000, "operatingExpenses": 4816000000, "costAndExpenses": 5305000000, "interestExpense": 72000000, "depreciationAndAmortization": 72000000, "ebitda": 642000000, "ebitdaratio": 0.109276595745, "operatingIncome": 570000000, "operatingIncomeRatio": 0.0970212765957, "totalOtherIncomeExpensesNet": 657000000, "incomeBeforeTax": 1179000000, "incomeBeforeTaxRatio": 0.200680851064, "incomeTaxExpense": 978000000, "netIncome": 201000000, "netIncomeRatio": 0.0342127659574, "eps": 0.57, "epsdiluted": 0.55, "weightedAverageShsOut": 375200000, "weightedAverageShsOutDil": 379900000, "link": "https://www.sec.gov/Archives/edgar/data/1048286/000162828018001756/0001628280-18-001756-index.htm", "finalLink": "https://www.sec.gov/Archives/edgar/data/1048286/000162828018001756/mar-q42017x10k.htm"}, {"date": "2017-09-30", "symbol": "MAR", "fillingDate": "2017-11-08", "acceptedDate": "2017-11-08 13:28:18", "period": "Q3", "revenue": 5663000000, "costOfRevenue": 0.0, "grossProfit": 5663000000, "grossProfitRatio": 1.0, "researchAndDevelopmentExpenses": 0.0, "generalAndAdministrativeExpenses": 199000000, "sellingAndMarketingExpenses": 0.0, "otherExpenses": 4380000000, "operatingExpenses": 4579000000, "costAndExpenses": 5031000000, "interestExpense": 73000000, "depreciationAndAmortization": 68000000, "ebitda": 700000000, "ebitdaratio": 0.123609394314, "operatingIncome": 632000000, "operatingIncomeRatio": 0.111601624581, "totalOtherIncomeExpensesNet": 6000000.0, "incomeBeforeTax": 580000000, "incomeBeforeTaxRatio": 0.102419212432, "incomeTaxExpense": 188000000, "netIncome": 392000000, "netIncomeRatio": 0.0692212608158, "eps": 1.05, "epsdiluted": 1.04, "weightedAverageShsOut": 378500000, "weightedAverageShsOutDil": 383200000, "link": "https://www.sec.gov/Archives/edgar/data/1048286/000162828017011156/0001628280-17-011156-index.htm", "finalLink": "https://www.sec.gov/Archives/edgar/data/1048286/000162828017011156/mar-q32017x10q.htm"}, {"date": "2017-06-30", "symbol": "MAR", "fillingDate": "2017-08-08", "acceptedDate": "2017-08-08 14:23:36", "period": "Q2", "revenue": 5795000000, "costOfRevenue": 0.0, "grossProfit": 5795000000, "grossProfitRatio": 1.0, "researchAndDevelopmentExpenses": 0.0, "generalAndAdministrativeExpenses": 226000000, "sellingAndMarketingExpenses": 0.0, "otherExpenses": 4488000000, "operatingExpenses": 4714000000, "costAndExpenses": 5175000000, "interestExpense": 73000000, "depreciationAndAmortization": 85000000, "ebitda": 705000000, "ebitdaratio": 0.121656600518, "operatingIncome": 620000000, "operatingIncomeRatio": 0.106988783434, "totalOtherIncomeExpensesNet": 25000000, "incomeBeforeTax": 592000000, "incomeBeforeTaxRatio": 0.102157031924, "incomeTaxExpense": 178000000, "netIncome": 414000000, "netIncomeRatio": 0.0714408973253, "eps": 1.09, "epsdiluted": 1.08, "weightedAverageShsOut": 381700000, "weightedAverageShsOutDil": 386500000, "link": "https://www.sec.gov/Archives/edgar/data/1048286/000162828017008302/0001628280-17-008302-index.htm", "finalLink": "https://www.sec.gov/Archives/edgar/data/1048286/000162828017008302/mar-q22017x10q.htm"}, {"date": "2017-03-31", "symbol": "MAR", "fillingDate": "2017-05-09", "acceptedDate": "2017-05-09 12:07:40", "period": "Q1", "revenue": 5561000000, "costOfRevenue": 0.0, "grossProfit": 5561000000, "grossProfitRatio": 1.0, "researchAndDevelopmentExpenses": 0.0, "generalAndAdministrativeExpenses": 210000000, "sellingAndMarketingExpenses": 0.0, "otherExpenses": 4340000000, "operatingExpenses": 4550000000, "costAndExpenses": 5024000000, "interestExpense": 70000000, "depreciationAndAmortization": 65000000, "ebitda": 602000000, "ebitdaratio": 0.108253911167, "operatingIncome": 537000000, "operatingIncomeRatio": 0.0965653659414, "totalOtherIncomeExpensesNet": 0.0, "incomeBeforeTax": 485000000, "incomeBeforeTaxRatio": 0.0872145297608, "incomeTaxExpense": 120000000, "netIncome": 365000000, "netIncomeRatio": 0.0656356770365, "eps": 0.95, "epsdiluted": 0.94, "weightedAverageShsOut": 384900000, "weightedAverageShsOutDil": 390000000, "link": "https://www.sec.gov/Archives/edgar/data/1048286/000162828017005211/0001628280-17-005211-index.htm", "finalLink": "https://www.sec.gov/Archives/edgar/data/1048286/000162828017005211/mar-q12017x10q.htm"}, {"date": "2016-12-31", "symbol": "MAR", "fillingDate": "2017-02-21", "acceptedDate": "2017-02-21 15:55:33", "period": "FY", "revenue": 5456000000, "costOfRevenue": 0.0, "grossProfit": 5456000000, "grossProfitRatio": 1.0, "researchAndDevelopmentExpenses": 0.0, "generalAndAdministrativeExpenses": 234000000, "sellingAndMarketingExpenses": 0.0, "otherExpenses": 4207000000, "operatingExpenses": 4441000000, "costAndExpenses": 5015000000, "interestExpense": 75000000, "depreciationAndAmortization": 71000000, "ebitda": 512000000, "ebitdaratio": 0.0938416422287, "operatingIncome": 441000000, "operatingIncomeRatio": 0.0808284457478, "totalOtherIncomeExpensesNet": 2000000.0, "incomeBeforeTax": 383000000, "incomeBeforeTaxRatio": 0.0701979472141, "incomeTaxExpense": 139000000, "netIncome": 244000000, "netIncomeRatio": 0.0447214076246, "eps": 0.6, "epsdiluted": 0.6, "weightedAverageShsOut": 290900000, "weightedAverageShsOutDil": 295700000, "link": "https://www.sec.gov/Archives/edgar/data/1048286/000162828017001506/0001628280-17-001506-index.htm", "finalLink": "https://www.sec.gov/Archives/edgar/data/1048286/000162828017001506/mar-q42016x10k.htm"}, {"date": "2016-09-30", "symbol": "MAR", "fillingDate": "2016-11-09", "acceptedDate": "2016-11-09 12:46:28", "period": "Q3", "revenue": 3942000000, "costOfRevenue": 0.0, "grossProfit": 3942000000, "grossProfitRatio": 1.0, "researchAndDevelopmentExpenses": 0.0, "generalAndAdministrativeExpenses": 139000000, "sellingAndMarketingExpenses": 0.0, "otherExpenses": 3152000000, "operatingExpenses": 3291000000, "costAndExpenses": 3771000000, "interestExpense": 55000000, "depreciationAndAmortization": 36000000, "ebitda": 207000000, "ebitdaratio": 0.0525114155251, "operatingIncome": 171000000, "operatingIncomeRatio": 0.0433789954338, "totalOtherIncomeExpensesNet": 3000000.0, "incomeBeforeTax": 131000000, "incomeBeforeTaxRatio": 0.033231861999, "incomeTaxExpense": 61000000, "netIncome": 70000000, "netIncomeRatio": 0.0177574835109, "eps": 0.25, "epsdiluted": 0.24, "weightedAverageShsOut": 258300000, "weightedAverageShsOutDil": 262700000, "link": "https://www.sec.gov/Archives/edgar/data/1048286/000162828016021074/0001628280-16-021074-index.htm", "finalLink": "https://www.sec.gov/Archives/edgar/data/1048286/000162828016021074/mar-q32016x10q.htm"}, {"date": "2016-06-30", "symbol": "MAR", "fillingDate": "2016-07-28", "acceptedDate": "2016-07-28 12:26:44", "period": "Q2", "revenue": 3902000000, "costOfRevenue": 0.0, "grossProfit": 3902000000, "grossProfitRatio": 1.0, "researchAndDevelopmentExpenses": 0.0, "generalAndAdministrativeExpenses": 168000000, "sellingAndMarketingExpenses": 0.0, "otherExpenses": 3142000000, "operatingExpenses": 3310000000, "costAndExpenses": 3513000000, "interestExpense": 57000000, "depreciationAndAmortization": 30000000, "ebitda": 419000000, "ebitdaratio": 0.107380830343, "operatingIncome": 389000000, "operatingIncomeRatio": 0.0996924654024, "totalOtherIncomeExpensesNet": 0.0, "incomeBeforeTax": 344000000, "incomeBeforeTaxRatio": 0.0881599179908, "incomeTaxExpense": 97000000, "netIncome": 247000000, "netIncomeRatio": 0.063300871348, "eps": 0.97, "epsdiluted": 0.95, "weightedAverageShsOut": 254300000, "weightedAverageShsOutDil": 258700000, "link": "https://www.sec.gov/Archives/edgar/data/1048286/000162828016017871/0001628280-16-017871-index.htm", "finalLink": "https://www.sec.gov/Archives/edgar/data/1048286/000162828016017871/mar-q22016x10q.htm"}, {"date": "2016-03-31", "symbol": "MAR", "fillingDate": "2016-04-28", "acceptedDate": "2016-04-28 13:03:52", "period": "Q1", "revenue": 3772000000, "costOfRevenue": 0.0, "grossProfit": 3772000000, "grossProfitRatio": 1.0, "researchAndDevelopmentExpenses": 0.0, "generalAndAdministrativeExpenses": 163000000, "sellingAndMarketingExpenses": 0.0, "otherExpenses": 3045000000, "operatingExpenses": 3208000000, "costAndExpenses": 3405000000, "interestExpense": 47000000, "depreciationAndAmortization": 31000000, "ebitda": 398000000, "ebitdaratio": 0.105514316013, "operatingIncome": 367000000, "operatingIncomeRatio": 0.097295864263, "totalOtherIncomeExpensesNet": 0.0, "incomeBeforeTax": 326000000, "incomeBeforeTaxRatio": 0.0864262990456, "incomeTaxExpense": 107000000, "netIncome": 219000000, "netIncomeRatio": 0.0580593849417, "eps": 0.86, "epsdiluted": 0.85, "weightedAverageShsOut": 254400000, "weightedAverageShsOutDil": 258900000, "link": "https://www.sec.gov/Archives/edgar/data/1048286/000162828016014893/0001628280-16-014893-index.htm", "finalLink": "https://www.sec.gov/Archives/edgar/data/1048286/000162828016014893/mar-q12016x10q.htm"}, {"date": "2015-12-31", "symbol": "MAR", "fillingDate": "2016-02-18", "acceptedDate": "2016-02-18 12:08:18", "period": "FY", "revenue": 3706000000, "costOfRevenue": 0.0, "grossProfit": 3706000000, "grossProfitRatio": 1.0, "researchAndDevelopmentExpenses": 0.0, "generalAndAdministrativeExpenses": 188000000, "sellingAndMarketingExpenses": 0.0, "otherExpenses": 2995000000, "operatingExpenses": 3183000000, "costAndExpenses": 3396000000, "interestExpense": 46000000, "depreciationAndAmortization": 32000000, "ebitda": 342000000, "ebitdaratio": 0.0922827846735, "operatingIncome": 310000000, "operatingIncomeRatio": 0.0836481381543, "totalOtherIncomeExpensesNet": 7000000.0, "incomeBeforeTax": 284000000, "incomeBeforeTaxRatio": 0.0766324878575, "incomeTaxExpense": 82000000, "netIncome": 202000000, "netIncomeRatio": 0.0545062061522, "eps": 0.79, "epsdiluted": 0.77, "weightedAverageShsOut": 267300000, "weightedAverageShsOutDil": 272800000, "link": "https://www.sec.gov/Archives/edgar/data/1048286/000162828016011346/0001628280-16-011346-index.htm", "finalLink": "https://www.sec.gov/Archives/edgar/data/1048286/000162828016011346/mar-q42015x10k.htm"}, {"date": "2015-09-30", "symbol": "MAR", "fillingDate": "2015-10-29", "acceptedDate": "2015-10-29 11:49:02", "period": "Q3", "revenue": 3578000000, "costOfRevenue": 0.0, "grossProfit": 3578000000, "grossProfitRatio": 1.0, "researchAndDevelopmentExpenses": 0.0, "generalAndAdministrativeExpenses": 149000000, "sellingAndMarketingExpenses": 0.0, "otherExpenses": 2884000000, "operatingExpenses": 3033000000, "costAndExpenses": 3239000000, "interestExpense": 43000000, "depreciationAndAmortization": 31000000, "ebitda": 370000000, "ebitdaratio": 0.103409726104, "operatingIncome": 339000000, "operatingIncomeRatio": 0.0947456679709, "totalOtherIncomeExpensesNet": 0.0, "incomeBeforeTax": 309000000, "incomeBeforeTaxRatio": 0.0863610955841, "incomeTaxExpense": 99000000, "netIncome": 210000000, "netIncomeRatio": 0.0586920067077, "eps": 0.8, "epsdiluted": 0.79, "weightedAverageShsOut": 270700000, "weightedAverageShsOutDil": 276100000, "link": "https://www.sec.gov/Archives/edgar/data/1048286/000162828015007991/0001628280-15-007991-index.htm", "finalLink": "https://www.sec.gov/Archives/edgar/data/1048286/000162828015007991/mar-q32015x10q.htm"}, {"date": "2015-06-30", "symbol": "MAR", "fillingDate": "2015-07-30", "acceptedDate": "2015-07-30 11:49:31", "period": "Q2", "revenue": 3689000000, "costOfRevenue": 0.0, "grossProfit": 3689000000, "grossProfitRatio": 1.0, "researchAndDevelopmentExpenses": 0.0, "generalAndAdministrativeExpenses": 152000000, "sellingAndMarketingExpenses": 0.0, "otherExpenses": 2953000000, "operatingExpenses": 3105000000, "costAndExpenses": 3320000000, "interestExpense": 42000000, "depreciationAndAmortization": 32000000, "ebitda": 401000000, "ebitdaratio": 0.108701545134, "operatingIncome": 369000000, "operatingIncomeRatio": 0.100027107617, "totalOtherIncomeExpensesNet": 20000000, "incomeBeforeTax": 355000000, "incomeBeforeTaxRatio": 0.0962320412036, "incomeTaxExpense": 115000000, "netIncome": 240000000, "netIncomeRatio": 0.0650582813771, "eps": 0.88, "epsdiluted": 0.86, "weightedAverageShsOut": 275100000, "weightedAverageShsOutDil": 280600000, "link": "https://www.sec.gov/Archives/edgar/data/1048286/000162828015005584/0001628280-15-005584-index.htm", "finalLink": "https://www.sec.gov/Archives/edgar/data/1048286/000162828015005584/mar-q22015x10q.htm"}, {"date": "2015-03-31", "symbol": "MAR", "fillingDate": "2015-04-30", "acceptedDate": "2015-04-30 11:31:27", "period": "Q1", "revenue": 3513000000, "costOfRevenue": 0.0, "grossProfit": 3513000000, "grossProfitRatio": 1.0, "researchAndDevelopmentExpenses": 0.0, "generalAndAdministrativeExpenses": 145000000, "sellingAndMarketingExpenses": 0.0, "otherExpenses": 2798000000, "operatingExpenses": 2943000000, "costAndExpenses": 3181000000, "interestExpense": 36000000, "depreciationAndAmortization": 44000000, "ebitda": 376000000, "ebitdaratio": 0.107031027612, "operatingIncome": 332000000, "operatingIncomeRatio": 0.0945061201252, "totalOtherIncomeExpensesNet": 0.0, "incomeBeforeTax": 307000000, "incomeBeforeTaxRatio": 0.087389695417, "incomeTaxExpense": 100000000, "netIncome": 207000000, "netIncomeRatio": 0.0589239965841, "eps": 0.75, "epsdiluted": 0.73, "weightedAverageShsOut": 277700000, "weightedAverageShsOutDil": 283500000, "link": "https://www.sec.gov/Archives/edgar/data/1048286/000162828015003091/0001628280-15-003091-index.htm", "finalLink": "https://www.sec.gov/Archives/edgar/data/1048286/000162828015003091/mar-q12015x10q.htm"}, {"date": "2014-12-31", "symbol": "MAR", "fillingDate": "2015-02-19", "acceptedDate": "2015-02-19 12:08:23", "period": "FY", "revenue": 3559000000, "costOfRevenue": 0.0, "grossProfit": 3559000000, "grossProfitRatio": 1.0, "researchAndDevelopmentExpenses": 0.0, "generalAndAdministrativeExpenses": 180000000, "sellingAndMarketingExpenses": 0.0, "otherExpenses": 2854000000, "operatingExpenses": 3034000000, "costAndExpenses": 3268000000, "interestExpense": 26000000, "depreciationAndAmortization": 32000000, "ebitda": 323000000, "ebitdaratio": 0.0907558302894, "operatingIncome": 291000000, "operatingIncomeRatio": 0.0817645406013, "totalOtherIncomeExpensesNet": 4000000.0, "incomeBeforeTax": 282000000, "incomeBeforeTaxRatio": 0.0792357403765, "incomeTaxExpense": 85000000, "netIncome": 197000000, "netIncomeRatio": 0.0553526271425, "eps": 0.7, "epsdiluted": 0.68, "weightedAverageShsOut": 289900000, "weightedAverageShsOutDil": 296800000, "link": "https://www.sec.gov/Archives/edgar/data/1048286/000162828015000842/0001628280-15-000842-index.htm", "finalLink": "https://www.sec.gov/Archives/edgar/data/1048286/000162828015000842/mar-q42014x10k.htm"}, {"date": "2014-09-30", "symbol": "MAR", "fillingDate": "2014-10-29", "acceptedDate": "2014-10-29 12:15:01", "period": "Q3", "revenue": 3460000000, "costOfRevenue": 0.0, "grossProfit": 3460000000, "grossProfitRatio": 1.0, "researchAndDevelopmentExpenses": 0.0, "generalAndAdministrativeExpenses": 172000000, "sellingAndMarketingExpenses": 0.0, "otherExpenses": 2768000000, "operatingExpenses": 2940000000, "costAndExpenses": 3162000000, "interestExpense": 29000000, "depreciationAndAmortization": 33000000, "ebitda": 331000000, "ebitdaratio": 0.0956647398844, "operatingIncome": 298000000, "operatingIncomeRatio": 0.0861271676301, "totalOtherIncomeExpensesNet": 1000000.0, "incomeBeforeTax": 290000000, "incomeBeforeTaxRatio": 0.0838150289017, "incomeTaxExpense": 98000000, "netIncome": 192000000, "netIncomeRatio": 0.0554913294798, "eps": 0.66, "epsdiluted": 0.65, "weightedAverageShsOut": 292500000, "weightedAverageShsOutDil": 299400000, "link": "https://www.sec.gov/Archives/edgar/data/1048286/000144530514004562/0001445305-14-004562-index.htm", "finalLink": "https://www.sec.gov/Archives/edgar/data/1048286/000144530514004562/mar-q32014x10q.htm"}, {"date": "2014-06-30", "symbol": "MAR", "fillingDate": "2014-07-30", "acceptedDate": "2014-07-30 12:14:18", "period": "Q2", "revenue": 3484000000, "costOfRevenue": 0.0, "grossProfit": 3484000000, "grossProfitRatio": 1.0, "researchAndDevelopmentExpenses": 0.0, "generalAndAdministrativeExpenses": 159000000, "sellingAndMarketingExpenses": 0.0, "otherExpenses": 2763000000, "operatingExpenses": 2922000000, "costAndExpenses": 3168000000, "interestExpense": 30000000, "depreciationAndAmortization": 47000000, "ebitda": 363000000, "ebitdaratio": 0.104190585534, "operatingIncome": 316000000, "operatingIncomeRatio": 0.0907003444317, "totalOtherIncomeExpensesNet": 3000000.0, "incomeBeforeTax": 285000000, "incomeBeforeTaxRatio": 0.0818025258324, "incomeTaxExpense": 93000000, "netIncome": 192000000, "netIncomeRatio": 0.0551090700344, "eps": 0.66, "epsdiluted": 0.64, "weightedAverageShsOut": 294300000, "weightedAverageShsOutDil": 301200000, "link": "https://www.sec.gov/Archives/edgar/data/1048286/000144530514003046/0001445305-14-003046-index.htm", "finalLink": "https://www.sec.gov/Archives/edgar/data/1048286/000144530514003046/mar-q22014x10q.htm"}, {"date": "2014-03-31", "symbol": "MAR", "fillingDate": "2014-04-30", "acceptedDate": "2014-04-30 11:07:29", "period": "Q1", "revenue": 3293000000, "costOfRevenue": 0.0, "grossProfit": 3293000000, "grossProfitRatio": 1.0, "researchAndDevelopmentExpenses": 0.0, "generalAndAdministrativeExpenses": 148000000, "sellingAndMarketingExpenses": 0.0, "otherExpenses": 2670000000, "operatingExpenses": 2818000000, "costAndExpenses": 3039000000, "interestExpense": 30000000, "depreciationAndAmortization": 36000000, "ebitda": 290000000, "ebitdaratio": 0.0880655936836, "operatingIncome": 254000000, "operatingIncomeRatio": 0.0771333130884, "totalOtherIncomeExpensesNet": 0.0, "incomeBeforeTax": 231000000, "incomeBeforeTaxRatio": 0.0701488004859, "incomeTaxExpense": 59000000, "netIncome": 172000000, "netIncomeRatio": 0.0522320072882, "eps": 0.58, "epsdiluted": 0.57, "weightedAverageShsOut": 296100000, "weightedAverageShsOutDil": 303300000, "link": "https://www.sec.gov/Archives/edgar/data/1048286/000144530514001559/0001445305-14-001559-index.htm", "finalLink": "https://www.sec.gov/Archives/edgar/data/1048286/000144530514001559/mar-q12014x10q.htm"}, {"date": "2013-12-31", "symbol": "MAR", "fillingDate": "2014-02-20", "acceptedDate": "2014-02-20 13:27:51", "period": "FY", "revenue": 3219000000, "costOfRevenue": 0.0, "grossProfit": 3219000000, "grossProfitRatio": 1.0, "researchAndDevelopmentExpenses": 0.0, "generalAndAdministrativeExpenses": 200000000, "sellingAndMarketingExpenses": 0.0, "otherExpenses": 2571000000, "operatingExpenses": 2771000000, "costAndExpenses": 2981000000, "interestExpense": 32000000, "depreciationAndAmortization": 14000000, "ebitda": 252000000, "ebitdaratio": 0.0782851817335, "operatingIncome": 238000000, "operatingIncomeRatio": 0.0739360049705, "totalOtherIncomeExpensesNet": 10000000, "incomeBeforeTax": 210000000, "incomeBeforeTaxRatio": 0.0652376514445, "incomeTaxExpense": 59000000, "netIncome": 151000000, "netIncomeRatio": 0.0469089779435, "eps": 0.5, "epsdiluted": 0.49, "weightedAverageShsOut": 305000000, "weightedAverageShsOutDil": 313000000, "link": "https://www.sec.gov/Archives/edgar/data/1048286/000144530514000495/0001445305-14-000495-index.htm", "finalLink": "https://www.sec.gov/Archives/edgar/data/1048286/000144530514000495/mar-q42013x10k.htm"}, {"date": "2013-09-30", "symbol": "MAR", "fillingDate": "2013-10-31", "acceptedDate": "2013-10-31 11:17:21", "period": "Q3", "revenue": 3160000000, "costOfRevenue": 0.0, "grossProfit": 3160000000, "grossProfitRatio": 1.0, "researchAndDevelopmentExpenses": 0.0, "generalAndAdministrativeExpenses": 167000000, "sellingAndMarketingExpenses": 0.0, "otherExpenses": 2562000000, "operatingExpenses": 2729000000, "costAndExpenses": 2915000000, "interestExpense": 28000000, "depreciationAndAmortization": 39000000, "ebitda": 284000000, "ebitdaratio": 0.0898734177215, "operatingIncome": 245000000, "operatingIncomeRatio": 0.0775316455696, "totalOtherIncomeExpensesNet": 1000000.0, "incomeBeforeTax": 223000000, "incomeBeforeTaxRatio": 0.0705696202532, "incomeTaxExpense": 63000000, "netIncome": 160000000, "netIncomeRatio": 0.0506329113924, "eps": 0.53, "epsdiluted": 0.52, "weightedAverageShsOut": 306800000, "weightedAverageShsOutDil": 314800000, "link": "https://www.sec.gov/Archives/edgar/data/1048286/000144530513002597/0001445305-13-002597-index.htm", "finalLink": "https://www.sec.gov/Archives/edgar/data/1048286/000144530513002597/mar-q32013x10q.htm"}, {"date": "2013-06-30", "symbol": "MAR", "fillingDate": "2013-08-01", "acceptedDate": "2013-08-01 11:42:22", "period": "Q2", "revenue": 3263000000, "costOfRevenue": 0.0, "grossProfit": 3263000000, "grossProfitRatio": 1.0, "researchAndDevelopmentExpenses": 0.0, "generalAndAdministrativeExpenses": 179000000, "sellingAndMarketingExpenses": 0.0, "otherExpenses": 2610000000, "operatingExpenses": 2789000000, "costAndExpenses": 2984000000, "interestExpense": 29000000, "depreciationAndAmortization": 37000000, "ebitda": 316000000, "ebitdaratio": 0.0968433956482, "operatingIncome": 279000000, "operatingIncomeRatio": 0.085504137297, "totalOtherIncomeExpensesNet": 7000000.0, "incomeBeforeTax": 263000000, "incomeBeforeTaxRatio": 0.0806006742262, "incomeTaxExpense": 84000000, "netIncome": 179000000, "netIncomeRatio": 0.0548574931045, "eps": 0.58, "epsdiluted": 0.56, "weightedAverageShsOut": 309300000, "weightedAverageShsOutDil": 317300000, "link": "https://www.sec.gov/Archives/edgar/data/1048286/000144530513001794/0001445305-13-001794-index.htm", "finalLink": "https://www.sec.gov/Archives/edgar/data/1048286/000144530513001794/mar-q22013x10q.htm"}, {"date": "2013-03-31", "symbol": "MAR", "fillingDate": "2013-05-02", "acceptedDate": "2013-05-02 11:27:32", "period": "Q1", "revenue": 3142000000, "costOfRevenue": 0.0, "grossProfit": 3142000000, "grossProfitRatio": 1.0, "researchAndDevelopmentExpenses": 0.0, "generalAndAdministrativeExpenses": 180000000, "sellingAndMarketingExpenses": 0.0, "otherExpenses": 2548000000, "operatingExpenses": 2728000000, "costAndExpenses": 2916000000, "interestExpense": 31000000, "depreciationAndAmortization": 37000000, "ebitda": 263000000, "ebitdaratio": 0.0837046467218, "operatingIncome": 226000000, "operatingIncomeRatio": 0.0719287078294, "totalOtherIncomeExpensesNet": 3000000.0, "incomeBeforeTax": 201000000, "incomeBeforeTaxRatio": 0.0639719923616, "incomeTaxExpense": 65000000, "netIncome": 136000000, "netIncomeRatio": 0.0432845321451, "eps": 0.44, "epsdiluted": 0.43, "weightedAverageShsOut": 311800000, "weightedAverageShsOutDil": 320000000, "link": "https://www.sec.gov/Archives/edgar/data/1048286/000144530513001051/0001445305-13-001051-index.htm", "finalLink": "https://www.sec.gov/Archives/edgar/data/1048286/000144530513001051/mar-q12013x10q.htm"}, {"date": "2012-12-28", "symbol": "MAR", "fillingDate": "2013-02-20", "acceptedDate": "2013-02-20 11:12:43", "period": "FY", "revenue": 3757000000, "costOfRevenue": 0.0, "grossProfit": 3757000000, "grossProfitRatio": 1.0, "researchAndDevelopmentExpenses": 0.0, "generalAndAdministrativeExpenses": 206000000, "sellingAndMarketingExpenses": 0.0, "otherExpenses": 2990000000, "operatingExpenses": 3196000000, "costAndExpenses": 3448000000, "interestExpense": 41000000, "depreciationAndAmortization": 45000000, "ebitda": 354000000, "ebitdaratio": 0.0942241149854, "operatingIncome": 309000000, "operatingIncomeRatio": 0.0822464732499, "totalOtherIncomeExpensesNet": -1000000.0, "incomeBeforeTax": 271000000, "incomeBeforeTaxRatio": 0.0721320202289, "incomeTaxExpense": 90000000, "netIncome": 181000000, "netIncomeRatio": 0.0481767367581, "eps": 0.58, "epsdiluted": 0.56, "weightedAverageShsOut": 322600000, "weightedAverageShsOutDil": 332900000, "link": "https://www.sec.gov/Archives/edgar/data/1048286/000144530513000255/0001445305-13-000255-index.htm", "finalLink": "https://www.sec.gov/Archives/edgar/data/1048286/000144530513000255/mar-q42012x10k.htm"}, {"date": "2012-09-07", "symbol": "MAR", "fillingDate": "2012-10-04", "acceptedDate": "2012-10-04 11:15:09", "period": "Q3", "revenue": 2729000000, "costOfRevenue": 0.0, "grossProfit": 2729000000, "grossProfitRatio": 1.0, "researchAndDevelopmentExpenses": 0.0, "generalAndAdministrativeExpenses": 132000000, "sellingAndMarketingExpenses": 0.0, "otherExpenses": 2210000000, "operatingExpenses": 2342000000, "costAndExpenses": 2516000000, "interestExpense": 29000000, "depreciationAndAmortization": 33000000, "ebitda": 246000000, "ebitdaratio": 0.0901429094907, "operatingIncome": 213000000, "operatingIncomeRatio": 0.0780505679736, "totalOtherIncomeExpensesNet": 38000000, "incomeBeforeTax": 222000000, "incomeBeforeTaxRatio": 0.0813484792964, "incomeTaxExpense": 79000000, "netIncome": 143000000, "netIncomeRatio": 0.0524001465738, "eps": 0.44, "epsdiluted": 0.44, "weightedAverageShsOut": 327000000, "weightedAverageShsOutDil": 337500000, "link": "https://www.sec.gov/Archives/edgar/data/1048286/000144530512003055/0001445305-12-003055-index.htm", "finalLink": "https://www.sec.gov/Archives/edgar/data/1048286/000144530512003055/mar-q32012x10q.htm"}, {"date": "2012-06-15", "symbol": "MAR", "fillingDate": "2012-07-12", "acceptedDate": "2012-07-12 11:12:08", "period": "Q2", "revenue": 2776000000, "costOfRevenue": 0.0, "grossProfit": 2776000000, "grossProfitRatio": 1.0, "researchAndDevelopmentExpenses": 0.0, "generalAndAdministrativeExpenses": 160000000, "sellingAndMarketingExpenses": 0.0, "otherExpenses": 2170000000, "operatingExpenses": 2330000000, "costAndExpenses": 2533000000, "interestExpense": 34000000, "depreciationAndAmortization": 38000000, "ebitda": 281000000, "ebitdaratio": 0.101224783862, "operatingIncome": 243000000, "operatingIncomeRatio": 0.0875360230548, "totalOtherIncomeExpensesNet": 3000000.0, "incomeBeforeTax": 209000000, "incomeBeforeTaxRatio": 0.075288184438, "incomeTaxExpense": 66000000, "netIncome": 143000000, "netIncomeRatio": 0.0515129682997, "eps": 0.44, "epsdiluted": 0.42, "weightedAverageShsOut": 330800000, "weightedAverageShsOutDil": 341500000, "link": "https://www.sec.gov/Archives/edgar/data/1048286/000144530512002157/0001445305-12-002157-index.htm", "finalLink": "https://www.sec.gov/Archives/edgar/data/1048286/000144530512002157/mar-q22012x10q.htm"}, {"date": "2012-03-23", "symbol": "MAR", "fillingDate": "2012-04-19", "acceptedDate": "2012-04-19 11:15:14", "period": "Q1", "revenue": 2552000000, "costOfRevenue": 0.0, "grossProfit": 2552000000, "grossProfitRatio": 1.0, "researchAndDevelopmentExpenses": 0.0, "generalAndAdministrativeExpenses": 147000000, "sellingAndMarketingExpenses": 0.0, "otherExpenses": 2035000000, "operatingExpenses": 2182000000, "costAndExpenses": 2377000000, "interestExpense": 33000000, "depreciationAndAmortization": 29000000, "ebitda": 204000000, "ebitdaratio": 0.0799373040752, "operatingIncome": 175000000, "operatingIncomeRatio": 0.0685736677116, "totalOtherIncomeExpensesNet": 2000000.0, "incomeBeforeTax": 147000000, "incomeBeforeTaxRatio": 0.0576018808777, "incomeTaxExpense": 43000000, "netIncome": 104000000, "netIncomeRatio": 0.0407523510972, "eps": 0.31, "epsdiluted": 0.3, "weightedAverageShsOut": 333700000, "weightedAverageShsOutDil": 344600000, "link": "https://www.sec.gov/Archives/edgar/data/1048286/000144530512001063/0001445305-12-001063-index.htm", "finalLink": "https://www.sec.gov/Archives/edgar/data/1048286/000144530512001063/mar-q12012x10q.htm"}, {"date": "2011-12-30", "symbol": "MAR", "fillingDate": "2012-02-16", "acceptedDate": "2012-02-16 15:34:57", "period": "FY", "revenue": 3693000000, "costOfRevenue": 0.0, "grossProfit": 3693000000, "grossProfitRatio": 1.0, "researchAndDevelopmentExpenses": 0.0, "generalAndAdministrativeExpenses": 254000000, "sellingAndMarketingExpenses": 0.0, "otherExpenses": 2683000000, "operatingExpenses": 2937000000, "costAndExpenses": 3446000000, "interestExpense": 47000000, "depreciationAndAmortization": 52000000, "ebitda": 299000000, "ebitdaratio": 0.0809639859193, "operatingIncome": 247000000, "operatingIncomeRatio": 0.0668832927159, "totalOtherIncomeExpensesNet": 4000000.0, "incomeBeforeTax": 202000000, "incomeBeforeTaxRatio": 0.0546980774438, "incomeTaxExpense": 61000000, "netIncome": 141000000, "netIncomeRatio": 0.038180341186, "eps": 0.4, "epsdiluted": 0.4, "weightedAverageShsOut": 350100000, "weightedAverageShsOutDil": 362300000, "link": "https://www.sec.gov/Archives/edgar/data/1048286/000144530512000342/0001445305-12-000342-index.htm", "finalLink": "https://www.sec.gov/Archives/edgar/data/1048286/000144530512000342/mar-q42011x10k.htm"}, {"date": "2011-09-09", "symbol": "MAR", "fillingDate": "2011-10-07", "acceptedDate": "2011-10-07 10:17:53", "period": "Q3", "revenue": 2874000000, "costOfRevenue": 0.0, "grossProfit": 2874000000, "grossProfitRatio": 1.0, "researchAndDevelopmentExpenses": 0.0, "generalAndAdministrativeExpenses": 180000000, "sellingAndMarketingExpenses": 0.0, "otherExpenses": 2045000000, "operatingExpenses": 2225000000, "costAndExpenses": 3018000000, "interestExpense": 39000000, "depreciationAndAmortization": 40000000, "ebitda": -104000000, "ebitdaratio": -0.0361864996521, "operatingIncome": -144000000, "operatingIncomeRatio": -0.0501043841336, "totalOtherIncomeExpensesNet": -14000000, "incomeBeforeTax": -199000000, "incomeBeforeTaxRatio": -0.0692414752958, "incomeTaxExpense": -20000000, "netIncome": -179000000, "netIncomeRatio": -0.062282533055, "eps": -0.49, "epsdiluted": -0.48, "weightedAverageShsOut": 356500000, "weightedAverageShsOutDil": 369800000, "link": "https://www.sec.gov/Archives/edgar/data/1048286/000144530511002911/0001445305-11-002911-index.htm", "finalLink": "https://www.sec.gov/Archives/edgar/data/1048286/000144530511002911/mar-q32011x10q.htm"}, {"date": "2011-06-17", "symbol": "MAR", "fillingDate": "2011-07-15", "acceptedDate": "2011-07-15 10:43:55", "period": "Q2", "revenue": 2972000000, "costOfRevenue": 0.0, "grossProfit": 2972000000, "grossProfitRatio": 1.0, "researchAndDevelopmentExpenses": 0.0, "generalAndAdministrativeExpenses": 159000000, "sellingAndMarketingExpenses": 0.0, "otherExpenses": 2116000000, "operatingExpenses": 2275000000, "costAndExpenses": 2740000000, "interestExpense": 37000000, "depreciationAndAmortization": 41000000, "ebitda": 273000000, "ebitdaratio": 0.0918573351279, "operatingIncome": 232000000, "operatingIncomeRatio": 0.0780619111709, "totalOtherIncomeExpensesNet": 1000000.0, "incomeBeforeTax": 201000000, "incomeBeforeTaxRatio": 0.0676312247645, "incomeTaxExpense": 66000000, "netIncome": 135000000, "netIncomeRatio": 0.0454239569314, "eps": 0.38, "epsdiluted": 0.37, "weightedAverageShsOut": 362000000, "weightedAverageShsOutDil": 375900000, "link": "https://www.sec.gov/Archives/edgar/data/1048286/000119312511189040/0001193125-11-189040-index.htm", "finalLink": "https://www.sec.gov/Archives/edgar/data/1048286/000119312511189040/d10q.htm"}, {"date": "2011-03-25", "symbol": "MAR", "fillingDate": "2011-04-22", "acceptedDate": "2011-04-22 12:12:07", "period": "Q1", "revenue": 2778000000, "costOfRevenue": 0.0, "grossProfit": 2778000000, "grossProfitRatio": 1.0, "researchAndDevelopmentExpenses": 0.0, "generalAndAdministrativeExpenses": 159000000, "sellingAndMarketingExpenses": 0.0, "otherExpenses": 1999000000, "operatingExpenses": 2158000000, "costAndExpenses": 2587000000, "interestExpense": 41000000, "depreciationAndAmortization": 35000000, "ebitda": 226000000, "ebitdaratio": 0.0813534917207, "operatingIncome": 191000000, "operatingIncomeRatio": 0.06875449964, "totalOtherIncomeExpensesNet": 2000000.0, "incomeBeforeTax": 152000000, "incomeBeforeTaxRatio": 0.0547156227502, "incomeTaxExpense": 51000000, "netIncome": 101000000, "netIncomeRatio": 0.0363570914327, "eps": 0.27, "epsdiluted": 0.26, "weightedAverageShsOut": 367100000, "weightedAverageShsOutDil": 381800000, "link": "https://www.sec.gov/Archives/edgar/data/1048286/000119312511105985/0001193125-11-105985-index.htm", "finalLink": "https://www.sec.gov/Archives/edgar/data/1048286/000119312511105985/d10q.htm"}, {"date": "2010-12-31", "symbol": "MAR", "fillingDate": "2011-02-18", "acceptedDate": "2011-02-18 10:27:36", "period": "FY", "revenue": 3642000000, "costOfRevenue": 0.0, "grossProfit": 3642000000, "grossProfitRatio": 1.0, "researchAndDevelopmentExpenses": 0.0, "generalAndAdministrativeExpenses": 351000000, "sellingAndMarketingExpenses": 0.0, "otherExpenses": 2539000000, "operatingExpenses": 2890000000, "costAndExpenses": 3520000000, "interestExpense": 50000000, "depreciationAndAmortization": 57000000, "ebitda": 179000000, "ebitdaratio": 0.04914881933, "operatingIncome": 122000000, "operatingIncomeRatio": 0.0334980779791, "totalOtherIncomeExpensesNet": 28000000, "incomeBeforeTax": 110000000, "incomeBeforeTaxRatio": 0.0302031850632, "incomeTaxExpense": -63000000, "netIncome": 173000000, "netIncomeRatio": 0.047501372872, "eps": 0.47, "epsdiluted": 0.45, "weightedAverageShsOut": 362800000, "weightedAverageShsOutDil": 378300000, "link": "https://www.sec.gov/Archives/edgar/data/1048286/000119312511039869/0001193125-11-039869-index.htm", "finalLink": "https://www.sec.gov/Archives/edgar/data/1048286/000119312511039869/d10k.htm"}, {"date": "2010-09-10", "symbol": "MAR", "fillingDate": "2010-10-08", "acceptedDate": "2010-10-08 12:17:58", "period": "Q3", "revenue": 2648000000, "costOfRevenue": 0.0, "grossProfit": 2648000000, "grossProfitRatio": 1.0, "researchAndDevelopmentExpenses": 0.0, "generalAndAdministrativeExpenses": 149000000, "sellingAndMarketingExpenses": 0.0, "otherExpenses": 1900000000, "operatingExpenses": 2049000000, "costAndExpenses": 2481000000, "interestExpense": 41000000, "depreciationAndAmortization": 40000000, "ebitda": 207000000, "ebitdaratio": 0.0781722054381, "operatingIncome": 167000000, "operatingIncomeRatio": 0.0630664652568, "totalOtherIncomeExpensesNet": 4000000.0, "incomeBeforeTax": 128000000, "incomeBeforeTaxRatio": 0.0483383685801, "incomeTaxExpense": 45000000, "netIncome": 83000000, "netIncomeRatio": 0.0313444108761, "eps": 0.23, "epsdiluted": 0.22, "weightedAverageShsOut": 361500000, "weightedAverageShsOutDil": 376400000, "link": "https://www.sec.gov/Archives/edgar/data/1048286/000119312510226672/0001193125-10-226672-index.htm", "finalLink": "https://www.sec.gov/Archives/edgar/data/1048286/000119312510226672/d10q.htm"}, {"date": "2010-06-18", "symbol": "MAR", "fillingDate": "2010-07-16", "acceptedDate": "2010-07-16 16:27:59", "period": "Q2", "revenue": 2771000000, "costOfRevenue": 0.0, "grossProfit": 2771000000, "grossProfitRatio": 1.0, "researchAndDevelopmentExpenses": 0.0, "generalAndAdministrativeExpenses": 142000000, "sellingAndMarketingExpenses": 0.0, "otherExpenses": 1940000000, "operatingExpenses": 2082000000, "costAndExpenses": 2545000000, "interestExpense": 44000000, "depreciationAndAmortization": 42000000, "ebitda": 268000000, "ebitdaratio": 0.0967159870083, "operatingIncome": 226000000, "operatingIncomeRatio": 0.0815590039697, "totalOtherIncomeExpensesNet": 2000000.0, "incomeBeforeTax": 184000000, "incomeBeforeTaxRatio": 0.0664020209311, "incomeTaxExpense": 65000000, "netIncome": 119000000, "netIncomeRatio": 0.0429447852761, "eps": 0.33, "epsdiluted": 0.32, "weightedAverageShsOut": 360700000, "weightedAverageShsOutDil": 375500000, "link": "https://www.sec.gov/Archives/edgar/data/1048286/000119312510160212/0001193125-10-160212-index.htm", "finalLink": "https://www.sec.gov/Archives/edgar/data/1048286/000119312510160212/d10q.htm"}, {"date": "2010-03-26", "symbol": "MAR", "fillingDate": "2010-04-23", "acceptedDate": "2010-04-23 11:33:07", "period": "Q1", "revenue": 2630000000, "costOfRevenue": 0.0, "grossProfit": 2630000000, "grossProfitRatio": 1.0, "researchAndDevelopmentExpenses": 0.0, "generalAndAdministrativeExpenses": 138000000, "sellingAndMarketingExpenses": 0.0, "otherExpenses": 1860000000, "operatingExpenses": 1998000000, "costAndExpenses": 2450000000, "interestExpense": 45000000, "depreciationAndAmortization": 39000000, "ebitda": 219000000, "ebitdaratio": 0.0832699619772, "operatingIncome": 180000000, "operatingIncomeRatio": 0.0684410646388, "totalOtherIncomeExpensesNet": 1000000.0, "incomeBeforeTax": 129000000, "incomeBeforeTaxRatio": 0.5633187772925764, "incomeTaxExpense": 46000000, "netIncome": 83000000, "netIncomeRatio": 0.0315589353612, "eps": 0.23, "epsdiluted": 0.22, "weightedAverageShsOut": 360700000, "weightedAverageShsOutDil": 375500000, "link": "https://www.sec.gov/Archives/edgar/data/1048286/000119312510091169/0001193125-10-091169-index.htm", "finalLink": "https://www.sec.gov/Archives/edgar/data/1048286/000119312510091169/d10q.htm"}, {"date": "2010-01-01", "symbol": "MAR", "fillingDate": "2010-02-12", "acceptedDate": "2010-02-12 16:10:55", "period": "FY", "revenue": 10903240000, "costOfRevenue": 3323000.0, "grossProfit": 10899917000, "grossProfitRatio": 0.9996952282073952, "researchAndDevelopmentExpenses": -2910000.0, "generalAndAdministrativeExpenses": 713517000, "sellingAndMarketingExpenses": -2282000.0, "otherExpenses": 7677857000, "operatingExpenses": 8386182000, "costAndExpenses": 11038859000, "interestExpense": 116603000, "depreciationAndAmortization": 185000000, "ebitda": 46058000, "ebitdaratio": 0.00422424893885, "operatingIncome": 172000000, "operatingIncomeRatio": 0.5134328358208955, "totalOtherIncomeExpensesNet": 899000.0, "incomeBeforeTax": 174000000, "incomeBeforeTaxRatio": 0.5194029850746269, "incomeTaxExpense": -68000000, "netIncome": 242000000, "netIncomeRatio": 0.7223880597014926, "eps": -0.59, "epsdiluted": -0.59, "weightedAverageShsOut": 360700000, "weightedAverageShsOutDil": 375500000, "link": "https://www.sec.gov/Archives/edgar/data/1048286/000119312510030603/0001193125-10-030603-index.htm", "finalLink": "https://www.sec.gov/Archives/edgar/data/1048286/000119312510030603/d10k.htm"}, {"date": "2009-09-11", "symbol": "MAR", "fillingDate": "2009-10-09", "acceptedDate": "2009-10-09 10:23:59", "period": "Q2", "revenue": 446000000, "costOfRevenue": 0.0, "grossProfit": 446000000, "grossProfitRatio": 1.0, "researchAndDevelopmentExpenses": 0.0, "generalAndAdministrativeExpenses": 318000000, "sellingAndMarketingExpenses": 0.0, "otherExpenses": 0.0, "operatingExpenses": 318000000, "costAndExpenses": 318000000, "interestExpense": 56000000, "depreciationAndAmortization": 43000000, "ebitda": -381000000, "ebitdaratio": -0.8542600896860987, "operatingIncome": -424000000, "operatingIncomeRatio": -0.9506726457399103, "totalOtherIncomeExpensesNet": 24000000, "incomeBeforeTax": -671000000, "incomeBeforeTaxRatio": -1.5044843049327354, "incomeTaxExpense": 177000000, "netIncome": -760000000, "netIncomeRatio": -1.704035874439462, "eps": 0.746, "epsdiluted": 0.746, "weightedAverageShsOut": 360700000, "weightedAverageShsOutDil": 375500000, "link": "https://www.sec.gov/Archives/edgar/data/1048286/000119312509206036/0001193125-09-206036-index.htm", "finalLink": "https://www.sec.gov/Archives/edgar/data/1048286/000119312509206036/d10q.htm"}, {"date": "2009-06-19", "symbol": "MAR", "fillingDate": "2009-07-17", "acceptedDate": "2009-07-17 16:49:25", "period": "", "revenue": 18000000, "costOfRevenue": 0.0, "grossProfit": 18000000, "grossProfitRatio": 1.0, "researchAndDevelopmentExpenses": 0.0, "generalAndAdministrativeExpenses": -28000000, "sellingAndMarketingExpenses": 0.0, "otherExpenses": 0.0, "operatingExpenses": -28000000, "costAndExpenses": -28000000, "interestExpense": -1000000.0, "depreciationAndAmortization": 42000000, "ebitda": 60000000, "ebitdaratio": 3.3333333333333335, "operatingIncome": 18000000, "operatingIncomeRatio": 1.0, "totalOtherIncomeExpensesNet": -22000000, "incomeBeforeTax": 71000000, "incomeBeforeTaxRatio": 3.9444444444444446, "incomeTaxExpense": -11000000, "netIncome": -6000000.0, "netIncomeRatio": -0.3333333333333333, "eps": 0.283, "epsdiluted": 0.283, "weightedAverageShsOut": 360700000, "weightedAverageShsOutDil": 375500000, "link": "https://www.sec.gov/Archives/edgar/data/1048286/000119312509150935/0001193125-09-150935-index.htm", "finalLink": "https://www.sec.gov/Archives/edgar/data/1048286/000119312509150935/d10q.htm"}, {"date": "2009-03-27", "symbol": "MAR", "fillingDate": "2009-04-24", "acceptedDate": "2009-04-24 11:48:31", "period": "Q1", "revenue": 220000000, "costOfRevenue": 0.0, "grossProfit": 220000000, "grossProfitRatio": 1.0, "researchAndDevelopmentExpenses": 0.0, "generalAndAdministrativeExpenses": 174000000, "sellingAndMarketingExpenses": 0.0, "otherExpenses": 0.0, "operatingExpenses": 174000000, "costAndExpenses": 174000000, "interestExpense": 29000000, "depreciationAndAmortization": 39000000, "ebitda": 121000000, "ebitdaratio": 0.55, "operatingIncome": 82000000, "operatingIncomeRatio": 0.37272727272727274, "totalOtherIncomeExpensesNet": 25000000, "incomeBeforeTax": 8000000.0, "incomeBeforeTaxRatio": 0.03636363636363636, "incomeTaxExpense": -33000000, "netIncome": 41000000, "netIncomeRatio": 0.18636363636363637, "eps": 0.209, "epsdiluted": 0.209, "weightedAverageShsOut": 196172248, "weightedAverageShsOutDil": 196172248, "link": "https://www.sec.gov/Archives/edgar/data/1048286/000119312509086617/0001193125-09-086617-index.htm", "finalLink": "https://www.sec.gov/Archives/edgar/data/1048286/000119312509086617/d10q.htm"}, {"date": "2009-01-02", "symbol": "MAR", "fillingDate": "2009-02-12", "acceptedDate": "2009-02-12 16:45:33", "period": "FY", "revenue": 376000000, "costOfRevenue": 0.0, "grossProfit": 376000000, "grossProfitRatio": 1.0, "researchAndDevelopmentExpenses": 0.0, "generalAndAdministrativeExpenses": 270000000, "sellingAndMarketingExpenses": 0.0, "otherExpenses": 0.0, "operatingExpenses": 270000000, "costAndExpenses": 270000000, "interestExpense": 50000000, "depreciationAndAmortization": -130000000, "ebitda": -56000000, "ebitdaratio": -0.14893617021276595, "operatingIncome": 74000000, "operatingIncomeRatio": 0.19680851063829788, "totalOtherIncomeExpensesNet": 19000000, "incomeBeforeTax": 21000000, "incomeBeforeTaxRatio": 0.05585106382978723, "incomeTaxExpense": -33000000, "netIncome": -10000000, "netIncomeRatio": -0.026595744680851064, "eps": 1.423, "epsdiluted": 1.423, "weightedAverageShsOut": 254392000, "weightedAverageShsOutDil": 254392000, "link": "https://www.sec.gov/Archives/edgar/data/1048286/000119312509027236/0001193125-09-027236-index.htm", "finalLink": "https://www.sec.gov/Archives/edgar/data/1048286/000119312509027236/d10k.htm"}, {"date": "2008-09-05", "symbol": "MAR", "fillingDate": "2008-10-03", "acceptedDate": "2008-10-03 10:59:19", "period": "Q2", "revenue": 530000000, "costOfRevenue": 0.0, "grossProfit": 530000000, "grossProfitRatio": 1.0, "researchAndDevelopmentExpenses": 0.0, "generalAndAdministrativeExpenses": 329000000, "sellingAndMarketingExpenses": 0.0, "otherExpenses": 0.0, "operatingExpenses": 329000000, "costAndExpenses": 329000000, "interestExpense": 75000000, "depreciationAndAmortization": 43000000, "ebitda": 441000000, "ebitdaratio": 0.8320754716981132, "operatingIncome": 398000000, "operatingIncomeRatio": 0.7509433962264151, "totalOtherIncomeExpensesNet": 10000000, "incomeBeforeTax": 383000000, "incomeBeforeTaxRatio": 0.7226415094339622, "incomeTaxExpense": -178000000, "netIncome": 215000000, "netIncomeRatio": 0.4056603773584906, "eps": 1.098, "epsdiluted": 1.098, "weightedAverageShsOut": 338797000, "weightedAverageShsOutDil": 338797000, "link": "https://www.sec.gov/Archives/edgar/data/1048286/000119312508205770/0001193125-08-205770-index.htm", "finalLink": "https://www.sec.gov/Archives/edgar/data/1048286/000119312508205770/d10q.htm"}, {"date": "2008-06-13", "symbol": "MAR", "fillingDate": "2008-07-11", "acceptedDate": "2008-07-11 15:26:43", "period": "", "revenue": 49000000, "costOfRevenue": 0.0, "grossProfit": 49000000, "grossProfitRatio": 1.0, "researchAndDevelopmentExpenses": 0.0, "generalAndAdministrativeExpenses": 22000000, "sellingAndMarketingExpenses": 0.0, "otherExpenses": 0.0, "operatingExpenses": 22000000, "costAndExpenses": 22000000, "interestExpense": -4000000.0, "depreciationAndAmortization": 46000000, "ebitda": 164000000, "ebitdaratio": 3.3469387755102042, "operatingIncome": 118000000, "operatingIncomeRatio": 2.4081632653061225, "totalOtherIncomeExpensesNet": 6000000.0, "incomeBeforeTax": 94000000, "incomeBeforeTaxRatio": 1.9183673469387754, "incomeTaxExpense": -64000000, "netIncome": 36000000, "netIncomeRatio": 0.7346938775510204, "eps": 0.388, "epsdiluted": 0.388, "weightedAverageShsOut": 404639000, "weightedAverageShsOutDil": 404639000, "link": "https://www.sec.gov/Archives/edgar/data/1048286/000119312508149831/0001193125-08-149831-index.htm", "finalLink": "https://www.sec.gov/Archives/edgar/data/1048286/000119312508149831/d10q.htm"}, {"date": "2008-03-21", "symbol": "MAR", "fillingDate": "2008-04-22", "acceptedDate": "2008-04-22 10:36:06", "period": "Q1", "revenue": 270000000, "costOfRevenue": 0.0, "grossProfit": 270000000, "grossProfitRatio": 1.0, "researchAndDevelopmentExpenses": 0.0, "generalAndAdministrativeExpenses": 162000000, "sellingAndMarketingExpenses": 0.0, "otherExpenses": 0.0, "operatingExpenses": 162000000, "costAndExpenses": 162000000, "interestExpense": 42000000, "depreciationAndAmortization": 41000000, "ebitda": 236000000, "ebitdaratio": 0.8740740740740741, "operatingIncome": 195000000, "operatingIncomeRatio": 0.7222222222222222, "totalOtherIncomeExpensesNet": 3000000.0, "incomeBeforeTax": 196000000, "incomeBeforeTaxRatio": 0.725925925925926, "incomeTaxExpense": -75000000, "netIncome": 121000000, "netIncomeRatio": 0.44814814814814813, "eps": 0.326, "epsdiluted": 0.326, "weightedAverageShsOut": 371165000, "weightedAverageShsOutDil": 371165000, "link": "https://www.sec.gov/Archives/edgar/data/1048286/000119312508086415/0001193125-08-086415-index.htm", "finalLink": "https://www.sec.gov/Archives/edgar/data/1048286/000119312508086415/d10q.htm"}, {"date": "2007-12-28", "symbol": "MAR", "fillingDate": "2008-02-15", "acceptedDate": "2008-02-15 17:11:16", "period": "FY", "revenue": 416000000, "costOfRevenue": 604000000, "grossProfit": -188000000, "grossProfitRatio": -0.4519230769230769, "researchAndDevelopmentExpenses": 0.0, "generalAndAdministrativeExpenses": 250000000, "sellingAndMarketingExpenses": 0.0, "otherExpenses": 0.0, "operatingExpenses": 250000000, "costAndExpenses": -354000000, "interestExpense": 57000000, "depreciationAndAmortization": 0.0, "ebitda": 504000000, "ebitdaratio": 1.2115384615384615, "operatingIncome": 504000000, "operatingIncomeRatio": 1.2115384615384615, "totalOtherIncomeExpensesNet": 51000000, "incomeBeforeTax": 510000000, "incomeBeforeTaxRatio": 1.2259615384615385, "incomeTaxExpense": -333000000, "netIncome": 176000000, "netIncomeRatio": 0.4230769230769231, "eps": 1.747, "epsdiluted": 1.747, "weightedAverageShsOut": 398397000, "weightedAverageShsOutDil": 398397000, "link": "https://www.sec.gov/Archives/edgar/data/1048286/000119312508032582/0001193125-08-032582-index.htm", "finalLink": "https://www.sec.gov/Archives/edgar/data/1048286/000119312508032582/d10k.htm"}, {"date": "2007-09-07", "symbol": "MAR", "fillingDate": "2007-10-05", "acceptedDate": "2007-10-05 12:35:17", "period": "Q2", "revenue": 512000000, "costOfRevenue": 393000000, "grossProfit": 119000000, "grossProfitRatio": 0.232421875, "researchAndDevelopmentExpenses": 0.0, "generalAndAdministrativeExpenses": 311000000, "sellingAndMarketingExpenses": 0.0, "otherExpenses": 4000000.0, "operatingExpenses": 311000000, "costAndExpenses": 704000000, "interestExpense": 75000000, "depreciationAndAmortization": 0.0, "ebitda": 384000000, "ebitdaratio": 0.75, "operatingIncome": 384000000, "operatingIncomeRatio": 0.75, "totalOtherIncomeExpensesNet": 50000000, "incomeBeforeTax": 378000000, "incomeBeforeTaxRatio": 0.73828125, "incomeTaxExpense": -66000000, "netIncome": 313000000, "netIncomeRatio": 0.611328125, "eps": 1.211, "epsdiluted": 1.211, "weightedAverageShsOut": 429397000, "weightedAverageShsOutDil": 429397000, "link": "https://www.sec.gov/Archives/edgar/data/1048286/000119312507213985/0001193125-07-213985-index.htm", "finalLink": "https://www.sec.gov/Archives/edgar/data/1048286/000119312507213985/d10q.htm"}, {"date": "2007-06-15", "symbol": "MAR", "fillingDate": "2007-07-13", "acceptedDate": "2007-07-13 16:10:01", "period": "", "revenue": 62000000, "costOfRevenue": 39000000, "grossProfit": 23000000, "grossProfitRatio": 0.3709677419354839, "researchAndDevelopmentExpenses": 0.0, "generalAndAdministrativeExpenses": 60000000, "sellingAndMarketingExpenses": 0.0, "otherExpenses": -4000000.0, "operatingExpenses": 60000000, "costAndExpenses": 99000000, "interestExpense": 19000000, "depreciationAndAmortization": -45000000, "ebitda": 54000000, "ebitdaratio": 0.8709677419354839, "operatingIncome": 99000000, "operatingIncomeRatio": 1.596774193548387, "totalOtherIncomeExpensesNet": -27000000, "incomeBeforeTax": 53000000, "incomeBeforeTaxRatio": 0.8548387096774194, "incomeTaxExpense": -28000000, "netIncome": 25000000, "netIncomeRatio": 0.4032258064516129, "eps": 0.453, "epsdiluted": 0.453, "weightedAverageShsOut": 456953000, "weightedAverageShsOutDil": 456953000, "link": "https://www.sec.gov/Archives/edgar/data/1048286/000119312507154893/0001193125-07-154893-index.htm", "finalLink": "https://www.sec.gov/Archives/edgar/data/1048286/000119312507154893/d10q.htm"}, {"date": "2007-03-23", "symbol": "MAR", "fillingDate": "2007-04-23", "acceptedDate": "2007-04-23 17:14:38", "period": "Q1", "revenue": 250000000, "costOfRevenue": 172000000, "grossProfit": 78000000, "grossProfitRatio": 0.312, "researchAndDevelopmentExpenses": 0.0, "generalAndAdministrativeExpenses": 147000000, "sellingAndMarketingExpenses": 0.0, "otherExpenses": 0.0, "operatingExpenses": 147000000, "costAndExpenses": 319000000, "interestExpense": 33000000, "depreciationAndAmortization": 45000000, "ebitda": 246000000, "ebitdaratio": 0.984, "operatingIncome": 201000000, "operatingIncomeRatio": 0.804, "totalOtherIncomeExpensesNet": 23000000, "incomeBeforeTax": 196000000, "incomeBeforeTaxRatio": 0.784, "incomeTaxExpense": -14000000, "netIncome": 182000000, "netIncomeRatio": 0.728, "eps": 0.369, "epsdiluted": 0.369, "weightedAverageShsOut": 493224000, "weightedAverageShsOutDil": 493224000, "link": "https://www.sec.gov/Archives/edgar/data/1048286/000119312507087774/0001193125-07-087774-index.htm", "finalLink": "https://www.sec.gov/Archives/edgar/data/1048286/000119312507087774/d10q.htm"}, {"date": "2006-12-29", "symbol": "MAR", "fillingDate": "2007-02-21", "acceptedDate": "2007-02-21 10:38:22", "period": "FY", "revenue": 354000000, "costOfRevenue": 159000000, "grossProfit": 195000000, "grossProfitRatio": 0.5508474576271186, "researchAndDevelopmentExpenses": 0.0, "generalAndAdministrativeExpenses": 237000000, "sellingAndMarketingExpenses": 0.0, "otherExpenses": 0.0, "operatingExpenses": 237000000, "costAndExpenses": 396000000, "interestExpense": 38000000, "depreciationAndAmortization": 0.0, "ebitda": 305000000, "ebitdaratio": 0.8615819209039548, "operatingIncome": 305000000, "operatingIncomeRatio": 0.8615819209039548, "totalOtherIncomeExpensesNet": 4000000.0, "incomeBeforeTax": 283000000, "incomeBeforeTaxRatio": 0.7994350282485876, "incomeTaxExpense": -63000000, "netIncome": 216000000, "netIncomeRatio": 0.6101694915254238, "eps": 1.577, "epsdiluted": 1.577, "weightedAverageShsOut": 385542000, "weightedAverageShsOutDil": 385542000, "link": "https://www.sec.gov/Archives/edgar/data/1048286/000119312507035757/0001193125-07-035757-index.htm", "finalLink": "https://www.sec.gov/Archives/edgar/data/1048286/000119312507035757/d10k.htm"}, {"date": "2006-09-08", "symbol": "MAR", "fillingDate": "2006-10-12", "acceptedDate": "2006-10-12 15:35:54", "period": "Q2", "revenue": 493000000, "costOfRevenue": 151000000, "grossProfit": 342000000, "grossProfitRatio": 0.6937119675456389, "researchAndDevelopmentExpenses": 0.0, "generalAndAdministrativeExpenses": 299000000, "sellingAndMarketingExpenses": 0.0, "otherExpenses": 0.0, "operatingExpenses": 299000000, "costAndExpenses": 450000000, "interestExpense": 56000000, "depreciationAndAmortization": -82000000, "ebitda": 390000000, "ebitdaratio": 0.7910750507099391, "operatingIncome": 472000000, "operatingIncomeRatio": 0.9574036511156186, "totalOtherIncomeExpensesNet": 7000000.0, "incomeBeforeTax": 443000000, "incomeBeforeTaxRatio": 0.8985801217038539, "incomeTaxExpense": -138000000, "netIncome": 206000000, "netIncomeRatio": 0.4178498985801217, "eps": 1.051, "epsdiluted": 1.051, "weightedAverageShsOut": 372978000, "weightedAverageShsOutDil": 372978000, "link": "https://www.sec.gov/Archives/edgar/data/1048286/000119312506206916/0001193125-06-206916-index.htm", "finalLink": "https://www.sec.gov/Archives/edgar/data/1048286/000119312506206916/d10q.htm"}, {"date": "2006-06-16", "symbol": "MAR", "fillingDate": "2006-07-19", "acceptedDate": "2006-07-19 15:45:44", "period": "", "revenue": 18000000, "costOfRevenue": 45000000, "grossProfit": -27000000, "grossProfitRatio": -1.5, "researchAndDevelopmentExpenses": 0.0, "generalAndAdministrativeExpenses": -9000000.0, "sellingAndMarketingExpenses": 0.0, "otherExpenses": -34000000, "operatingExpenses": -9000000.0, "costAndExpenses": -54000000, "interestExpense": 3000000.0, "depreciationAndAmortization": 42000000, "ebitda": 73000000, "ebitdaratio": 4.055555555555555, "operatingIncome": 31000000, "operatingIncomeRatio": 1.7222222222222223, "totalOtherIncomeExpensesNet": 14000000, "incomeBeforeTax": 51000000, "incomeBeforeTaxRatio": 2.8333333333333335, "incomeTaxExpense": -29000000, "netIncome": 121000000, "netIncomeRatio": 6.722222222222222, "eps": 0.331, "epsdiluted": 0.331, "weightedAverageShsOut": 561933000, "weightedAverageShsOutDil": 561933000, "link": "https://www.sec.gov/Archives/edgar/data/1048286/000119312506149148/0001193125-06-149148-index.htm", "finalLink": "https://www.sec.gov/Archives/edgar/data/1048286/000119312506149148/d10q.htm"}, {"date": "2006-03-24", "symbol": "MAR", "fillingDate": "2006-04-26", "acceptedDate": "2006-04-26 16:15:07", "period": "Q1", "revenue": 254000000, "costOfRevenue": 141000000, "grossProfit": 113000000, "grossProfitRatio": 0.4448818897637795, "researchAndDevelopmentExpenses": 0.0, "generalAndAdministrativeExpenses": 150000000, "sellingAndMarketingExpenses": 0.0, "otherExpenses": 34000000, "operatingExpenses": 150000000, "costAndExpenses": 291000000, "interestExpense": 27000000, "depreciationAndAmortization": 40000000, "ebitda": 243000000, "ebitdaratio": 0.9566929133858267, "operatingIncome": 203000000, "operatingIncomeRatio": 0.7992125984251969, "totalOtherIncomeExpensesNet": 34000000, "incomeBeforeTax": 220000000, "incomeBeforeTaxRatio": 0.8661417322834646, "incomeTaxExpense": -56000000, "netIncome": 65000000, "netIncomeRatio": 0.2559055118110236, "eps": 0.306, "epsdiluted": 0.306, "weightedAverageShsOut": 212418000, "weightedAverageShsOutDil": 212418000, "link": "https://www.sec.gov/Archives/edgar/data/1048286/000119312506089373/0001193125-06-089373-index.htm", "finalLink": "https://www.sec.gov/Archives/edgar/data/1048286/000119312506089373/d10q.htm"}, {"date": "2005-12-30", "symbol": "MAR", "fillingDate": "2006-02-22", "acceptedDate": "2006-02-22 15:09:18", "period": "FY", "revenue": 361000000, "costOfRevenue": 263000000, "grossProfit": 98000000, "grossProfitRatio": 0.27146814404432135, "researchAndDevelopmentExpenses": 0.0, "generalAndAdministrativeExpenses": 196000000, "sellingAndMarketingExpenses": 0.0, "otherExpenses": 0.0, "operatingExpenses": 196000000, "costAndExpenses": 459000000, "interestExpense": 37000000, "depreciationAndAmortization": 58000000, "ebitda": 279000000, "ebitdaratio": 0.7728531855955678, "operatingIncome": 221000000, "operatingIncomeRatio": 0.6121883656509696, "totalOtherIncomeExpensesNet": 84000000, "incomeBeforeTax": 300000000, "incomeBeforeTaxRatio": 0.8310249307479224, "incomeTaxExpense": -76000000, "netIncome": 237000000, "netIncomeRatio": 0.6565096952908587, "eps": 1.487, "epsdiluted": 1.487, "weightedAverageShsOut": 449899000, "weightedAverageShsOutDil": 449899000, "link": "https://www.sec.gov/Archives/edgar/data/1048286/000119312506036627/0001193125-06-036627-index.htm", "finalLink": "https://www.sec.gov/Archives/edgar/data/1048286/000119312506036627/d10k.htm"}, {"date": "2005-09-09", "symbol": "MAR", "fillingDate": "2005-10-13", "acceptedDate": "2005-10-13 16:18:25", "period": "Q2", "revenue": 403000000, "costOfRevenue": 491000000, "grossProfit": -88000000, "grossProfitRatio": -0.21836228287841192, "researchAndDevelopmentExpenses": 0.0, "generalAndAdministrativeExpenses": 273000000, "sellingAndMarketingExpenses": 0.0, "otherExpenses": 0.0, "operatingExpenses": 273000000, "costAndExpenses": 764000000, "interestExpense": 48000000, "depreciationAndAmortization": 53000000, "ebitda": 346000000, "ebitdaratio": 0.858560794044665, "operatingIncome": 293000000, "operatingIncomeRatio": 0.7270471464019851, "totalOtherIncomeExpensesNet": 34000000, "incomeBeforeTax": 303000000, "incomeBeforeTaxRatio": 0.7518610421836228, "incomeTaxExpense": -38000000, "netIncome": 294000000, "netIncomeRatio": 0.7295285359801489, "eps": 1.074, "epsdiluted": 1.074, "weightedAverageShsOut": 402234000, "weightedAverageShsOutDil": 402234000, "link": "https://www.sec.gov/Archives/edgar/data/1048286/000119312505200974/0001193125-05-200974-index.htm", "finalLink": "https://www.sec.gov/Archives/edgar/data/1048286/000119312505200974/d10q.htm"}, {"date": "2005-06-17", "symbol": "MAR", "fillingDate": "2005-07-22", "acceptedDate": "2005-07-22 14:26:44", "period": "", "revenue": 13000000, "costOfRevenue": 29000000, "grossProfit": -16000000, "grossProfitRatio": -1.2307692307692308, "researchAndDevelopmentExpenses": 0.0, "generalAndAdministrativeExpenses": 160000000, "sellingAndMarketingExpenses": 0.0, "otherExpenses": 5000000.0, "operatingExpenses": 160000000, "costAndExpenses": 131000000, "interestExpense": -3000000.0, "depreciationAndAmortization": 36000000, "ebitda": -81000000, "ebitdaratio": -6.230769230769231, "operatingIncome": -117000000, "operatingIncomeRatio": -9.0, "totalOtherIncomeExpensesNet": 68000000, "incomeBeforeTax": -26000000, "incomeBeforeTaxRatio": -2.0, "incomeTaxExpense": 25000000, "netIncome": -7000000.0, "netIncomeRatio": -0.5384615384615384, "eps": 0.335, "epsdiluted": 0.335, "weightedAverageShsOut": 411940000, "weightedAverageShsOutDil": 411940000, "link": "https://www.sec.gov/Archives/edgar/data/1048286/000119312505147097/0001193125-05-147097-index.htm", "finalLink": "https://www.sec.gov/Archives/edgar/data/1048286/000119312505147097/d10q.htm"}, {"date": "2005-03-25", "symbol": "MAR", "fillingDate": "2005-05-03", "acceptedDate": "2005-05-02 18:46:01", "period": "Q1", "revenue": 167000000, "costOfRevenue": 261000000, "grossProfit": -94000000, "grossProfitRatio": -0.562874251497006, "researchAndDevelopmentExpenses": 0.0, "generalAndAdministrativeExpenses": 124000000, "sellingAndMarketingExpenses": 0.0, "otherExpenses": -5000000.0, "operatingExpenses": 124000000, "costAndExpenses": 385000000, "interestExpense": 24000000, "depreciationAndAmortization": 37000000, "ebitda": 195000000, "ebitdaratio": 1.1676646706586826, "operatingIncome": 158000000, "operatingIncomeRatio": 0.9461077844311377, "totalOtherIncomeExpensesNet": -5000000.0, "incomeBeforeTax": 140000000, "incomeBeforeTaxRatio": 0.8383233532934131, "incomeTaxExpense": -5000000.0, "netIncome": 145000000, "netIncomeRatio": 0.8682634730538922, "eps": 0.346, "epsdiluted": 0.346, "weightedAverageShsOut": 419075000, "weightedAverageShsOutDil": 419075000, "link": "https://www.sec.gov/Archives/edgar/data/1048286/000119312505092654/0001193125-05-092654-index.htm", "finalLink": "https://www.sec.gov/Archives/edgar/data/1048286/000119312505092654/d10q.htm"}, {"date": "2004-12-31", "symbol": "MAR", "fillingDate": "2005-02-23", "acceptedDate": "2005-02-22 21:19:03", "period": "FY", "revenue": 239000000, "costOfRevenue": 283000000, "grossProfit": -44000000, "grossProfitRatio": -0.18410041841004185, "researchAndDevelopmentExpenses": 0.0, "generalAndAdministrativeExpenses": 222000000, "sellingAndMarketingExpenses": 0.0, "otherExpenses": 0.0, "operatingExpenses": 222000000, "costAndExpenses": 505000000, "interestExpense": 30000000, "depreciationAndAmortization": 51000000, "ebitda": 160000000, "ebitdaratio": 0.6694560669456067, "operatingIncome": 109000000, "operatingIncomeRatio": 0.4560669456066946, "totalOtherIncomeExpensesNet": 69000000, "incomeBeforeTax": 199000000, "incomeBeforeTaxRatio": 0.8326359832635983, "incomeTaxExpense": -21000000, "netIncome": 189000000, "netIncomeRatio": 0.7907949790794979, "eps": 1.247, "epsdiluted": 1.247, "weightedAverageShsOut": 477947000, "weightedAverageShsOutDil": 477947000, "link": "https://www.sec.gov/Archives/edgar/data/1048286/000119312505034535/0001193125-05-034535-index.htm", "finalLink": "https://www.sec.gov/Archives/edgar/data/1048286/000119312505034535/d10k.htm"}, {"date": "2004-09-10", "symbol": "MAR", "fillingDate": "2004-10-18", "acceptedDate": "2004-10-18 17:24:11", "period": "Q2", "revenue": 309000000, "costOfRevenue": 177000000, "grossProfit": 132000000, "grossProfitRatio": 0.42718446601941745, "researchAndDevelopmentExpenses": 0.0, "generalAndAdministrativeExpenses": 258000000, "sellingAndMarketingExpenses": 0.0, "otherExpenses": 0.0, "operatingExpenses": 258000000, "costAndExpenses": 435000000, "interestExpense": 45000000, "depreciationAndAmortization": 39000000, "ebitda": 289000000, "ebitdaratio": 0.9352750809061489, "operatingIncome": 250000000, "operatingIncomeRatio": 0.8090614886731392, "totalOtherIncomeExpensesNet": 47000000, "incomeBeforeTax": 276000000, "incomeBeforeTaxRatio": 0.8932038834951457, "incomeTaxExpense": -46000000, "netIncome": 247000000, "netIncomeRatio": 0.7993527508090615, "eps": 0.898, "epsdiluted": 0.898, "weightedAverageShsOut": 453229000, "weightedAverageShsOutDil": 453229000, "link": "https://www.sec.gov/Archives/edgar/data/1048286/000119312504173153/0001193125-04-173153-index.htm", "finalLink": "https://www.sec.gov/Archives/edgar/data/1048286/000119312504173153/d10q.htm"}, {"date": "2004-06-18", "symbol": "MAR", "fillingDate": "2004-07-21", "acceptedDate": "2004-07-21 14:09:53", "period": "", "revenue": 26000000, "costOfRevenue": 224000000, "grossProfit": -198000000, "grossProfitRatio": -7.615384615384615, "researchAndDevelopmentExpenses": 0.0, "generalAndAdministrativeExpenses": -5000000.0, "sellingAndMarketingExpenses": 0.0, "otherExpenses": 0.0, "operatingExpenses": -5000000.0, "costAndExpenses": 219000000, "interestExpense": 2000000.0, "depreciationAndAmortization": 37000000, "ebitda": 4000000.0, "ebitdaratio": 0.15384615384615385, "operatingIncome": -33000000, "operatingIncomeRatio": -1.2692307692307692, "totalOtherIncomeExpensesNet": 44000000, "incomeBeforeTax": 47000000, "incomeBeforeTaxRatio": 1.8076923076923077, "incomeTaxExpense": -15000000, "netIncome": 46000000, "netIncomeRatio": 1.7692307692307692, "eps": 0.281, "epsdiluted": 0.281, "weightedAverageShsOut": 569395000, "weightedAverageShsOutDil": 569395000, "link": "https://www.sec.gov/Archives/edgar/data/1048286/000119312504121720/0001193125-04-121720-index.htm", "finalLink": "https://www.sec.gov/Archives/edgar/data/1048286/000119312504121720/d10q.htm"}, {"date": "2004-03-26", "symbol": "MAR", "fillingDate": "2004-05-05", "acceptedDate": "2004-05-05 15:24:30", "period": "Q1", "revenue": 156000000, "costOfRevenue": 28000000, "grossProfit": 128000000, "grossProfitRatio": 0.8205128205128205, "researchAndDevelopmentExpenses": 0.0, "generalAndAdministrativeExpenses": 132000000, "sellingAndMarketingExpenses": 0.0, "otherExpenses": 0.0, "operatingExpenses": 132000000, "costAndExpenses": 160000000, "interestExpense": 22000000, "depreciationAndAmortization": 39000000, "ebitda": 190000000, "ebitdaratio": 1.2179487179487178, "operatingIncome": 151000000, "operatingIncomeRatio": 0.967948717948718, "totalOtherIncomeExpensesNet": 4000000.0, "incomeBeforeTax": 132000000, "incomeBeforeTaxRatio": 0.8461538461538461, "incomeTaxExpense": -18000000, "netIncome": 114000000, "netIncomeRatio": 0.7307692307692307, "eps": 0.318, "epsdiluted": 0.318, "weightedAverageShsOut": 358490000, "weightedAverageShsOutDil": 358490000, "link": "https://www.sec.gov/Archives/edgar/data/1048286/000119312504079214/0001193125-04-079214-index.htm", "finalLink": "https://www.sec.gov/Archives/edgar/data/1048286/000119312504079214/d10q.htm"}, {"date": "2004-01-02", "symbol": "MAR", "fillingDate": "2004-02-23", "acceptedDate": "2004-02-23 16:39:42", "period": "FY", "revenue": 633000000, "costOfRevenue": 663000000, "grossProfit": -30000000, "grossProfitRatio": -0.04739336492890995, "researchAndDevelopmentExpenses": 0.0, "generalAndAdministrativeExpenses": 523000000, "sellingAndMarketingExpenses": 0.0, "otherExpenses": 0.0, "operatingExpenses": 523000000, "costAndExpenses": 1186000000, "interestExpense": 110000000, "depreciationAndAmortization": 55000000, "ebitda": 432000000, "ebitdaratio": 0.6824644549763034, "operatingIncome": 377000000, "operatingIncomeRatio": 0.5955766192733017, "totalOtherIncomeExpensesNet": 106000000, "incomeBeforeTax": 488000000, "incomeBeforeTaxRatio": 0.7709320695102686, "incomeTaxExpense": 43000000, "netIncome": 502000000, "netIncomeRatio": 0.7930489731437599, "eps": 1.145, "epsdiluted": 1.145, "weightedAverageShsOut": 438427000, "weightedAverageShsOutDil": 438427000, "link": "https://www.sec.gov/Archives/edgar/data/1048286/000119312504027964/0001193125-04-027964-index.htm", "finalLink": "https://www.sec.gov/Archives/edgar/data/1048286/000119312504027964/d10k.htm"}, {"date": "2003-09-12", "symbol": "MAR", "fillingDate": "2003-10-17", "acceptedDate": "2003-10-17 14:25:27", "period": "Q2", "revenue": 612000000, "costOfRevenue": 384000000, "grossProfit": 228000000, "grossProfitRatio": 0.37254901960784315, "researchAndDevelopmentExpenses": 0.0, "generalAndAdministrativeExpenses": 0.0, "sellingAndMarketingExpenses": 0.0, "otherExpenses": 966000000, "operatingExpenses": 966000000, "costAndExpenses": 1350000000, "interestExpense": 52000000, "depreciationAndAmortization": 37000000, "ebitda": 217000000, "ebitdaratio": 0.3545751633986928, "operatingIncome": 180000000, "operatingIncomeRatio": 0.29411764705882354, "totalOtherIncomeExpensesNet": 0.0, "incomeBeforeTax": 153000000, "incomeBeforeTaxRatio": 0.25, "incomeTaxExpense": 56000000, "netIncome": 208000000, "netIncomeRatio": 0.33986928104575165, "eps": 1.31, "epsdiluted": 1.31, "weightedAverageShsOut": 254198473, "weightedAverageShsOutDil": 254198473, "link": "https://www.sec.gov/Archives/edgar/data/1048286/000119312503063454/0001193125-03-063454-index.htm", "finalLink": "https://www.sec.gov/Archives/edgar/data/1048286/000119312503063454/d10q.htm"}, {"date": "2003-06-20", "symbol": "MAR", "fillingDate": "2003-07-22", "acceptedDate": "2003-07-22 15:10:41", "period": "", "revenue": 38000000, "costOfRevenue": 27000000, "grossProfit": 11000000, "grossProfitRatio": 0.2894736842105263, "researchAndDevelopmentExpenses": 0.0, "generalAndAdministrativeExpenses": 0.0, "sellingAndMarketingExpenses": 0.0, "otherExpenses": -7000000.0, "operatingExpenses": -7000000.0, "costAndExpenses": -34000000, "interestExpense": -1000000.0, "depreciationAndAmortization": 34000000, "ebitda": 73000000, "ebitdaratio": 1.9210526315789473, "operatingIncome": 39000000, "operatingIncomeRatio": 1.0263157894736843, "totalOtherIncomeExpensesNet": 0.0, "incomeBeforeTax": 63000000, "incomeBeforeTaxRatio": 1.6578947368421053, "incomeTaxExpense": -24000000, "netIncome": 9000000.0, "netIncomeRatio": 0.23684210526315788, "eps": 0.54, "epsdiluted": 0.54, "weightedAverageShsOut": 231481481, "weightedAverageShsOutDil": 231481481, "link": "https://www.sec.gov/Archives/edgar/data/1048286/000119312503022170/0001193125-03-022170-index.htm", "finalLink": "https://www.sec.gov/Archives/edgar/data/1048286/000119312503022170/d10q.htm"}, {"date": "2003-03-28", "symbol": "MAR", "fillingDate": "2003-05-02", "acceptedDate": "2003-05-02 17:05:06", "period": "Q1", "revenue": 276000000, "costOfRevenue": 195000000, "grossProfit": 81000000, "grossProfitRatio": 0.29347826086956524, "researchAndDevelopmentExpenses": 0.0, "generalAndAdministrativeExpenses": 0.0, "sellingAndMarketingExpenses": 0.0, "otherExpenses": 466000000, "operatingExpenses": 466000000, "costAndExpenses": 661000000, "interestExpense": 26000000, "depreciationAndAmortization": 34000000, "ebitda": 121000000, "ebitdaratio": 0.4384057971014493, "operatingIncome": 87000000, "operatingIncomeRatio": 0.31521739130434784, "totalOtherIncomeExpensesNet": 0.0, "incomeBeforeTax": 47000000, "incomeBeforeTaxRatio": 0.17028985507246377, "incomeTaxExpense": 40000000, "netIncome": 116000000, "netIncomeRatio": 0.42028985507246375, "eps": 0.37, "epsdiluted": 0.37, "weightedAverageShsOut": 313513513, "weightedAverageShsOutDil": 313513513, "link": "https://www.sec.gov/Archives/edgar/data/1048286/000092838503001435/0000928385-03-001435-index.htm", "finalLink": "https://www.sec.gov/Archives/edgar/data/1048286/000092838503001435/d10q.htm"}, {"date": "2003-01-03", "symbol": "MAR", "fillingDate": "2003-02-14", "acceptedDate": "2003-02-14 09:56:59", "period": "FY", "revenue": 1353000000, "costOfRevenue": 520000000, "grossProfit": 833000000, "grossProfitRatio": 0.6156688839615669, "researchAndDevelopmentExpenses": 0.0, "generalAndAdministrativeExpenses": 0.0, "sellingAndMarketingExpenses": 0.0, "otherExpenses": 1896000000, "operatingExpenses": 1896000000, "costAndExpenses": 2416000000, "interestExpense": 86000000, "depreciationAndAmortization": 59000000, "ebitda": 498000000, "ebitdaratio": 0.36807095343680707, "operatingIncome": 439000000, "operatingIncomeRatio": 0.3244641537324464, "totalOtherIncomeExpensesNet": 0.0, "incomeBeforeTax": 471000000, "incomeBeforeTaxRatio": 0.34811529933481156, "incomeTaxExpense": -32000000, "netIncome": 277000000, "netIncomeRatio": 0.20473022912047303, "eps": 1.83, "epsdiluted": 1.83, "weightedAverageShsOut": 151366120, "weightedAverageShsOutDil": 151366120, "link": "https://www.sec.gov/Archives/edgar/data/1048286/000092838503000294/0000928385-03-000294-index.htm", "finalLink": "https://www.sec.gov/Archives/edgar/data/1048286/000092838503000294/d10k.htm"}]