[{"date": "2020-03-31", "symbol": "BIIB", "fillingDate": "2020-04-23", "acceptedDate": "2020-04-23 16:15:49", "period": "Q1", "revenue": 3534000000, "costOfRevenue": 454000000, "grossProfit": 3080000000, "grossProfitRatio": 0.8715336728919072, "researchAndDevelopmentExpenses": 476000000, "generalAndAdministrativeExpenses": 570000000, "sellingAndMarketingExpenses": 0.0, "otherExpenses": -120000000, "operatingExpenses": 1046000000, "costAndExpenses": 1714000000, "interestExpense": 0.0, "depreciationAndAmortization": 119000000, "ebitda": 1938000000, "ebitdaratio": 0.5483870967741935, "operatingIncome": 1819000000, "operatingIncomeRatio": 0.5147142048670063, "totalOtherIncomeExpensesNet": -120000000, "incomeBeforeTax": 1699000000, "incomeBeforeTaxRatio": 0.48075834748160723, "incomeTaxExpense": 292000000, "netIncome": 1392000000, "netIncomeRatio": 0.3938879456706282, "eps": 8.1, "epsdiluted": 8.08, "weightedAverageShsOut": 172000000, "weightedAverageShsOutDil": 173000000, "link": "https://www.sec.gov/Archives/edgar/data/875045/000087504520000011/0000875045-20-000011-index.htm", "finalLink": "https://www.sec.gov/Archives/edgar/data/875045/000087504520000011/biib-2020331x10q.htm"}, {"date": "2019-12-31", "symbol": "BIIB", "fillingDate": "2020-02-06", "acceptedDate": "2020-02-06 16:32:39", "period": "FY", "revenue": 3671300000, "costOfRevenue": 447100000, "grossProfit": 3224200000, "grossProfitRatio": 0.8782175251273391, "researchAndDevelopmentExpenses": 691700000, "generalAndAdministrativeExpenses": 664900000, "sellingAndMarketingExpenses": 0.0, "otherExpenses": -49000000, "operatingExpenses": 1356600000, "costAndExpenses": 1893600000, "interestExpense": 46000000, "depreciationAndAmortization": 113000000, "ebitda": 1890700000, "ebitdaratio": 0.51499468853, "operatingIncome": 1777700000, "operatingIncomeRatio": 0.484215400539, "totalOtherIncomeExpensesNet": -49000000, "incomeBeforeTax": 1728400000, "incomeBeforeTaxRatio": 0.470786914717, "incomeTaxExpense": 276100000, "netIncome": 1439700000, "netIncomeRatio": 0.392149919647, "eps": 8.09, "epsdiluted": 8.07, "weightedAverageShsOut": 187000000, "weightedAverageShsOutDil": 187000000, "link": "https://www.sec.gov/Archives/edgar/data/875045/000087504520000005/0000875045-20-000005-index.htm", "finalLink": "https://www.sec.gov/Archives/edgar/data/875045/000087504520000005/biib-20191231x10k.htm"}, {"date": "2019-09-30", "symbol": "BIIB", "fillingDate": "2019-10-22", "acceptedDate": "2019-10-22 16:12:44", "period": "Q3", "revenue": 3600100000, "costOfRevenue": 430000000, "grossProfit": 3170100000, "grossProfitRatio": 0.8805588733646288, "researchAndDevelopmentExpenses": 540400000, "generalAndAdministrativeExpenses": 554500000, "sellingAndMarketingExpenses": 0.0, "otherExpenses": -27000000, "operatingExpenses": 1094900000, "costAndExpenses": 1793800000, "interestExpense": 45800000, "depreciationAndAmortization": 329500000, "ebitda": 2135800000, "ebitdaratio": 0.593261298297, "operatingIncome": 1806300000, "operatingIncomeRatio": 0.501736062887, "totalOtherIncomeExpensesNet": -27000000, "incomeBeforeTax": 2507500000, "incomeBeforeTaxRatio": 0.696508430321, "incomeTaxExpense": 211300000, "netIncome": 1545900000, "netIncomeRatio": 0.429404738757, "eps": 8.37, "epsdiluted": 8.36, "weightedAverageShsOut": 190300000, "weightedAverageShsOutDil": 190500000, "link": "https://www.sec.gov/Archives/edgar/data/875045/000087504519000041/0000875045-19-000041-index.htm", "finalLink": "https://www.sec.gov/Archives/edgar/data/875045/000087504519000041/biib-2019930x10q.htm"}, {"date": "2019-06-30", "symbol": "BIIB", "fillingDate": "2019-07-24", "acceptedDate": "2019-07-23 17:47:07", "period": "Q2", "revenue": 3616700000, "costOfRevenue": 476300000, "grossProfit": 3140400000, "grossProfitRatio": 0.8683053612409102, "researchAndDevelopmentExpenses": 484800000, "generalAndAdministrativeExpenses": 587600000, "sellingAndMarketingExpenses": 0.0, "otherExpenses": -198000000, "operatingExpenses": 1072400000, "costAndExpenses": 1660800000, "interestExpense": 47700000, "depreciationAndAmortization": 117000000, "ebitda": 2072900000, "ebitdaratio": 0.573146791274, "operatingIncome": 1955900000, "operatingIncomeRatio": 0.540796859015, "totalOtherIncomeExpensesNet": -198000000, "incomeBeforeTax": 1030000000, "incomeBeforeTaxRatio": 0.284790001935, "incomeTaxExpense": 248100000, "netIncome": 1494100000, "netIncomeRatio": 0.413111399895, "eps": 7.84, "epsdiluted": 7.84, "weightedAverageShsOut": 193400000, "weightedAverageShsOutDil": 193700000, "link": "https://www.sec.gov/Archives/edgar/data/875045/000087504519000029/0000875045-19-000029-index.htm", "finalLink": "https://www.sec.gov/Archives/edgar/data/875045/000087504519000029/biib-2019630x10q.htm"}, {"date": "2019-03-31", "symbol": "BIIB", "fillingDate": "2019-04-24", "acceptedDate": "2019-04-24 16:46:37", "period": "Q1", "revenue": 3489800000, "costOfRevenue": 602000000, "grossProfit": 2887800000, "grossProfitRatio": 0.8274972777809616, "researchAndDevelopmentExpenses": 563700000, "generalAndAdministrativeExpenses": 567700000, "sellingAndMarketingExpenses": 0.0, "otherExpenses": 357000000, "operatingExpenses": 1131400000, "costAndExpenses": 1987100000, "interestExpense": 47900000, "depreciationAndAmortization": 121100000, "ebitda": 1623800000, "ebitdaratio": 0.465298870995, "operatingIncome": 1502700000, "operatingIncomeRatio": 0.430597741991, "totalOtherIncomeExpensesNet": 357300000, "incomeBeforeTax": 1860000000, "incomeBeforeTaxRatio": 0.53298183277, "incomeTaxExpense": 422500000, "netIncome": 1408800000, "netIncomeRatio": 0.403690755917, "eps": 7.17, "epsdiluted": 7.15, "weightedAverageShsOut": 196600000, "weightedAverageShsOutDil": 197000000, "link": "https://www.sec.gov/Archives/edgar/data/875045/000087504519000017/0000875045-19-000017-index.htm", "finalLink": "https://www.sec.gov/Archives/edgar/data/875045/000087504519000017/biib-2019331x10q.htm"}, {"date": "2018-12-31", "symbol": "BIIB", "fillingDate": "2019-02-06", "acceptedDate": "2019-02-06 17:21:15", "period": "FY", "revenue": 3526300000, "costOfRevenue": 488500000, "grossProfit": 3037800000, "grossProfitRatio": 0.8614695289680402, "researchAndDevelopmentExpenses": 611600000, "generalAndAdministrativeExpenses": 591100000, "sellingAndMarketingExpenses": 0.0, "otherExpenses": -28000000, "operatingExpenses": 1202700000, "costAndExpenses": 2083200000, "interestExpense": 49400000, "depreciationAndAmortization": 329700000, "ebitda": 1772800000, "ebitdaratio": 0.502736579418, "operatingIncome": 1443100000, "operatingIncomeRatio": 0.409239145847, "totalOtherIncomeExpensesNet": -28000000, "incomeBeforeTax": 1414500000, "incomeBeforeTaxRatio": 0.40112866177, "incomeTaxExpense": 469600000, "netIncome": 946800000, "netIncomeRatio": 0.268496724612, "eps": 4.77, "epsdiluted": 4.75, "weightedAverageShsOut": 204000000, "weightedAverageShsOutDil": 205000000, "link": "https://www.sec.gov/Archives/edgar/data/875045/000087504519000006/0000875045-19-000006-index.htm", "finalLink": "https://www.sec.gov/Archives/edgar/data/875045/000087504519000006/biib-20181231x10k.htm"}, {"date": "2018-09-30", "symbol": "BIIB", "fillingDate": "2018-10-23", "acceptedDate": "2018-10-23 16:25:54", "period": "Q3", "revenue": 3439000000, "costOfRevenue": 460800000, "grossProfit": 2978200000, "grossProfitRatio": 0.8660075603373073, "researchAndDevelopmentExpenses": 507900000, "generalAndAdministrativeExpenses": 497700000, "sellingAndMarketingExpenses": 0.0, "otherExpenses": 114000000, "operatingExpenses": 1005600000, "costAndExpenses": 1741400000, "interestExpense": 49000000, "depreciationAndAmortization": 346500000, "ebitda": 2044100000, "ebitdaratio": 0.59438790346, "operatingIncome": 1697600000, "operatingIncomeRatio": 0.49363186973, "totalOtherIncomeExpensesNet": 115100000, "incomeBeforeTax": 1812700000, "incomeBeforeTaxRatio": 0.527100901425, "incomeTaxExpense": 369800000, "netIncome": 1444400000, "netIncomeRatio": 0.420005815644, "eps": 7.11, "epsdiluted": 7.1, "weightedAverageShsOut": 206600000, "weightedAverageShsOutDil": 207000000, "link": "https://www.sec.gov/Archives/edgar/data/875045/000087504518000032/0000875045-18-000032-index.htm", "finalLink": "https://www.sec.gov/Archives/edgar/data/875045/000087504518000032/biib-2018930x10q.htm"}, {"date": "2018-06-30", "symbol": "BIIB", "fillingDate": "2018-07-24", "acceptedDate": "2018-07-24 16:53:51", "period": "Q2", "revenue": 3356500000, "costOfRevenue": 421000000, "grossProfit": 2935500000, "grossProfitRatio": 0.8745717265008193, "researchAndDevelopmentExpenses": 981000000, "generalAndAdministrativeExpenses": 516200000, "sellingAndMarketingExpenses": 0.0, "otherExpenses": -34000000, "operatingExpenses": 1497200000, "costAndExpenses": 2143300000, "interestExpense": 51700000, "depreciationAndAmortization": 171500000, "ebitda": 1384700000, "ebitdaratio": 0.41254282735, "operatingIncome": 1213200000, "operatingIncomeRatio": 0.361447936839, "totalOtherIncomeExpensesNet": -34000000, "incomeBeforeTax": 1178700000, "incomeBeforeTaxRatio": 0.351169372859, "incomeTaxExpense": 263700000, "netIncome": 866600000, "netIncomeRatio": 0.25818561001, "eps": 4.2, "epsdiluted": 4.19, "weightedAverageShsOut": 209200000, "weightedAverageShsOutDil": 209500000, "link": "https://www.sec.gov/Archives/edgar/data/875045/000087504518000019/0000875045-18-000019-index.htm", "finalLink": "https://www.sec.gov/Archives/edgar/data/875045/000087504518000019/biib-2018630x10q.htm"}, {"date": "2018-03-31", "symbol": "BIIB", "fillingDate": "2018-04-24", "acceptedDate": "2018-04-24 16:53:10", "period": "Q1", "revenue": 3131100000, "costOfRevenue": 446000000, "grossProfit": 2685100000, "grossProfitRatio": 0.8575580466928555, "researchAndDevelopmentExpenses": 496700000, "generalAndAdministrativeExpenses": 501300000, "sellingAndMarketingExpenses": 0.0, "otherExpenses": -41000000, "operatingExpenses": 998000000, "costAndExpenses": 1596400000, "interestExpense": 50500000, "depreciationAndAmortization": 168900000, "ebitda": 1703600000, "ebitdaratio": 0.544089936444, "operatingIncome": 1534700000, "operatingIncomeRatio": 0.490147232602, "totalOtherIncomeExpensesNet": -41000000, "incomeBeforeTax": 1493700000, "incomeBeforeTaxRatio": 0.477052792948, "incomeTaxExpense": 322500000, "netIncome": 1172900000, "netIncomeRatio": 0.374596787072, "eps": 5.55, "epsdiluted": 5.54, "weightedAverageShsOut": 211400000, "weightedAverageShsOutDil": 211700000, "link": "https://www.sec.gov/Archives/edgar/data/875045/000087504518000010/0000875045-18-000010-index.htm", "finalLink": "https://www.sec.gov/Archives/edgar/data/875045/000087504518000010/biib-2018331x10q.htm"}, {"date": "2017-12-31", "symbol": "BIIB", "fillingDate": "2018-02-01", "acceptedDate": "2018-02-01 16:35:03", "period": "FY", "revenue": 3307000000, "costOfRevenue": 509200000, "grossProfit": 2797800000, "grossProfitRatio": 0.846023586332023, "researchAndDevelopmentExpenses": 587600000, "generalAndAdministrativeExpenses": 572400000, "sellingAndMarketingExpenses": 0.0, "otherExpenses": -66000000, "operatingExpenses": 1160000000, "costAndExpenses": 1841200000, "interestExpense": 62000000, "depreciationAndAmortization": 89000000, "ebitda": 1554800000, "ebitdaratio": 0.470154218325, "operatingIncome": 1465800000, "operatingIncomeRatio": 0.443241608709, "totalOtherIncomeExpensesNet": -66000000, "incomeBeforeTax": 1399800000, "incomeBeforeTaxRatio": 0.423283943151, "incomeTaxExpense": 1566100000, "netIncome": -166000000, "netIncomeRatio": -0.05019655276685818, "eps": -1.38, "epsdiluted": -1.38, "weightedAverageShsOut": 212000000, "weightedAverageShsOutDil": 213000000, "link": "https://www.sec.gov/Archives/edgar/data/875045/000087504518000005/0000875045-18-000005-index.htm", "finalLink": "https://www.sec.gov/Archives/edgar/data/875045/000087504518000005/biib-20171231x10k.htm"}, {"date": "2017-09-30", "symbol": "BIIB", "fillingDate": "2017-10-24", "acceptedDate": "2017-10-24 16:35:34", "period": "Q3", "revenue": 3077800000, "costOfRevenue": 370000000, "grossProfit": 2707800000, "grossProfitRatio": 0.8797842614854766, "researchAndDevelopmentExpenses": 446400000, "generalAndAdministrativeExpenses": 433800000, "sellingAndMarketingExpenses": 0.0, "otherExpenses": -44000000, "operatingExpenses": 880200000, "costAndExpenses": 1424300000, "interestExpense": 61800000, "depreciationAndAmortization": 177400000, "ebitda": 1830900000, "ebitdaratio": 0.594872961206, "operatingIncome": 1653500000, "operatingIncomeRatio": 0.537234388199, "totalOtherIncomeExpensesNet": -44000000, "incomeBeforeTax": 1609900000, "incomeBeforeTaxRatio": 0.523068425499, "incomeTaxExpense": 383800000, "netIncome": 1226100000, "netIncomeRatio": 0.398368964845, "eps": 5.79, "epsdiluted": 5.78, "weightedAverageShsOut": 213000000, "weightedAverageShsOutDil": 213300000, "link": "https://www.sec.gov/Archives/edgar/data/875045/000087504517000029/0000875045-17-000029-index.htm", "finalLink": "https://www.sec.gov/Archives/edgar/data/875045/000087504517000029/biib-2017930x10q.htm"}, {"date": "2017-06-30", "symbol": "BIIB", "fillingDate": "2017-07-25", "acceptedDate": "2017-07-25 16:22:11", "period": "Q2", "revenue": 3078400000, "costOfRevenue": 366200000, "grossProfit": 2712200000, "grossProfitRatio": 0.8810420997920998, "researchAndDevelopmentExpenses": 796200000, "generalAndAdministrativeExpenses": 430200000, "sellingAndMarketingExpenses": 0.0, "otherExpenses": -68000000, "operatingExpenses": 1226400000, "costAndExpenses": 1877800000, "interestExpense": 63600000, "depreciationAndAmortization": 302600000, "ebitda": 1503200000, "ebitdaratio": 0.488305613306, "operatingIncome": 1200600000, "operatingIncomeRatio": 0.390007796258, "totalOtherIncomeExpensesNet": -68000000, "incomeBeforeTax": 1132400000, "incomeBeforeTaxRatio": 0.367853430353, "incomeTaxExpense": 269600000, "netIncome": 862800000, "netIncomeRatio": 0.280275467775, "eps": 4.06, "epsdiluted": 4.06, "weightedAverageShsOut": 213700000, "weightedAverageShsOutDil": 214000000, "link": "https://www.sec.gov/Archives/edgar/data/875045/000087504517000024/0000875045-17-000024-index.htm", "finalLink": "https://www.sec.gov/Archives/edgar/data/875045/000087504517000024/biib-2017630x10q.htm"}, {"date": "2017-03-31", "symbol": "BIIB", "fillingDate": "2017-04-25", "acceptedDate": "2017-04-25 16:18:28", "period": "Q1", "revenue": 2810700000, "costOfRevenue": 384600000, "grossProfit": 2426100000, "grossProfitRatio": 0.8631657594193617, "researchAndDevelopmentExpenses": 423400000, "generalAndAdministrativeExpenses": 499100000, "sellingAndMarketingExpenses": 0.0, "otherExpenses": -37000000, "operatingExpenses": 922500000, "costAndExpenses": 1786400000, "interestExpense": 63400000, "depreciationAndAmortization": 512000000, "ebitda": 1536300000, "ebitdaratio": 0.546589817483, "operatingIncome": 1024300000, "operatingIncomeRatio": 0.364428789981, "totalOtherIncomeExpensesNet": -37000000, "incomeBeforeTax": 986700000, "incomeBeforeTaxRatio": 0.351051339524, "incomeTaxExpense": 239200000, "netIncome": 747600000, "netIncomeRatio": 0.265983562814, "eps": 3.47, "epsdiluted": 3.46, "weightedAverageShsOut": 215600000, "weightedAverageShsOutDil": 215900000, "link": "https://www.sec.gov/Archives/edgar/data/875045/000087504517000017/0000875045-17-000017-index.htm", "finalLink": "https://www.sec.gov/Archives/edgar/data/875045/000087504517000017/biib-2017331x10q.htm"}, {"date": "2016-12-31", "symbol": "BIIB", "fillingDate": "2017-02-02", "acceptedDate": "2017-02-02 16:24:00", "period": "FY", "revenue": 2872000000, "costOfRevenue": 378500000, "grossProfit": 2493500000, "grossProfitRatio": 0.8682103064066853, "researchAndDevelopmentExpenses": 533900000, "generalAndAdministrativeExpenses": 495500000, "sellingAndMarketingExpenses": 0.0, "otherExpenses": 454800000, "operatingExpenses": 1484200000, "costAndExpenses": 1985800000, "interestExpense": 64800000, "depreciationAndAmortization": 177400000, "ebitda": 1063600000, "ebitdaratio": 0.370334261838, "operatingIncome": 886200000, "operatingIncomeRatio": 0.30856545961, "totalOtherIncomeExpensesNet": 169400000, "incomeBeforeTax": 838200000, "incomeBeforeTaxRatio": 0.291852367688, "incomeTaxExpense": 190300000, "netIncome": 649200000, "netIncomeRatio": 0.226044568245, "eps": 3.01, "epsdiluted": 3.01, "weightedAverageShsOut": 218000000, "weightedAverageShsOutDil": 218000000, "link": "https://www.sec.gov/Archives/edgar/data/875045/000087504517000009/0000875045-17-000009-index.htm", "finalLink": "https://www.sec.gov/Archives/edgar/data/875045/000087504517000009/biib-20161231x10k.htm"}, {"date": "2016-09-30", "symbol": "BIIB", "fillingDate": "2016-10-26", "acceptedDate": "2016-10-26 16:16:21", "period": "Q3", "revenue": 2955800000, "costOfRevenue": 416900000, "grossProfit": 2538900000, "grossProfitRatio": 0.8589552743758035, "researchAndDevelopmentExpenses": 529000000, "generalAndAdministrativeExpenses": 462700000, "sellingAndMarketingExpenses": 0.0, "otherExpenses": -58000000, "operatingExpenses": 991700000, "costAndExpenses": 1530500000, "interestExpense": 66000000, "depreciationAndAmortization": 180200000, "ebitda": 1605500000, "ebitdaratio": 0.543169361932, "operatingIncome": 1425300000, "operatingIncomeRatio": 0.482204479329, "totalOtherIncomeExpensesNet": -58000000, "incomeBeforeTax": 1367200000, "incomeBeforeTaxRatio": 0.462548210298, "incomeTaxExpense": 337000000, "netIncome": 1032900000, "netIncomeRatio": 0.34944854185, "eps": 4.72, "epsdiluted": 4.71, "weightedAverageShsOut": 219000000, "weightedAverageShsOutDil": 219000000, "link": "https://www.sec.gov/Archives/edgar/data/875045/000087504516000071/0000875045-16-000071-index.htm", "finalLink": "https://www.sec.gov/Archives/edgar/data/875045/000087504516000071/biib-2016930x10q.htm"}, {"date": "2016-06-30", "symbol": "BIIB", "fillingDate": "2016-07-21", "acceptedDate": "2016-07-21 17:30:12", "period": "Q2", "revenue": 2894200000, "costOfRevenue": 370300000, "grossProfit": 2523900000, "grossProfitRatio": 0.8720544537350563, "researchAndDevelopmentExpenses": 473100000, "generalAndAdministrativeExpenses": 492400000, "sellingAndMarketingExpenses": 0.0, "otherExpenses": -59000000, "operatingExpenses": 965500000, "costAndExpenses": 1433700000, "interestExpense": 65900000, "depreciationAndAmortization": 175400000, "ebitda": 1635900000, "ebitdaratio": 0.565233916108, "operatingIncome": 1460500000, "operatingIncomeRatio": 0.504629949554, "totalOtherIncomeExpensesNet": -59000000, "incomeBeforeTax": 1402000000, "incomeBeforeTaxRatio": 0.484417110082, "incomeTaxExpense": 353600000, "netIncome": 1049800000, "netIncomeRatio": 0.362725450902, "eps": 4.79, "epsdiluted": 4.78, "weightedAverageShsOut": 219000000, "weightedAverageShsOutDil": 219000000, "link": "https://www.sec.gov/Archives/edgar/data/875045/000087504516000065/0000875045-16-000065-index.htm", "finalLink": "https://www.sec.gov/Archives/edgar/data/875045/000087504516000065/biib-2016630x10q.htm"}, {"date": "2016-03-31", "symbol": "BIIB", "fillingDate": "2016-04-21", "acceptedDate": "2016-04-21 16:57:52", "period": "Q1", "revenue": 2726800000, "costOfRevenue": 313000000, "grossProfit": 2413800000, "grossProfitRatio": 0.885213436995746, "researchAndDevelopmentExpenses": 437300000, "generalAndAdministrativeExpenses": 497300000, "sellingAndMarketingExpenses": 0.0, "otherExpenses": -52000000, "operatingExpenses": 934600000, "costAndExpenses": 1348400000, "interestExpense": 63300000, "depreciationAndAmortization": 149700000, "ebitda": 1528100000, "ebitdaratio": 0.560400469415, "operatingIncome": 1378400000, "operatingIncomeRatio": 0.505500953499, "totalOtherIncomeExpensesNet": -52000000, "incomeBeforeTax": 1325600000, "incomeBeforeTaxRatio": 0.486137597184, "incomeTaxExpense": 356400000, "netIncome": 970900000, "netIncomeRatio": 0.356058383453, "eps": 4.44, "epsdiluted": 4.43, "weightedAverageShsOut": 218000000, "weightedAverageShsOutDil": 219000000, "link": "https://www.sec.gov/Archives/edgar/data/875045/000087504516000050/0000875045-16-000050-index.htm", "finalLink": "https://www.sec.gov/Archives/edgar/data/875045/000087504516000050/biib-2016331x10q.htm"}, {"date": "2015-12-31", "symbol": "BIIB", "fillingDate": "2016-02-03", "acceptedDate": "2016-02-03 16:25:52", "period": "FY", "revenue": 2839336000, "costOfRevenue": 331821000, "grossProfit": 2507515000, "grossProfitRatio": 0.8831342961875593, "researchAndDevelopmentExpenses": 541660000, "generalAndAdministrativeExpenses": 583017000, "sellingAndMarketingExpenses": 0.0, "otherExpenses": -123000000, "operatingExpenses": 1124677000, "costAndExpenses": 1671139000, "interestExpense": 67400000, "depreciationAndAmortization": 156300000, "ebitda": 1324497000, "ebitdaratio": 0.466481247728, "operatingIncome": 1168197000, "operatingIncomeRatio": 0.411433166064, "totalOtherIncomeExpensesNet": 41288000, "incomeBeforeTax": 1085785000, "incomeBeforeTaxRatio": 0.382408070056, "incomeTaxExpense": 257125000, "netIncome": 831561000, "netIncomeRatio": 0.292871643229, "eps": 3.78, "epsdiluted": 3.77, "weightedAverageShsOut": 230000000, "weightedAverageShsOutDil": 231000000, "link": "https://www.sec.gov/Archives/edgar/data/875045/000087504516000042/0000875045-16-000042-index.htm", "finalLink": "https://www.sec.gov/Archives/edgar/data/875045/000087504516000042/biib-20151231x10k.htm"}, {"date": "2015-09-30", "symbol": "BIIB", "fillingDate": "2015-10-21", "acceptedDate": "2015-10-21 16:17:55", "period": "Q3", "revenue": 2777859000, "costOfRevenue": 310028000, "grossProfit": 2467831000, "grossProfitRatio": 0.8883931833833179, "researchAndDevelopmentExpenses": 519863000, "generalAndAdministrativeExpenses": 477827000, "sellingAndMarketingExpenses": 0.0, "otherExpenses": -15413000000, "operatingExpenses": 997690000, "costAndExpenses": 1406027000, "interestExpense": 15600000, "depreciationAndAmortization": 151577000, "ebitda": 1523409000, "ebitdaratio": 0.548411204456, "operatingIncome": 1371832000, "operatingIncomeRatio": 0.49384507997, "totalOtherIncomeExpensesNet": -15413000000, "incomeBeforeTax": 1356419000, "incomeBeforeTaxRatio": 0.488296562209, "incomeTaxExpense": 330093000, "netIncome": 965622000, "netIncomeRatio": 0.347613755774, "eps": 4.16, "epsdiluted": 4.15, "weightedAverageShsOut": 234134.0, "weightedAverageShsOutDil": 234659.0, "link": "https://www.sec.gov/Archives/edgar/data/875045/000087504515000034/0000875045-15-000034-index.htm", "finalLink": "https://www.sec.gov/Archives/edgar/data/875045/000087504515000034/biib-2015930x10q.htm"}, {"date": "2015-06-30", "symbol": "BIIB", "fillingDate": "2015-07-24", "acceptedDate": "2015-07-24 16:25:45", "period": "Q2", "revenue": 2591642000, "costOfRevenue": 286120000, "grossProfit": 2305522000, "grossProfitRatio": 0.8895989492375876, "researchAndDevelopmentExpenses": 490728000, "generalAndAdministrativeExpenses": 491895000, "sellingAndMarketingExpenses": 0.0, "otherExpenses": -10889000000, "operatingExpenses": 982623000, "costAndExpenses": 1358546000, "interestExpense": 5800000.0, "depreciationAndAmortization": 144586000, "ebitda": 1377682000, "ebitdaratio": 0.531586538573, "operatingIncome": 1233096000, "operatingIncomeRatio": 0.475797197298, "totalOtherIncomeExpensesNet": -10889000000, "incomeBeforeTax": 1222207000, "incomeBeforeTaxRatio": 0.4715956139, "incomeTaxExpense": 292501000, "netIncome": 927276000, "netIncomeRatio": 0.357794788015, "eps": 3.94, "epsdiluted": 3.93, "weightedAverageShsOut": 235122.0, "weightedAverageShsOutDil": 235671.0, "link": "https://www.sec.gov/Archives/edgar/data/875045/000087504515000024/0000875045-15-000024-index.htm", "finalLink": "https://www.sec.gov/Archives/edgar/data/875045/000087504515000024/biib-2015630x10q.htm"}, {"date": "2015-03-31", "symbol": "BIIB", "fillingDate": "2015-04-24", "acceptedDate": "2015-04-24 16:08:55", "period": "Q1", "revenue": 2554963000, "costOfRevenue": 312431000, "grossProfit": 2242532000, "grossProfitRatio": 0.877716037375101, "researchAndDevelopmentExpenses": 460549000, "generalAndAdministrativeExpenses": 560361000, "sellingAndMarketingExpenses": 0.0, "otherExpenses": -14986000000, "operatingExpenses": 1020910000, "costAndExpenses": 1437088000, "interestExpense": 6700000.0, "depreciationAndAmortization": 147937000, "ebitda": 1265812000, "ebitdaratio": 0.495432614875, "operatingIncome": 1117875000, "operatingIncomeRatio": 0.437530797902, "totalOtherIncomeExpensesNet": -14986000000, "incomeBeforeTax": 1102889000, "incomeBeforeTaxRatio": 0.431665350927, "incomeTaxExpense": 281881000, "netIncome": 822541000, "netIncomeRatio": 0.321938517309, "eps": 3.5, "epsdiluted": 3.49, "weightedAverageShsOut": 234995.0, "weightedAverageShsOutDil": 235630.0, "link": "https://www.sec.gov/Archives/edgar/data/875045/000087504515000014/0000875045-15-000014-index.htm", "finalLink": "https://www.sec.gov/Archives/edgar/data/875045/000087504515000014/biib-2015331x10q.htm"}, {"date": "2014-12-31", "symbol": "BIIB", "fillingDate": "2015-02-04", "acceptedDate": "2015-02-04 16:39:52", "period": "FY", "revenue": 2640675000, "costOfRevenue": 297265000, "grossProfit": 2343410000, "grossProfitRatio": 0.8874284037225331, "researchAndDevelopmentExpenses": 500091000, "generalAndAdministrativeExpenses": 573610000, "sellingAndMarketingExpenses": 0.0, "otherExpenses": -8751000000, "operatingExpenses": 1073701000, "costAndExpenses": 1485532000, "interestExpense": 7400000.0, "depreciationAndAmortization": 157642000, "ebitda": 1317405000, "ebitdaratio": 0.498889488483, "operatingIncome": 1159763000, "operatingIncomeRatio": 0.43919187329, "totalOtherIncomeExpensesNet": -8751000000, "incomeBeforeTax": 1897895000, "incomeBeforeTaxRatio": 0.718715858635, "incomeTaxExpense": 268233000, "netIncome": 883464000, "netIncomeRatio": 0.334559913658, "eps": 3.75, "epsdiluted": 3.73, "weightedAverageShsOut": 236359.0, "weightedAverageShsOutDil": 237176.0, "link": "https://www.sec.gov/Archives/edgar/data/875045/000087504515000005/0000875045-15-000005-index.htm", "finalLink": "https://www.sec.gov/Archives/edgar/data/875045/000087504515000005/biib-20141231x10k.htm"}, {"date": "2014-09-30", "symbol": "BIIB", "fillingDate": "2014-10-22", "acceptedDate": "2014-10-22 16:59:38", "period": "Q3", "revenue": 2511446000, "costOfRevenue": 302639000, "grossProfit": 2208807000, "grossProfitRatio": 0.8794961149871429, "researchAndDevelopmentExpenses": 417174000, "generalAndAdministrativeExpenses": 570436000, "sellingAndMarketingExpenses": 0.0, "otherExpenses": -16290000000, "operatingExpenses": 987610000, "costAndExpenses": 1363247000, "interestExpense": 7400000.0, "depreciationAndAmortization": 175406000, "ebitda": 1327984000, "ebitdaratio": 0.52877266722, "operatingIncome": 1152578000, "operatingIncomeRatio": 0.458930034729, "totalOtherIncomeExpensesNet": -16290000000, "incomeBeforeTax": 844812000, "incomeBeforeTaxRatio": 0.336384696306, "incomeTaxExpense": 274774000, "netIncome": 856858000, "netIncomeRatio": 0.341181136286, "eps": 3.62, "epsdiluted": 3.61, "weightedAverageShsOut": 236641.0, "weightedAverageShsOutDil": 237449.0, "link": "https://www.sec.gov/Archives/edgar/data/875045/000087504514000022/0000875045-14-000022-index.htm", "finalLink": "https://www.sec.gov/Archives/edgar/data/875045/000087504514000022/biib-2014930x10q.htm"}, {"date": "2014-06-30", "symbol": "BIIB", "fillingDate": "2014-07-23", "acceptedDate": "2014-07-23 16:22:38", "period": "Q2", "revenue": 2421452000, "costOfRevenue": 291887000, "grossProfit": 2129565000, "grossProfitRatio": 0.879457862472599, "researchAndDevelopmentExpenses": 447273000, "generalAndAdministrativeExpenses": 576622000, "sellingAndMarketingExpenses": 0.0, "otherExpenses": 4861000000, "operatingExpenses": 1023895000, "costAndExpenses": 1436627000, "interestExpense": 7100000.0, "depreciationAndAmortization": 164139000, "ebitda": 1152864000, "ebitdaratio": 0.476104419993, "operatingIncome": 988725000, "operatingIncomeRatio": 0.408319058152, "totalOtherIncomeExpensesNet": 4861000000, "incomeBeforeTax": 718809000, "incomeBeforeTaxRatio": 0.296850402155, "incomeTaxExpense": 268521000, "netIncome": 714506000, "netIncomeRatio": 0.295073369202, "eps": 3.02, "epsdiluted": 3.01, "weightedAverageShsOut": 236729.0, "weightedAverageShsOutDil": 237634.0, "link": "https://www.sec.gov/Archives/edgar/data/875045/000087504514000016/0000875045-14-000016-index.htm", "finalLink": "https://www.sec.gov/Archives/edgar/data/875045/000087504514000016/biib-2014630x10q.htm"}, {"date": "2014-03-31", "symbol": "BIIB", "fillingDate": "2014-04-23", "acceptedDate": "2014-04-23 13:24:07", "period": "Q1", "revenue": 2129751000, "costOfRevenue": 279245000, "grossProfit": 1850506000, "grossProfitRatio": 0.8688837333566224, "researchAndDevelopmentExpenses": 528884000, "generalAndAdministrativeExpenses": 511674000, "sellingAndMarketingExpenses": 0.0, "otherExpenses": -5601000000, "operatingExpenses": 1040558000, "costAndExpenses": 1462262000, "interestExpense": 7600000.0, "depreciationAndAmortization": 190963000, "ebitda": 862311000, "ebitdaratio": 0.404888177069, "operatingIncome": 671348000, "operatingIncomeRatio": 0.315223704555, "totalOtherIncomeExpensesNet": -5601000000, "incomeBeforeTax": 485117000, "incomeBeforeTaxRatio": 0.227781088024, "incomeTaxExpense": 178414000, "netIncome": 479956000, "netIncomeRatio": 0.225357800043, "eps": 2.03, "epsdiluted": 2.02, "weightedAverageShsOut": 236786.0, "weightedAverageShsOutDil": 237849.0, "link": "https://www.sec.gov/Archives/edgar/data/875045/000087504514000011/0000875045-14-000011-index.htm", "finalLink": "https://www.sec.gov/Archives/edgar/data/875045/000087504514000011/biib-2014331x10q.htm"}, {"date": "2013-12-31", "symbol": "BIIB", "fillingDate": "2014-02-06", "acceptedDate": "2014-02-06 17:28:12", "period": "FY", "revenue": 1965850000, "costOfRevenue": 258553000, "grossProfit": 1707297000, "grossProfitRatio": 0.8684777577129486, "researchAndDevelopmentExpenses": 422233000, "generalAndAdministrativeExpenses": 522857000, "sellingAndMarketingExpenses": 0.0, "otherExpenses": -5405000000, "operatingExpenses": 945090000, "costAndExpenses": 1315503000, "interestExpense": 6400000.0, "depreciationAndAmortization": 158383000, "ebitda": 816309000, "ebitdaratio": 0.415244805046, "operatingIncome": 657926000, "operatingIncomeRatio": 0.334677620368, "totalOtherIncomeExpensesNet": -5405000000, "incomeBeforeTax": 458876000, "incomeBeforeTaxRatio": 0.233423709846, "incomeTaxExpense": 190261000, "netIncome": 457306000, "netIncomeRatio": 0.232625073124, "eps": 1.93, "epsdiluted": 1.92, "weightedAverageShsOut": 236919.0, "weightedAverageShsOutDil": 238308.0, "link": "https://www.sec.gov/Archives/edgar/data/875045/000087504514000004/0000875045-14-000004-index.htm", "finalLink": "https://www.sec.gov/Archives/edgar/data/875045/000087504514000004/biib-20131231x10k.htm"}, {"date": "2013-09-30", "symbol": "BIIB", "fillingDate": "2013-10-28", "acceptedDate": "2013-10-28 14:13:40", "period": "Q3", "revenue": 1827780000, "costOfRevenue": 234696000, "grossProfit": 1593084000, "grossProfitRatio": 0.8715950497324624, "researchAndDevelopmentExpenses": 410017000, "generalAndAdministrativeExpenses": 405584000, "sellingAndMarketingExpenses": 0.0, "otherExpenses": -4640000000, "operatingExpenses": 815601000, "costAndExpenses": 1150198000, "interestExpense": 6600000.0, "depreciationAndAmortization": 147477000, "ebitda": 832008000, "ebitdaratio": 0.455201391852, "operatingIncome": 684531000, "operatingIncomeRatio": 0.374514985392, "totalOtherIncomeExpensesNet": -4640000000, "incomeBeforeTax": 513437000, "incomeBeforeTaxRatio": 0.280907439626, "incomeTaxExpense": 186105000, "netIncome": 487616000, "netIncomeRatio": 0.26678046592, "eps": 2.06, "epsdiluted": 2.04, "weightedAverageShsOut": 237131.0, "weightedAverageShsOutDil": 238508.0, "link": "https://www.sec.gov/Archives/edgar/data/875045/000087504513000034/0000875045-13-000034-index.htm", "finalLink": "https://www.sec.gov/Archives/edgar/data/875045/000087504513000034/biib-2013930x10q.htm"}, {"date": "2013-06-30", "symbol": "BIIB", "fillingDate": "2013-07-25", "acceptedDate": "2013-07-25 16:43:15", "period": "Q2", "revenue": 1723473000, "costOfRevenue": 230728000, "grossProfit": 1492745000, "grossProfitRatio": 0.8661261302033743, "researchAndDevelopmentExpenses": 327463000, "generalAndAdministrativeExpenses": 431012000, "sellingAndMarketingExpenses": 0.0, "otherExpenses": -10428000000, "operatingExpenses": 758475000, "costAndExpenses": 1066265000, "interestExpense": 7400000.0, "depreciationAndAmortization": 128427000, "ebitda": 790954000, "ebitdaratio": 0.458930311064, "operatingIncome": 662527000, "operatingIncomeRatio": 0.38441391307, "totalOtherIncomeExpensesNet": -10428000000, "incomeBeforeTax": 421520000, "incomeBeforeTaxRatio": 0.244575923151, "incomeTaxExpense": 159140000, "netIncome": 490670000, "netIncomeRatio": 0.284698396784, "eps": 2.07, "epsdiluted": 2.06, "weightedAverageShsOut": 237162.0, "weightedAverageShsOutDil": 238543.0, "link": "https://www.sec.gov/Archives/edgar/data/875045/000087504513000027/0000875045-13-000027-index.htm", "finalLink": "https://www.sec.gov/Archives/edgar/data/875045/000087504513000027/biib-2013630x10q.htm"}, {"date": "2013-03-31", "symbol": "BIIB", "fillingDate": "2013-04-25", "acceptedDate": "2013-04-25 16:01:54", "period": "Q1", "revenue": 1415096000, "costOfRevenue": 133749000, "grossProfit": 1281347000, "grossProfitRatio": 0.9054841508985962, "researchAndDevelopmentExpenses": 284340000, "generalAndAdministrativeExpenses": 352598000, "sellingAndMarketingExpenses": 0.0, "otherExpenses": -14457000000, "operatingExpenses": 636938000, "costAndExpenses": 909622000, "interestExpense": 11500000, "depreciationAndAmortization": 97453000, "ebitda": 607978000, "ebitdaratio": 0.429637282559, "operatingIncome": 510525000, "operatingIncomeRatio": 0.360770576696, "totalOtherIncomeExpensesNet": -14457000000, "incomeBeforeTax": 496068000, "incomeBeforeTaxRatio": 0.350554308683, "incomeTaxExpense": 65508000, "netIncome": 426749000, "netIncomeRatio": 0.301568939492, "eps": 1.8, "epsdiluted": 1.79, "weightedAverageShsOut": 236837.0, "weightedAverageShsOutDil": 238304.0, "link": "https://www.sec.gov/Archives/edgar/data/875045/000087504513000018/0000875045-13-000018-index.htm", "finalLink": "https://www.sec.gov/Archives/edgar/data/875045/000087504513000018/biib-2013331x10q.htm"}, {"date": "2012-12-31", "symbol": "BIIB", "fillingDate": "2013-02-05", "acceptedDate": "2013-02-05 06:42:21", "period": "FY", "revenue": 1417941000, "costOfRevenue": 133828000, "grossProfit": 1284113000, "grossProfitRatio": 0.9056180757873564, "researchAndDevelopmentExpenses": 345181000, "generalAndAdministrativeExpenses": 375977000, "sellingAndMarketingExpenses": 0.0, "otherExpenses": -14290000000, "operatingExpenses": 721158000, "costAndExpenses": 987507000, "interestExpense": 13400000, "depreciationAndAmortization": 96876000, "ebitda": 542383000, "ebitdaratio": 0.382514505187, "operatingIncome": 445507000, "operatingIncomeRatio": 0.314192903654, "totalOtherIncomeExpensesNet": -14290000000, "incomeBeforeTax": 431217000, "incomeBeforeTaxRatio": 0.304114910282, "incomeTaxExpense": 136341000, "netIncome": 292127000, "netIncomeRatio": 0.206021971295, "eps": 1.24, "epsdiluted": 1.23, "weightedAverageShsOut": 237938.0, "weightedAverageShsOutDil": 239740.0, "link": "https://www.sec.gov/Archives/edgar/data/875045/000087504513000006/0000875045-13-000006-index.htm", "finalLink": "https://www.sec.gov/Archives/edgar/data/875045/000087504513000006/biib-20121231x10k.htm"}, {"date": "2012-09-30", "symbol": "BIIB", "fillingDate": "2012-10-25", "acceptedDate": "2012-10-25 16:15:30", "period": "Q3", "revenue": 1385554000, "costOfRevenue": 139358000, "grossProfit": 1246196000, "grossProfitRatio": 0.8994207371203143, "researchAndDevelopmentExpenses": 304217000, "generalAndAdministrativeExpenses": 299632000, "sellingAndMarketingExpenses": 0.0, "otherExpenses": -4548000000, "operatingExpenses": 603849000, "costAndExpenses": 882024000, "interestExpense": 23100000, "depreciationAndAmortization": 94203000, "ebitda": 629452000, "ebitdaratio": 0.454296259835, "operatingIncome": 535249000, "operatingIncomeRatio": 0.386306849102, "totalOtherIncomeExpensesNet": -4548000000, "incomeBeforeTax": 530701000, "incomeBeforeTaxRatio": 0.383024407565, "incomeTaxExpense": 131044000, "netIncome": 398399000, "netIncomeRatio": 0.287537692504, "eps": 1.68, "epsdiluted": 1.67, "weightedAverageShsOut": 238331.0, "weightedAverageShsOutDil": 240137.0, "link": "https://www.sec.gov/Archives/edgar/data/875045/000087504512000010/0000875045-12-000010-index.htm", "finalLink": "https://www.sec.gov/Archives/edgar/data/875045/000087504512000010/biib-2012930x10q.htm"}, {"date": "2012-06-30", "symbol": "BIIB", "fillingDate": "2012-07-24", "acceptedDate": "2012-07-24 15:43:01", "period": "Q2", "revenue": 1420952000, "costOfRevenue": 139111000, "grossProfit": 1281841000, "grossProfitRatio": 0.9021001413137109, "researchAndDevelopmentExpenses": 329559000, "generalAndAdministrativeExpenses": 301767000, "sellingAndMarketingExpenses": 0.0, "otherExpenses": 2950000000, "operatingExpenses": 631326000, "costAndExpenses": 915229000, "interestExpense": 0.0, "depreciationAndAmortization": 90624000, "ebitda": 596347000, "ebitdaratio": 0.419681312247, "operatingIncome": 505723000, "operatingIncomeRatio": 0.355904351449, "totalOtherIncomeExpensesNet": 2950000000, "incomeBeforeTax": 508673000, "incomeBeforeTaxRatio": 0.357980424392, "incomeTaxExpense": 121021000, "netIncome": 386846000, "netIncomeRatio": 0.272244241889, "eps": 1.62, "epsdiluted": 1.61, "weightedAverageShsOut": 239389000, "weightedAverageShsOutDil": 241245000, "link": "https://www.sec.gov/Archives/edgar/data/875045/000119312512312222/0001193125-12-312222-index.htm", "finalLink": "https://www.sec.gov/Archives/edgar/data/875045/000119312512312222/d362642d10q.htm"}, {"date": "2012-03-31", "symbol": "BIIB", "fillingDate": "2012-05-01", "acceptedDate": "2012-05-01 16:22:03", "period": "Q1", "revenue": 1292014000, "costOfRevenue": 133197000, "grossProfit": 1158817000, "grossProfitRatio": 0.8969074638510109, "researchAndDevelopmentExpenses": 355962000, "generalAndAdministrativeExpenses": 300089000, "sellingAndMarketingExpenses": 0.0, "otherExpenses": 15144000000, "operatingExpenses": 656051000, "costAndExpenses": 922644000, "interestExpense": 0.0, "depreciationAndAmortization": 83945000, "ebitda": 453315000, "ebitdaratio": 0.350859201216, "operatingIncome": 369370000, "operatingIncomeRatio": 0.285886995033, "totalOtherIncomeExpensesNet": 15144000000, "incomeBeforeTax": 384514000, "incomeBeforeTaxRatio": 0.297608230251, "incomeTaxExpense": 82148000, "netIncome": 302661000, "netIncomeRatio": 0.234255201569, "eps": 1.26, "epsdiluted": 1.25, "weightedAverageShsOut": 239754000, "weightedAverageShsOutDil": 241828000, "link": "https://www.sec.gov/Archives/edgar/data/875045/000119312512200855/0001193125-12-200855-index.htm", "finalLink": "https://www.sec.gov/Archives/edgar/data/875045/000119312512200855/d314125d10q.htm"}, {"date": "2011-12-31", "symbol": "BIIB", "fillingDate": "2012-02-03", "acceptedDate": "2012-02-03 17:19:40", "period": "FY", "revenue": 5048634000, "costOfRevenue": 466780000, "grossProfit": 4581854000, "grossProfitRatio": 0.907543307754137, "researchAndDevelopmentExpenses": 1219602000, "generalAndAdministrativeExpenses": 1056133000, "sellingAndMarketingExpenses": 0.0, "otherExpenses": -3973000000, "operatingExpenses": 2275735000, "costAndExpenses": 3323943000, "interestExpense": 33000000, "depreciationAndAmortization": 358933000, "ebitda": 2083624000, "ebitdaratio": 0.412710448014, "operatingIncome": 1724691000, "operatingIncomeRatio": 0.341615375565, "totalOtherIncomeExpensesNet": -3973000000, "incomeBeforeTax": 1711214000, "incomeBeforeTaxRatio": 0.338945940625, "incomeTaxExpense": 444528000, "netIncome": 1234428000, "netIncomeRatio": 0.24450732614, "eps": 5.09, "epsdiluted": 5.04, "weightedAverageShsOut": 6000000.0, "weightedAverageShsOutDil": 245033000, "link": "https://www.sec.gov/Archives/edgar/data/875045/000119312512039072/0001193125-12-039072-index.htm", "finalLink": "https://www.sec.gov/Archives/edgar/data/875045/000119312512039072/d272629d10k.htm"}, {"date": "2011-09-30", "symbol": "BIIB", "fillingDate": "2011-10-28", "acceptedDate": "2011-10-28 16:14:30", "period": "Q3", "revenue": 1309934000000, "costOfRevenue": 123527000000, "grossProfit": 1186407000000, "grossProfitRatio": 0.9056998291516977, "researchAndDevelopmentExpenses": 301391000000, "generalAndAdministrativeExpenses": 261398000000, "sellingAndMarketingExpenses": 0.0, "otherExpenses": -7727000000, "operatingExpenses": 562789000000, "costAndExpenses": 821441000000, "interestExpense": 0.0, "depreciationAndAmortization": 87367000000, "ebitda": 575860000000, "ebitdaratio": 0.43960993454632064, "operatingIncome": 488493000000, "operatingIncomeRatio": 0.37291420789138996, "totalOtherIncomeExpensesNet": -7727000000, "incomeBeforeTax": 480766000000, "incomeBeforeTaxRatio": 0.36701543741898446, "incomeTaxExpense": 127104000000, "netIncome": 353662000000, "netIncomeRatio": 0.2699845946436996, "eps": 3.85, "epsdiluted": 3.81, "weightedAverageShsOut": 6000000.0, "weightedAverageShsOutDil": 245033000, "link": "https://www.sec.gov/Archives/edgar/data/875045/000095012311092986/0000950123-11-092986-index.htm", "finalLink": "https://www.sec.gov/Archives/edgar/data/875045/000095012311092986/b87796e10vq.htm"}, {"date": "2011-06-30", "symbol": "BIIB", "fillingDate": "2011-07-26", "acceptedDate": "2011-07-26 16:12:33", "period": "Q2", "revenue": 1208648000000, "costOfRevenue": 100503000000, "grossProfit": 1108145000000, "grossProfitRatio": 0.9168467576995122, "researchAndDevelopmentExpenses": 285644000000, "generalAndAdministrativeExpenses": 266303000000, "sellingAndMarketingExpenses": 0.0, "otherExpenses": -11728000000, "operatingExpenses": 551947000000, "costAndExpenses": 797836000000, "interestExpense": 0.0, "depreciationAndAmortization": 90300000000, "ebitda": 501112000000, "ebitdaratio": 0.41460541034279624, "operatingIncome": 410812000000, "operatingIncomeRatio": 0.33989383178559845, "totalOtherIncomeExpensesNet": -11728000000, "incomeBeforeTax": 399084000000, "incomeBeforeTaxRatio": 0.3301904276513923, "incomeTaxExpense": 95036000000, "netIncome": 304048000000, "netIncomeRatio": 0.2515604212309953, "eps": 2.4, "epsdiluted": 2.38, "weightedAverageShsOut": 6000000.0, "weightedAverageShsOutDil": 245033000, "link": "https://www.sec.gov/Archives/edgar/data/875045/000095012311068367/0000950123-11-068367-index.htm", "finalLink": "https://www.sec.gov/Archives/edgar/data/875045/000095012311068367/b86593e10vq.htm"}, {"date": "2011-03-31", "symbol": "BIIB", "fillingDate": "2011-04-21", "acceptedDate": "2011-04-21 09:27:45", "period": "Q1", "revenue": 1203342000000, "costOfRevenue": 103113000000, "grossProfit": 1100229000000, "grossProfitRatio": 0.9143111434654487, "researchAndDevelopmentExpenses": 293633000000, "generalAndAdministrativeExpenses": 244516000000, "sellingAndMarketingExpenses": 0.0, "otherExpenses": 9951000000, "operatingExpenses": 538149000000, "costAndExpenses": 787059000000, "interestExpense": 0.0, "depreciationAndAmortization": 92545000000, "ebitda": 508828000000, "ebitdaratio": 0.42284570803645183, "operatingIncome": 416283000000, "operatingIncomeRatio": 0.34593905971868344, "totalOtherIncomeExpensesNet": 9951000000, "incomeBeforeTax": 426234000000, "incomeBeforeTaxRatio": 0.35420852924604973, "incomeTaxExpense": 117468000000, "netIncome": 308766000000, "netIncomeRatio": 0.25659039574784226, "eps": 1.22, "epsdiluted": 1.2, "weightedAverageShsOut": 6000000.0, "weightedAverageShsOutDil": 245033000, "link": "https://www.sec.gov/Archives/edgar/data/875045/000095012311037561/0000950123-11-037561-index.htm", "finalLink": "https://www.sec.gov/Archives/edgar/data/875045/000095012311037561/b85468e10vq.htm"}, {"date": "2010-12-31", "symbol": "BIIB", "fillingDate": "2011-02-04", "acceptedDate": "2011-02-04 17:06:26", "period": "FY", "revenue": 1219072000000, "costOfRevenue": 100304000000, "grossProfit": 1118768000000, "grossProfitRatio": 0.9177210205795884, "researchAndDevelopmentExpenses": 290845000000, "generalAndAdministrativeExpenses": 276393000000, "sellingAndMarketingExpenses": 0.0, "otherExpenses": -4665000000, "operatingExpenses": 567238000000, "costAndExpenses": 863886000000, "interestExpense": 0.0, "depreciationAndAmortization": 94012000000, "ebitda": 449198000000, "ebitdaratio": 0.36847536486770266, "operatingIncome": 355186000000, "operatingIncomeRatio": 0.29135768847123056, "totalOtherIncomeExpensesNet": -4665000000, "incomeBeforeTax": 350521000000, "incomeBeforeTaxRatio": 0.28753100719235614, "incomeTaxExpense": 78769000000, "netIncome": 271752000000, "netIncomeRatio": 0.22291710415791685, "eps": 3.98, "epsdiluted": 3.94, "weightedAverageShsOut": 6000000.0, "weightedAverageShsOutDil": 245033000, "link": "https://www.sec.gov/Archives/edgar/data/875045/000095012311009300/0000950123-11-009300-index.htm", "finalLink": "https://www.sec.gov/Archives/edgar/data/875045/000095012311009300/b83162e10vk.htm"}, {"date": "2010-09-30", "symbol": "BIIB", "fillingDate": "2010-10-26", "acceptedDate": "2010-10-26 14:10:49", "period": "Q3", "revenue": 1175789000000, "costOfRevenue": 95918000000, "grossProfit": 1079871000000, "grossProfitRatio": 0.9184224380394782, "researchAndDevelopmentExpenses": 319054000000, "generalAndAdministrativeExpenses": 244160000000, "sellingAndMarketingExpenses": 0.0, "otherExpenses": -6945000000, "operatingExpenses": 563214000000, "costAndExpenses": 981654000000, "interestExpense": 0.0, "depreciationAndAmortization": 90128000000, "ebitda": 284263000000, "ebitdaratio": 0.24176361575078523, "operatingIncome": 194135000000, "operatingIncomeRatio": 0.16511040671412983, "totalOtherIncomeExpensesNet": -6945000000, "incomeBeforeTax": 187190000000, "incomeBeforeTaxRatio": 0.159203734683689, "incomeTaxExpense": 75011000000, "netIncome": 112179000000, "netIncomeRatio": 0.09540742429126314, "eps": 2.98, "epsdiluted": 2.95, "weightedAverageShsOut": 6000000.0, "weightedAverageShsOutDil": 245033000, "link": "https://www.sec.gov/Archives/edgar/data/875045/000095012310096037/0000950123-10-096037-index.htm", "finalLink": "https://www.sec.gov/Archives/edgar/data/875045/000095012310096037/b82215e10vq.htm"}, {"date": "2010-06-30", "symbol": "BIIB", "fillingDate": "2010-07-20", "acceptedDate": "2010-07-20 16:23:10", "period": "Q2", "revenue": 1212702000000, "costOfRevenue": 106985000000, "grossProfit": 1105717000000, "grossProfitRatio": 0.9117796457827232, "researchAndDevelopmentExpenses": 331675000000, "generalAndAdministrativeExpenses": 262323000000, "sellingAndMarketingExpenses": 0.0, "otherExpenses": 1013000000, "operatingExpenses": 593998000000, "costAndExpenses": 816823000000, "interestExpense": 0.0, "depreciationAndAmortization": 87451000000, "ebitda": 483330000000, "ebitdaratio": 0.39855628175759583, "operatingIncome": 395879000000, "operatingIncomeRatio": 0.3264437594726487, "totalOtherIncomeExpensesNet": 1013000000, "incomeBeforeTax": 396892000000, "incomeBeforeTaxRatio": 0.32727908422679275, "incomeTaxExpense": 102243000000, "netIncome": 294649000000, "netIncomeRatio": 0.24296900640058317, "eps": 1.92, "epsdiluted": 1.91, "weightedAverageShsOut": 6000000.0, "weightedAverageShsOutDil": 245033000, "link": "https://www.sec.gov/Archives/edgar/data/875045/000095012310066527/0000950123-10-066527-index.htm", "finalLink": "https://www.sec.gov/Archives/edgar/data/875045/000095012310066527/b80059e10vq.htm"}, {"date": "2010-03-31", "symbol": "BIIB", "fillingDate": "2010-04-20", "acceptedDate": "2010-04-20 15:31:56", "period": "Q1", "revenue": 1108860000000, "costOfRevenue": 97055000000, "grossProfit": 1011805000000, "grossProfitRatio": 0.9124731706437242, "researchAndDevelopmentExpenses": 307030000000, "generalAndAdministrativeExpenses": 248664000000, "sellingAndMarketingExpenses": 0.0, "otherExpenses": -8386000000, "operatingExpenses": 555694000000, "costAndExpenses": 805171000000, "interestExpense": 0.0, "depreciationAndAmortization": 82510000000, "ebitda": 386199000000, "ebitdaratio": 0.34828472485255124, "operatingIncome": 303689000000, "operatingIncomeRatio": 0.27387497069061917, "totalOtherIncomeExpensesNet": -8386000000, "incomeBeforeTax": 295303000000, "incomeBeforeTaxRatio": 0.2663122486156954, "incomeTaxExpense": 75310000000, "netIncome": 219993000000, "netIncomeRatio": 0.19839564958606137, "eps": 0.8, "epsdiluted": 0.8, "weightedAverageShsOut": 269922.0, "weightedAverageShsOutDil": 272703.0, "link": "https://www.sec.gov/Archives/edgar/data/875045/000095012310036233/0000950123-10-036233-index.htm", "finalLink": "https://www.sec.gov/Archives/edgar/data/875045/000095012310036233/b79987e10vq.htm"}, {"date": "2009-12-31", "symbol": "BIIB", "fillingDate": "2010-02-09", "acceptedDate": "2010-02-09 17:21:42", "period": "FY", "revenue": 1127056000000, "costOfRevenue": 99700000000, "grossProfit": 1027356000000, "grossProfitRatio": 0.9115394443576894, "researchAndDevelopmentExpenses": 283082000000, "generalAndAdministrativeExpenses": 241619000000, "sellingAndMarketingExpenses": 0.0, "otherExpenses": 6366000000, "operatingExpenses": 524701000000, "costAndExpenses": 743678000000, "interestExpense": 0.0, "depreciationAndAmortization": 93200000000, "ebitda": 476578000000, "ebitdaratio": 0.4228521031785466, "operatingIncome": 383378000000, "operatingIncomeRatio": 0.3401587853664769, "totalOtherIncomeExpensesNet": 6366000000, "incomeBeforeTax": 389744000000, "incomeBeforeTaxRatio": 0.34580712937067903, "incomeTaxExpense": 83748000000, "netIncome": 305996000000, "netIncomeRatio": 0.27150026263113813, "eps": 3.37, "epsdiluted": 3.35, "weightedAverageShsOut": 6000000.0, "weightedAverageShsOutDil": 245033000, "link": "https://www.sec.gov/Archives/edgar/data/875045/000095012310010528/0000950123-10-010528-index.htm", "finalLink": "https://www.sec.gov/Archives/edgar/data/875045/000095012310010528/b77985e10vk.htm"}, {"date": "2009-09-30", "symbol": "BIIB", "fillingDate": "2009-10-21", "acceptedDate": "2009-10-21 16:58:16", "period": "Q3", "revenue": 1120518000000, "costOfRevenue": 93486000000, "grossProfit": 1027032000000, "grossProfitRatio": 0.9165689440062542, "researchAndDevelopmentExpenses": 304055000000, "generalAndAdministrativeExpenses": 226755000000, "sellingAndMarketingExpenses": 0.0, "otherExpenses": 9360000000, "operatingExpenses": 530810000000, "costAndExpenses": 736341000000, "interestExpense": 0.0, "depreciationAndAmortization": 85884000000, "ebitda": 470061000000, "ebitdaratio": 0.41950330115178874, "operatingIncome": 384177000000, "operatingIncomeRatio": 0.34285660739051044, "totalOtherIncomeExpensesNet": 9360000000, "incomeBeforeTax": 393537000000, "incomeBeforeTaxRatio": 0.3512098868559006, "incomeTaxExpense": 113935000000, "netIncome": 279602000000, "netIncomeRatio": 0.2495292355856845, "eps": 2.3, "epsdiluted": 2.3, "weightedAverageShsOut": 288416.0, "weightedAverageShsOutDil": 290368.0, "link": "https://www.sec.gov/Archives/edgar/data/875045/000095012309051956/0000950123-09-051956-index.htm", "finalLink": "https://www.sec.gov/Archives/edgar/data/875045/000095012309051956/b76759e10vq.htm"}, {"date": "2009-06-30", "symbol": "BIIB", "fillingDate": "2009-07-17", "acceptedDate": "2009-07-16 19:50:27", "period": "Q2", "revenue": 1093290000000, "costOfRevenue": 90721000000, "grossProfit": 1002569000000, "grossProfitRatio": 0.9170201867756954, "researchAndDevelopmentExpenses": 416453000000, "generalAndAdministrativeExpenses": 220830000000, "sellingAndMarketingExpenses": 0.0, "otherExpenses": 14680000000, "operatingExpenses": 637283000000, "costAndExpenses": 870376000000, "interestExpense": 0.0, "depreciationAndAmortization": 126731000000, "ebitda": 349645000000, "ebitdaratio": 0.31980993149118714, "operatingIncome": 222914000000, "operatingIncomeRatio": 0.20389283721610918, "totalOtherIncomeExpensesNet": 14680000000, "incomeBeforeTax": 237594000000, "incomeBeforeTaxRatio": 0.21732019866641056, "incomeTaxExpense": 92709000000, "netIncome": 144885000000, "netIncomeRatio": 0.13252202068984442, "eps": 1.34, "epsdiluted": 1.34, "weightedAverageShsOut": 288162.0, "weightedAverageShsOutDil": 290014.0, "link": "https://www.sec.gov/Archives/edgar/data/875045/000095012309022892/0000950123-09-022892-index.htm", "finalLink": "https://www.sec.gov/Archives/edgar/data/875045/000095012309022892/b73482bie10vq.htm"}, {"date": "2009-03-31", "symbol": "BIIB", "fillingDate": "2009-04-17", "acceptedDate": "2009-04-17 17:01:21", "period": "Q1", "revenue": 1036484000000, "costOfRevenue": 98197000000, "grossProfit": 938287000000, "grossProfitRatio": 0.9052595119654524, "researchAndDevelopmentExpenses": 279478000000, "generalAndAdministrativeExpenses": 221830000000, "sellingAndMarketingExpenses": 0.0, "otherExpenses": 6846000000, "operatingExpenses": 501308000000, "costAndExpenses": 731526000000, "interestExpense": 0.0, "depreciationAndAmortization": 122146000000, "ebitda": 427104000000, "ebitdaratio": 0.4120700367781847, "operatingIncome": 304958000000, "operatingIncomeRatio": 0.2942235480721362, "totalOtherIncomeExpensesNet": 6846000000, "incomeBeforeTax": 311804000000, "incomeBeforeTaxRatio": 0.3008285704362055, "incomeTaxExpense": 65225000000, "netIncome": 246579000000, "netIncomeRatio": 0.2378994755345958, "eps": 0.85, "epsdiluted": 0.85, "weightedAverageShsOut": 287703.0, "weightedAverageShsOutDil": 289744.0, "link": "https://www.sec.gov/Archives/edgar/data/875045/000095013509002908/0000950135-09-002908-index.htm", "finalLink": "https://www.sec.gov/Archives/edgar/data/875045/000095013509002908/b75004bie10vq.htm"}, {"date": "2008-12-31", "symbol": "BIIB", "fillingDate": "2009-02-06", "acceptedDate": "2009-02-06 17:15:32", "period": "FY", "revenue": 1068913000000, "costOfRevenue": 101161000000, "grossProfit": 967752000000, "grossProfitRatio": 0.9053608665999946, "researchAndDevelopmentExpenses": 292767000000, "generalAndAdministrativeExpenses": 230963000000, "sellingAndMarketingExpenses": 0.0, "otherExpenses": -34850000000, "operatingExpenses": 523730000000, "costAndExpenses": 743953000000, "interestExpense": 0.0, "depreciationAndAmortization": 122017000000, "ebitda": 446977000000, "ebitdaratio": 0.41816031800530074, "operatingIncome": 324960000000, "operatingIncomeRatio": 0.30400977441569144, "totalOtherIncomeExpensesNet": -34850000000, "incomeBeforeTax": 290110000000, "incomeBeforeTaxRatio": 0.27140655974808053, "incomeTaxExpense": 83456000000, "netIncome": 206654000000, "netIncomeRatio": 0.19333098203502064, "eps": 2.67, "epsdiluted": 2.67, "weightedAverageShsOut": 292332.0, "weightedAverageShsOutDil": 294984.0, "link": "https://www.sec.gov/Archives/edgar/data/875045/000095013509000730/0000950135-09-000730-index.htm", "finalLink": "https://www.sec.gov/Archives/edgar/data/875045/000095013509000730/b73435bie10vk.htm"}, {"date": "2008-09-30", "symbol": "BIIB", "fillingDate": "2008-10-21", "acceptedDate": "2008-10-21 16:24:44", "period": "Q3", "revenue": 1092964000000, "costOfRevenue": 107493000000, "grossProfit": 985471000000, "grossProfitRatio": 0.9016500086004663, "researchAndDevelopmentExpenses": 268800000000, "generalAndAdministrativeExpenses": 232824000000, "sellingAndMarketingExpenses": 0.0, "otherExpenses": -24725000000, "operatingExpenses": 501624000000, "costAndExpenses": 747114000000, "interestExpense": 0.0, "depreciationAndAmortization": 127571000000, "ebitda": 473421000000, "ebitdaratio": 0.4331533335041227, "operatingIncome": 345850000000, "operatingIncomeRatio": 0.3164331121610593, "totalOtherIncomeExpensesNet": -24725000000, "incomeBeforeTax": 321125000000, "incomeBeforeTaxRatio": 0.29381114108058454, "incomeTaxExpense": 114337000000, "netIncome": 206788000000, "netIncomeRatio": 0.18919927829278915, "eps": 1.97, "epsdiluted": 1.97, "weightedAverageShsOut": 292613.0, "weightedAverageShsOutDil": 295515.0, "link": "https://www.sec.gov/Archives/edgar/data/875045/000095013508006568/0000950135-08-006568-index.htm", "finalLink": "https://www.sec.gov/Archives/edgar/data/875045/000095013508006568/b72570bie10vq.htm"}, {"date": "2008-06-30", "symbol": "BIIB", "fillingDate": "2008-07-22", "acceptedDate": "2008-07-22 17:05:47", "period": "Q2", "revenue": 993444000000, "costOfRevenue": 92401000000, "grossProfit": 901043000000, "grossProfitRatio": 0.9069892213350728, "researchAndDevelopmentExpenses": 252259000000, "generalAndAdministrativeExpenses": 245689000000, "sellingAndMarketingExpenses": 0.0, "otherExpenses": -5463000000, "operatingExpenses": 497948000000, "costAndExpenses": 696647000000, "interestExpense": 0.0, "depreciationAndAmortization": 105539000000, "ebitda": 402336000000, "ebitdaratio": 0.40499112179448465, "operatingIncome": 296797000000, "operatingIncomeRatio": 0.2987556419888791, "totalOtherIncomeExpensesNet": -5463000000, "incomeBeforeTax": 291334000000, "incomeBeforeTaxRatio": 0.2932565902053865, "incomeTaxExpense": 84706000000, "netIncome": 206628000000, "netIncomeRatio": 0.20799159288294056, "eps": 1.26, "epsdiluted": 1.26, "weightedAverageShsOut": 293268.0, "weightedAverageShsOutDil": 296554.0, "link": "https://www.sec.gov/Archives/edgar/data/875045/000095013508005071/0000950135-08-005071-index.htm", "finalLink": "https://www.sec.gov/Archives/edgar/data/875045/000095013508005071/b71135bie10vq.htm"}, {"date": "2008-03-31", "symbol": "BIIB", "fillingDate": "2008-04-23", "acceptedDate": "2008-04-23 16:24:03", "period": "Q1", "revenue": 942186000000, "costOfRevenue": 100934000000, "grossProfit": 841252000000, "grossProfitRatio": 0.8928725325997202, "researchAndDevelopmentExpenses": 258232000000, "generalAndAdministrativeExpenses": 215829000000, "sellingAndMarketingExpenses": 0.0, "otherExpenses": 370000000, "operatingExpenses": 474061000000, "costAndExpenses": 696182000000, "interestExpense": 0.0, "depreciationAndAmortization": 106932000000, "ebitda": 352936000000, "ebitdaratio": 0.3745927025024783, "operatingIncome": 246004000000, "operatingIncomeRatio": 0.2610991884829535, "totalOtherIncomeExpensesNet": 370000000, "incomeBeforeTax": 246374000000, "incomeBeforeTaxRatio": 0.2614918922590656, "incomeTaxExpense": 83277000000, "netIncome": 163097000000, "netIncomeRatio": 0.17310488587179176, "eps": 0.55, "epsdiluted": 0.55, "weightedAverageShsOut": 296171.0, "weightedAverageShsOutDil": 299500.0, "link": "https://www.sec.gov/Archives/edgar/data/875045/000095013508002700/0000950135-08-002700-index.htm", "finalLink": "https://www.sec.gov/Archives/edgar/data/875045/000095013508002700/b69681bie10vq.htm"}, {"date": "2007-12-31", "symbol": "BIIB", "fillingDate": "2008-02-14", "acceptedDate": "2008-02-14 17:07:02", "period": "FY", "revenue": 893300000000, "costOfRevenue": 87566000000, "grossProfit": 805734000000, "grossProfitRatio": 0.9019747005485279, "researchAndDevelopmentExpenses": 229292000000, "generalAndAdministrativeExpenses": 193730000000, "sellingAndMarketingExpenses": 0.0, "otherExpenses": 32631000000, "operatingExpenses": 423022000000, "costAndExpenses": 630870000000, "interestExpense": 0.0, "depreciationAndAmortization": 102263000000, "ebitda": 364693000000, "ebitdaratio": 0.40825366618157394, "operatingIncome": 262430000000, "operatingIncomeRatio": 0.29377588715996866, "totalOtherIncomeExpensesNet": 32631000000, "incomeBeforeTax": 295061000000, "incomeBeforeTaxRatio": 0.33030448897346915, "incomeTaxExpense": 93911000000, "netIncome": 201150000000, "netIncomeRatio": 0.22517631254897572, "eps": 2.02, "epsdiluted": 2.02, "weightedAverageShsOut": 315836.0, "weightedAverageShsOutDil": 315836.0, "link": "https://www.sec.gov/Archives/edgar/data/875045/000095013508001029/0000950135-08-001029-index.htm", "finalLink": "https://www.sec.gov/Archives/edgar/data/875045/000095013508001029/b68103bie10vk.htm"}, {"date": "2007-09-30", "symbol": "BIIB", "fillingDate": "2007-10-23", "acceptedDate": "2007-10-23 16:02:12", "period": "Q3", "revenue": 789231000000, "costOfRevenue": 81613000000, "grossProfit": 707618000000, "grossProfitRatio": 0.8965917456359418, "researchAndDevelopmentExpenses": 286274000000, "generalAndAdministrativeExpenses": 190644000000, "sellingAndMarketingExpenses": 0.0, "otherExpenses": 44904000000, "operatingExpenses": 476918000000, "costAndExpenses": 660021000000, "interestExpense": 0.0, "depreciationAndAmortization": 96755000000, "ebitda": 225965000000, "ebitdaratio": 0.28631034513342735, "operatingIncome": 129210000000, "operatingIncomeRatio": 0.16371632639873498, "totalOtherIncomeExpensesNet": 44904000000, "incomeBeforeTax": 174114000000, "incomeBeforeTaxRatio": 0.22061221619525842, "incomeTaxExpense": 54733000000, "netIncome": 119381000000, "netIncomeRatio": 0.15126243140474716, "eps": 1.35, "epsdiluted": 1.35, "weightedAverageShsOut": 323006.0, "weightedAverageShsOutDil": 326743.0, "link": "https://www.sec.gov/Archives/edgar/data/875045/000095013507006331/0000950135-07-006331-index.htm", "finalLink": "https://www.sec.gov/Archives/edgar/data/875045/000095013507006331/b67144bie10vq.htm"}, {"date": "2007-06-30", "symbol": "BIIB", "fillingDate": "2007-07-24", "acceptedDate": "2007-07-24 17:15:11", "period": "Q2", "revenue": 773176000000, "costOfRevenue": 84063000000, "grossProfit": 689113000000, "grossProfitRatio": 0.8912757250613056, "researchAndDevelopmentExpenses": 218149000000, "generalAndAdministrativeExpenses": 203668000000, "sellingAndMarketingExpenses": 0.0, "otherExpenses": 31586000000, "operatingExpenses": 421817000000, "costAndExpenses": 566736000000, "interestExpense": 0.0, "depreciationAndAmortization": 92460000000, "ebitda": 298900000000, "ebitdaratio": 0.3865872712034517, "operatingIncome": 206440000000, "operatingIncomeRatio": 0.2670025970800956, "totalOtherIncomeExpensesNet": 31586000000, "incomeBeforeTax": 238026000000, "incomeBeforeTaxRatio": 0.3078548739226256, "incomeTaxExpense": 51886000000, "netIncome": 186140000000, "netIncomeRatio": 0.2407472554761141, "eps": 0.93, "epsdiluted": 0.93, "weightedAverageShsOut": 340312.0, "weightedAverageShsOutDil": 343713.0, "link": "https://www.sec.gov/Archives/edgar/data/875045/000095013507004420/0000950135-07-004420-index.htm", "finalLink": "https://www.sec.gov/Archives/edgar/data/875045/000095013507004420/b66127bie10vq.htm"}, {"date": "2007-03-31", "symbol": "BIIB", "fillingDate": "2007-05-03", "acceptedDate": "2007-05-03 17:02:42", "period": "Q1", "revenue": 715910000, "costOfRevenue": 81950000, "grossProfit": 633960000, "grossProfitRatio": 0.8855303040885028, "researchAndDevelopmentExpenses": 191449000, "generalAndAdministrativeExpenses": 188061000, "sellingAndMarketingExpenses": 0.0, "otherExpenses": 21702000, "operatingExpenses": 379510000, "costAndExpenses": 534218000, "interestExpense": 0.0, "depreciationAndAmortization": 88815000, "ebitda": 270507000, "ebitdaratio": 0.3778505678088028, "operatingIncome": 181692000, "operatingIncomeRatio": 0.25379167772485367, "totalOtherIncomeExpensesNet": 21702000, "incomeBeforeTax": 203394000, "incomeBeforeTaxRatio": 0.28410554399296, "incomeTaxExpense": 71893000, "netIncome": 131501000, "netIncomeRatio": 0.18368370325878952, "eps": 0.39, "epsdiluted": 0.39, "weightedAverageShsOut": 340310.0, "weightedAverageShsOutDil": 344058.0, "link": "https://www.sec.gov/Archives/edgar/data/875045/000095013507002796/0000950135-07-002796-index.htm", "finalLink": "https://www.sec.gov/Archives/edgar/data/875045/000095013507002796/b65131bie10vq.htm"}, {"date": "2006-12-31", "symbol": "BIIB", "fillingDate": "2007-02-21", "acceptedDate": "2007-02-21 17:10:26", "period": "FY", "revenue": 708341000, "costOfRevenue": 62103000, "grossProfit": 646238000, "grossProfitRatio": 0.9123261254113485, "researchAndDevelopmentExpenses": 199480000, "generalAndAdministrativeExpenses": 192234000, "sellingAndMarketingExpenses": 0.0, "otherExpenses": -10647000, "operatingExpenses": 391714000, "costAndExpenses": 516623000, "interestExpense": 0.0, "depreciationAndAmortization": 87217000, "ebitda": 278935000, "ebitdaratio": 0.3937863260774119, "operatingIncome": 191718000, "operatingIncomeRatio": 0.2706577764099494, "totalOtherIncomeExpensesNet": -10647000, "incomeBeforeTax": 181071000, "incomeBeforeTaxRatio": 0.25562688027376645, "incomeTaxExpense": 72515000, "netIncome": 108556000, "netIncomeRatio": 0.1532538706639881, "eps": 0.63, "epsdiluted": 0.63, "weightedAverageShsOut": 338585.0, "weightedAverageShsOutDil": 345281.0, "link": "https://www.sec.gov/Archives/edgar/data/875045/000095013507000981/0000950135-07-000981-index.htm", "finalLink": "https://www.sec.gov/Archives/edgar/data/875045/000095013507000981/b63632bie10vk.htm"}, {"date": "2006-09-30", "symbol": "BIIB", "fillingDate": "2006-11-09", "acceptedDate": "2006-11-09 16:27:46", "period": "Q3", "revenue": 703492000, "costOfRevenue": 66792000, "grossProfit": 636700000, "grossProfitRatio": 0.905056489626037, "researchAndDevelopmentExpenses": 211033000, "generalAndAdministrativeExpenses": 168153000, "sellingAndMarketingExpenses": 0.0, "otherExpenses": 22319000, "operatingExpenses": 379186000, "costAndExpenses": 506164000, "interestExpense": 0.0, "depreciationAndAmortization": 89731000, "ebitda": 287059000, "ebitdaratio": 0.4080487056000637, "operatingIncome": 197328000, "operatingIncomeRatio": 0.2804978592507093, "totalOtherIncomeExpensesNet": 22319000, "incomeBeforeTax": 219647000, "incomeBeforeTaxRatio": 0.3122238774570287, "incomeTaxExpense": 63048000, "netIncome": 156599000, "netIncomeRatio": 0.22260238922404235, "eps": 0.31, "epsdiluted": 0.31, "weightedAverageShsOut": 339527.0, "weightedAverageShsOutDil": 345999.0, "link": "https://www.sec.gov/Archives/edgar/data/875045/000095013506006837/0000950135-06-006837-index.htm", "finalLink": "https://www.sec.gov/Archives/edgar/data/875045/000095013506006837/b62609bie10vq.htm"}, {"date": "2006-06-30", "symbol": "BIIB", "fillingDate": "2006-08-10", "acceptedDate": "2006-08-10 15:20:25", "period": "Q2", "revenue": 660041000, "costOfRevenue": 77994000, "grossProfit": 582047000, "grossProfitRatio": 0.881834613304325, "researchAndDevelopmentExpenses": 161985000, "generalAndAdministrativeExpenses": 170289000, "sellingAndMarketingExpenses": 0.0, "otherExpenses": 21806000, "operatingExpenses": 332274000, "costAndExpenses": 782056000, "interestExpense": 0.0, "depreciationAndAmortization": 75692000, "ebitda": -46323000, "ebitdaratio": -0.07018200384521568, "operatingIncome": -122015000, "operatingIncomeRatio": -0.18485972841081083, "totalOtherIncomeExpensesNet": 21806000, "incomeBeforeTax": -100209000, "incomeBeforeTaxRatio": -0.1518223867911236, "incomeTaxExpense": 70404000, "netIncome": -170613000, "netIncomeRatio": -0.2584884878363617, "eps": -0.15, "epsdiluted": -0.15, "weightedAverageShsOut": 341742.0, "weightedAverageShsOutDil": 341742.0, "link": "https://www.sec.gov/Archives/edgar/data/875045/000095013506004926/0000950135-06-004926-index.htm", "finalLink": "https://www.sec.gov/Archives/edgar/data/875045/000095013506004926/b61537bie10vq.htm"}, {"date": "2006-03-31", "symbol": "BIIB", "fillingDate": "2006-05-10", "acceptedDate": "2006-05-10 15:58:52", "period": "Q1", "revenue": 611175000, "costOfRevenue": 67494000, "grossProfit": 543681000, "grossProfitRatio": 0.8895668180144803, "researchAndDevelopmentExpenses": 145892000, "generalAndAdministrativeExpenses": 154391000, "sellingAndMarketingExpenses": 0.0, "otherExpenses": 18665000, "operatingExpenses": 300283000, "costAndExpenses": 438186000, "interestExpense": 0.0, "depreciationAndAmortization": 123230000, "ebitda": 296219000, "ebitdaratio": 0.4846713298155193, "operatingIncome": 172989000, "operatingIncomeRatio": 0.283043318198552, "totalOtherIncomeExpensesNet": 18665000, "incomeBeforeTax": 191654000, "incomeBeforeTaxRatio": 0.313582852701763, "incomeTaxExpense": 72464000, "netIncome": 122969000, "netIncomeRatio": 0.2012009653536221, "eps": 0.35, "epsdiluted": 0.35, "weightedAverageShsOut": 339653.0, "weightedAverageShsOutDil": 345815.0, "link": "https://www.sec.gov/Archives/edgar/data/875045/000095013506003369/0000950135-06-003369-index.htm", "finalLink": "https://www.sec.gov/Archives/edgar/data/875045/000095013506003369/b60599bie10vq.htm"}, {"date": "2005-12-31", "symbol": "BIIB", "fillingDate": "2006-03-03", "acceptedDate": "2006-03-03 17:18:32", "period": "FY", "revenue": 632853000, "costOfRevenue": 113352000, "grossProfit": 519501000, "grossProfitRatio": 0.8208873150636877, "researchAndDevelopmentExpenses": 168314000, "generalAndAdministrativeExpenses": 169121000, "sellingAndMarketingExpenses": 0.0, "otherExpenses": -8318000.0, "operatingExpenses": 337435000, "costAndExpenses": 539554000, "interestExpense": 0.0, "depreciationAndAmortization": 97524000, "ebitda": 190823000, "ebitdaratio": 0.3015281589879482, "operatingIncome": 93299000, "operatingIncomeRatio": 0.14742602152474588, "totalOtherIncomeExpensesNet": -8318000.0, "incomeBeforeTax": 105136000, "incomeBeforeTaxRatio": 0.16613020717291377, "incomeTaxExpense": -45910000, "netIncome": 55562000, "netIncomeRatio": 0.08779606006450155, "eps": 0.48, "epsdiluted": 0.48, "weightedAverageShsOut": 335586.0, "weightedAverageShsOutDil": 346163.0, "link": "https://www.sec.gov/Archives/edgar/data/875045/000095013506001384/0000950135-06-001384-index.htm", "finalLink": "https://www.sec.gov/Archives/edgar/data/875045/000095013506001384/b58456bie10vk.htm"}, {"date": "2005-09-30", "symbol": "BIIB", "fillingDate": "2005-11-02", "acceptedDate": "2005-11-02 15:11:58", "period": "Q3", "revenue": 596211000, "costOfRevenue": 89561000, "grossProfit": 506650000, "grossProfitRatio": 0.8497830466059835, "researchAndDevelopmentExpenses": 220746000, "generalAndAdministrativeExpenses": 161410000, "sellingAndMarketingExpenses": 0.0, "otherExpenses": 11192000, "operatingExpenses": 382156000, "costAndExpenses": 575046000, "interestExpense": 0.0, "depreciationAndAmortization": 109751000, "ebitda": 130916000, "ebitdaratio": 0.21957998091279765, "operatingIncome": 21165000, "operatingIncomeRatio": 0.035499177304679046, "totalOtherIncomeExpensesNet": 11192000, "incomeBeforeTax": 32357000, "incomeBeforeTaxRatio": 0.0542710550459485, "incomeTaxExpense": 5172000.0, "netIncome": 27185000, "netIncomeRatio": 0.04559627380239546, "eps": 0.31, "epsdiluted": 0.31, "weightedAverageShsOut": 334819.0, "weightedAverageShsOutDil": 346581.0, "link": "https://www.sec.gov/Archives/edgar/data/875045/000095013505006155/0000950135-05-006155-index.htm", "finalLink": "https://www.sec.gov/Archives/edgar/data/875045/000095013505006155/b57404bie10vq.htm"}, {"date": "2005-06-30", "symbol": "BIIB", "fillingDate": "2005-07-27", "acceptedDate": "2005-07-26 18:22:42", "period": "Q2", "revenue": 605634000, "costOfRevenue": 71092000, "grossProfit": 534542000, "grossProfitRatio": 0.8826155731019064, "researchAndDevelopmentExpenses": 179827000, "generalAndAdministrativeExpenses": 155769000, "sellingAndMarketingExpenses": 0.0, "otherExpenses": 6052000.0, "operatingExpenses": 335596000, "costAndExpenses": 559332000, "interestExpense": 0.0, "depreciationAndAmortization": 98822000, "ebitda": 145124000, "ebitdaratio": 0.23962327082033044, "operatingIncome": 46302000, "operatingIncomeRatio": 0.07645211464349756, "totalOtherIncomeExpensesNet": 6052000.0, "incomeBeforeTax": 52354000, "incomeBeforeTaxRatio": 0.08644494859931906, "incomeTaxExpense": 17848000, "netIncome": 34506000, "netIncomeRatio": 0.05697500470581242, "eps": 0.23, "epsdiluted": 0.23, "weightedAverageShsOut": 333946.0, "weightedAverageShsOutDil": 348086.0, "link": "https://www.sec.gov/Archives/edgar/data/875045/000095013505004168/0000950135-05-004168-index.htm", "finalLink": "https://www.sec.gov/Archives/edgar/data/875045/000095013505004168/b55545bie10vq.htm"}, {"date": "2005-03-31", "symbol": "BIIB", "fillingDate": "2005-04-29", "acceptedDate": "2005-04-28 17:51:52", "period": "Q1", "revenue": 587802000, "costOfRevenue": 99609000, "grossProfit": 488193000, "grossProfitRatio": 0.8305398756724203, "researchAndDevelopmentExpenses": 178784000, "generalAndAdministrativeExpenses": 158458000, "sellingAndMarketingExpenses": 0.0, "otherExpenses": -8926000.0, "operatingExpenses": 337242000, "costAndExpenses": 512528000, "interestExpense": 0.0, "depreciationAndAmortization": 96111000, "ebitda": 171385000, "ebitdaratio": 0.29156926992422616, "operatingIncome": 75274000, "operatingIncomeRatio": 0.1280601290910885, "totalOtherIncomeExpensesNet": -8926000.0, "incomeBeforeTax": 66348000, "incomeBeforeTaxRatio": 0.11287474353608869, "incomeTaxExpense": 22890000, "netIncome": 43458000, "netIncomeRatio": 0.07393305909132668, "eps": 0.13, "epsdiluted": 0.13, "weightedAverageShsOut": 335279.0, "weightedAverageShsOutDil": 352173.0, "link": "https://www.sec.gov/Archives/edgar/data/875045/000095013505002322/0000950135-05-002322-index.htm", "finalLink": "https://www.sec.gov/Archives/edgar/data/875045/000095013505002322/b54790bie10vq.htm"}, {"date": "2004-12-31", "symbol": "BIIB", "fillingDate": "2005-03-31", "acceptedDate": "2005-03-31 17:25:18", "period": "FY", "revenue": 587780000, "costOfRevenue": 83364000, "grossProfit": 504416000, "grossProfitRatio": 0.8581714246827045, "researchAndDevelopmentExpenses": 189444000, "generalAndAdministrativeExpenses": 176600000, "sellingAndMarketingExpenses": 0.0, "otherExpenses": 4111000.0, "operatingExpenses": 366044000, "costAndExpenses": 529863000, "interestExpense": 0.0, "depreciationAndAmortization": 106459000, "ebitda": 164376000, "ebitdaratio": 0.27965565347579024, "operatingIncome": 57917000, "operatingIncomeRatio": 0.09853516621865324, "totalOtherIncomeExpensesNet": 4111000.0, "incomeBeforeTax": 62028000, "incomeBeforeTaxRatio": 0.10552927966245874, "incomeTaxExpense": -5668000.0, "netIncome": 28689000, "netIncomeRatio": 0.04880907822654735, "eps": 0.07, "epsdiluted": 0.07, "weightedAverageShsOut": 334996.0, "weightedAverageShsOutDil": 343475.0, "link": "https://www.sec.gov/Archives/edgar/data/875045/000095013505001792/0000950135-05-001792-index.htm", "finalLink": "https://www.sec.gov/Archives/edgar/data/875045/000095013505001792/b53275bie10vk.htm"}, {"date": "2004-09-30", "symbol": "BIIB", "fillingDate": "2004-11-08", "acceptedDate": "2004-11-05 19:18:10", "period": "Q3", "revenue": 543277000, "costOfRevenue": 64459000, "grossProfit": 478818000, "grossProfitRatio": 0.8813515020882533, "researchAndDevelopmentExpenses": 168889000, "generalAndAdministrativeExpenses": 132041000, "sellingAndMarketingExpenses": 0.0, "otherExpenses": 16566000, "operatingExpenses": 300930000, "costAndExpenses": 472443000, "interestExpense": 0.0, "depreciationAndAmortization": 122086000, "ebitda": 192920000, "ebitdaratio": 0.35510430222520006, "operatingIncome": 70834000, "operatingIncomeRatio": 0.13038284337455847, "totalOtherIncomeExpensesNet": -1573000.0, "incomeBeforeTax": 69261000, "incomeBeforeTaxRatio": 0.12748745115291094, "incomeTaxExpense": 32493000, "netIncome": 36768000, "netIncomeRatio": 0.06767818258457473, "eps": -0.01, "epsdiluted": -0.01, "weightedAverageShsOut": 335165.0, "weightedAverageShsOutDil": 335165.0, "link": "https://www.sec.gov/Archives/edgar/data/875045/000095013504005173/0000950135-04-005173-index.htm", "finalLink": "https://www.sec.gov/Archives/edgar/data/875045/000095013504005173/b51831bie10vq.htm"}, {"date": "2004-06-30", "symbol": "BIIB", "fillingDate": "2004-08-09", "acceptedDate": "2004-08-09 16:17:30", "period": "Q2", "revenue": 1080505000, "costOfRevenue": 151729000, "grossProfit": 928776000, "grossProfitRatio": 0.8595758464791926, "researchAndDevelopmentExpenses": 170180000, "generalAndAdministrativeExpenses": 139016000, "sellingAndMarketingExpenses": 0.0, "otherExpenses": -335627000, "operatingExpenses": -26431000, "costAndExpenses": 540233000, "interestExpense": 0.0, "depreciationAndAmortization": 106183000, "ebitda": 20848000, "ebitdaratio": 0.019294681653486103, "operatingIncome": -85335000, "operatingIncomeRatio": -0.07897695984747873, "totalOtherIncomeExpensesNet": 18139000, "incomeBeforeTax": -67196000, "incomeBeforeTaxRatio": -0.06218943919741232, "incomeTaxExpense": -26825000, "netIncome": -40371000, "netIncomeRatio": -0.03736308485384149, "eps": -0.12, "epsdiluted": -0.12, "weightedAverageShsOut": 336084.0, "weightedAverageShsOutDil": 336084.0, "link": "https://www.sec.gov/Archives/edgar/data/875045/000095013504003885/0000950135-04-003885-index.htm", "finalLink": "https://www.sec.gov/Archives/edgar/data/875045/000095013504003885/b51131bie10vq.htm"}, {"date": "2004-03-31", "symbol": "BIIB", "fillingDate": "2004-05-06", "acceptedDate": "2004-05-06 16:24:38", "period": "Q1", "revenue": 0.0, "costOfRevenue": 254767000, "grossProfit": -254767000, "grossProfitRatio": 0.0, "researchAndDevelopmentExpenses": 159150000, "generalAndAdministrativeExpenses": 130830000, "sellingAndMarketingExpenses": 0.0, "otherExpenses": 335627000, "operatingExpenses": 625607000, "costAndExpenses": 625607000, "interestExpense": 0.0, "depreciationAndAmortization": 104707000, "ebitda": 104707000, "ebitdaratio": 0.0, "operatingIncome": 0.0, "operatingIncomeRatio": 0.0, "totalOtherIncomeExpensesNet": 0.0, "incomeBeforeTax": 0.0, "incomeBeforeTaxRatio": 0.0, "incomeTaxExpense": 0.0, "netIncome": 0.0, "netIncomeRatio": 0.0, "eps": 0.0, "epsdiluted": 0.0, "weightedAverageShsOut": 177982.0, "weightedAverageShsOutDil": 177982.0, "link": "https://www.sec.gov/Archives/edgar/data/875045/000095013504002413/0000950135-04-002413-index.htm", "finalLink": "https://www.sec.gov/Archives/edgar/data/875045/000095013504002413/b50313bie10vq.htm"}, {"date": "2003-12-31", "symbol": "BIIB", "fillingDate": "2004-03-10", "acceptedDate": "2004-03-10 14:23:45", "period": "FY", "revenue": 299846000, "costOfRevenue": 279457000, "grossProfit": 20389000, "grossProfitRatio": 0.06799823909606932, "researchAndDevelopmentExpenses": 120215000, "generalAndAdministrativeExpenses": 91349000, "sellingAndMarketingExpenses": 0.0, "otherExpenses": -10955000, "operatingExpenses": 211564000, "costAndExpenses": 1347201000, "interestExpense": 0.0, "depreciationAndAmortization": 51348000, "ebitda": -996007000, "ebitdaratio": -3.3217284872901423, "operatingIncome": -1047355000, "operatingIncomeRatio": -3.492976394549202, "totalOtherIncomeExpensesNet": -10955000, "incomeBeforeTax": -1066859000, "incomeBeforeTaxRatio": -3.558023118534181, "incomeTaxExpense": 0.0, "netIncome": -990563000, "netIncomeRatio": -3.3035725005502825, "eps": -4.92, "epsdiluted": -4.92, "weightedAverageShsOut": 177982.0, "weightedAverageShsOutDil": 177982.0, "link": "https://www.sec.gov/Archives/edgar/data/875045/000095013504001180/0000950135-04-001180-index.htm", "finalLink": "https://www.sec.gov/Archives/edgar/data/875045/000095013504001180/b48790bie10vk.htm"}, {"date": "2003-09-30", "symbol": "BIIB", "fillingDate": "2003-10-31", "acceptedDate": "2003-10-31 14:21:12", "period": "Q3", "revenue": 138529000, "costOfRevenue": 639000.0, "grossProfit": 137890000, "grossProfitRatio": 0.995387247435555, "researchAndDevelopmentExpenses": 36295000, "generalAndAdministrativeExpenses": 30195000, "sellingAndMarketingExpenses": 0.0, "otherExpenses": -4643000.0, "operatingExpenses": 61847000, "costAndExpenses": 67129000, "interestExpense": 0.0, "depreciationAndAmortization": 3857000.0, "ebitda": 75257000, "ebitdaratio": 0.5432580903637505, "operatingIncome": 71400000, "operatingIncomeRatio": 0.5154155447595811, "totalOtherIncomeExpensesNet": 0.0, "incomeBeforeTax": 73386000, "incomeBeforeTaxRatio": 0.5297518931054147, "incomeTaxExpense": 0.0, "netIncome": 45500000, "netIncomeRatio": 0.32845108244483107, "eps": 0.74, "epsdiluted": 0.67, "weightedAverageShsOut": 155117.0, "weightedAverageShsOutDil": 181050.0, "link": "https://www.sec.gov/Archives/edgar/data/875045/000110465903024328/0001104659-03-024328-index.htm", "finalLink": "https://www.sec.gov/Archives/edgar/data/875045/000110465903024328/a03-4417_110q.htm"}, {"date": "2003-06-30", "symbol": "BIIB", "fillingDate": "2003-08-14", "acceptedDate": "2003-08-14 14:32:02", "period": "Q2", "revenue": 123562000, "costOfRevenue": 3791000.0, "grossProfit": 119771000, "grossProfitRatio": 0.9693190463087357, "researchAndDevelopmentExpenses": 47440000, "generalAndAdministrativeExpenses": 29187000, "sellingAndMarketingExpenses": 0.0, "otherExpenses": 3791000.0, "operatingExpenses": 80418000, "costAndExpenses": 80418000, "interestExpense": 0.0, "depreciationAndAmortization": 3003000.0, "ebitda": 46147000, "ebitdaratio": 0.37347242679788284, "operatingIncome": 43144000, "operatingIncomeRatio": 0.3491688383159871, "totalOtherIncomeExpensesNet": 0.0, "incomeBeforeTax": 46397000, "incomeBeforeTaxRatio": 0.37549570256227643, "incomeTaxExpense": 0.0, "netIncome": 28766000, "netIncomeRatio": 0.23280620255418333, "eps": 0.45, "epsdiluted": 0.41, "weightedAverageShsOut": 154924.0, "weightedAverageShsOutDil": 178066.0, "link": "https://www.sec.gov/Archives/edgar/data/875045/000110465903018599/0001104659-03-018599-index.htm", "finalLink": "https://www.sec.gov/Archives/edgar/data/875045/000110465903018599/a03-2516_110q.htm"}, {"date": "2003-03-31", "symbol": "BIIB", "fillingDate": "2003-05-15", "acceptedDate": "2003-05-14 20:28:50", "period": "Q1", "revenue": 117246000, "costOfRevenue": 852000.0, "grossProfit": 116394000, "grossProfitRatio": 0.9927332275727957, "researchAndDevelopmentExpenses": 29387000, "generalAndAdministrativeExpenses": 23865000, "sellingAndMarketingExpenses": 0.0, "otherExpenses": 852000.0, "operatingExpenses": 54104000, "costAndExpenses": 54104000, "interestExpense": 0.0, "depreciationAndAmortization": 3100000.0, "ebitda": 66242000, "ebitdaratio": 0.5649830271395186, "operatingIncome": 63142000, "operatingIncomeRatio": 0.5385428927212869, "totalOtherIncomeExpensesNet": 0.0, "incomeBeforeTax": 66452000, "incomeBeforeTaxRatio": 0.5667741330194633, "incomeTaxExpense": 0.0, "netIncome": 41200000, "netIncomeRatio": 0.35139791549391874, "eps": 0.27, "epsdiluted": 0.24, "weightedAverageShsOut": 154673.0, "weightedAverageShsOutDil": 177821.0, "link": "https://www.sec.gov/Archives/edgar/data/875045/000110465903009969/0001104659-03-009969-index.htm", "finalLink": "https://www.sec.gov/Archives/edgar/data/875045/000110465903009969/j0737_10q.htm"}, {"date": "2002-12-31", "symbol": "BIIB", "fillingDate": "2003-03-31", "acceptedDate": "2003-03-28 20:18:09", "period": "FY", "revenue": 300524000, "costOfRevenue": 1225000.0, "grossProfit": 299299000, "grossProfitRatio": 0.9959237864529954, "researchAndDevelopmentExpenses": 68281000, "generalAndAdministrativeExpenses": 71443000, "sellingAndMarketingExpenses": 0.0, "otherExpenses": 1225000.0, "operatingExpenses": 140949000, "costAndExpenses": 140949000, "interestExpense": 16073000, "depreciationAndAmortization": 2870000.0, "ebitda": 162445000, "ebitdaratio": 0.540539191545434, "operatingIncome": 159575000, "operatingIncomeRatio": 0.5309892055210232, "totalOtherIncomeExpensesNet": 0.0, "incomeBeforeTax": 172383000, "incomeBeforeTaxRatio": 0.5736080978557453, "incomeTaxExpense": 62733000, "netIncome": 109650000, "netIncomeRatio": 0.36486270647269436, "eps": 0.97, "epsdiluted": 0.97, "weightedAverageShsOut": 153086.0, "weightedAverageShsOutDil": 179634.0, "link": "https://www.sec.gov/Archives/edgar/data/875045/000104746903011017/0001047469-03-011017-index.htm", "finalLink": "https://www.sec.gov/Archives/edgar/data/875045/000104746903011017/a2106647z10-k.htm"}, {"date": "2002-09-30", "symbol": "BIIB", "fillingDate": "2002-11-14", "acceptedDate": "2002-11-14 20:59:55", "period": "Q3", "revenue": 6567000.0, "costOfRevenue": 657000.0, "grossProfit": 5910000.0, "grossProfitRatio": 0.8999543170397442, "researchAndDevelopmentExpenses": 2387000.0, "generalAndAdministrativeExpenses": 574000.0, "sellingAndMarketingExpenses": 0.0, "otherExpenses": -657000.0, "operatingExpenses": 2304000.0, "costAndExpenses": 2304000.0, "interestExpense": 0.0, "depreciationAndAmortization": 2746000.0, "ebitda": 7009000.0, "ebitdaratio": 1.0673062281102481, "operatingIncome": 4263000.0, "operatingIncomeRatio": 0.6491548652352672, "totalOtherIncomeExpensesNet": 0.0, "incomeBeforeTax": 4704000.0, "incomeBeforeTaxRatio": 0.7163088168113294, "incomeTaxExpense": 1647000.0, "netIncome": 3057000.0, "netIncomeRatio": 0.46550936500685247, "eps": 0.25, "epsdiluted": 0.22, "weightedAverageShsOut": 152679.0, "weightedAverageShsOutDil": 178362.0, "link": "https://www.sec.gov/Archives/edgar/data/875045/000091205702042598/0000912057-02-042598-index.htm", "finalLink": "https://www.sec.gov/Archives/edgar/data/875045/000091205702042598/a2093294z10-q.htm"}, {"date": "2002-06-30", "symbol": "BIIB", "fillingDate": "2002-08-14", "acceptedDate": "2002-08-13 19:26:46", "period": "Q2", "revenue": 17390000, "costOfRevenue": 889000.0, "grossProfit": 16501000, "grossProfitRatio": 0.9488786658999425, "researchAndDevelopmentExpenses": 3731000.0, "generalAndAdministrativeExpenses": 4381000.0, "sellingAndMarketingExpenses": 0.0, "otherExpenses": 889000.0, "operatingExpenses": 9001000.0, "costAndExpenses": 9001000.0, "interestExpense": 0.0, "depreciationAndAmortization": 2648000.0, "ebitda": 11037000, "ebitdaratio": 0.6346751006325474, "operatingIncome": 8389000.0, "operatingIncomeRatio": 0.4824036802760207, "totalOtherIncomeExpensesNet": 0.0, "incomeBeforeTax": 8784000.0, "incomeBeforeTaxRatio": 0.5051178838412881, "incomeTaxExpense": 3074000.0, "netIncome": 5710000.0, "netIncomeRatio": 0.3283496262219667, "eps": 0.23, "epsdiluted": 0.2, "weightedAverageShsOut": 152827.0, "weightedAverageShsOutDil": 179515.0, "link": "https://www.sec.gov/Archives/edgar/data/875045/000091205702031685/0000912057-02-031685-index.htm", "finalLink": "https://www.sec.gov/Archives/edgar/data/875045/000091205702031685/a2086370z10-q.htm"}, {"date": "2002-03-31", "symbol": "BIIB", "fillingDate": "2002-05-13", "acceptedDate": "2002-05-13 15:52:08", "period": "Q1", "revenue": 79741000, "costOfRevenue": 0.0, "grossProfit": 79741000, "grossProfitRatio": 1.0, "researchAndDevelopmentExpenses": 19249000, "generalAndAdministrativeExpenses": 18843000, "sellingAndMarketingExpenses": 0.0, "otherExpenses": 0.0, "operatingExpenses": 38092000, "costAndExpenses": 38092000, "interestExpense": 0.0, "depreciationAndAmortization": 1892000.0, "ebitda": 43541000, "ebitdaratio": 0.5460302730088662, "operatingIncome": 41649000, "operatingIncomeRatio": 0.5223034574434733, "totalOtherIncomeExpensesNet": 0.0, "incomeBeforeTax": 45651000, "incomeBeforeTaxRatio": 0.5724909394163604, "incomeTaxExpense": 15978000, "netIncome": 29673000, "netIncomeRatio": 0.37211722953060533, "eps": 0.19, "epsdiluted": 0.17, "weightedAverageShsOut": 153432.0, "weightedAverageShsOutDil": 182418.0, "link": "https://www.sec.gov/Archives/edgar/data/875045/000091205702019878/0000912057-02-019878-index.htm", "finalLink": "https://www.sec.gov/Archives/edgar/data/875045/000091205702019878/a2079452z10-q.htm"}, {"date": "2001-12-31", "symbol": "BIIB", "fillingDate": "2002-04-01", "acceptedDate": "2002-04-01 00:00:00", "period": "FY", "revenue": 203062000, "costOfRevenue": 0.0, "grossProfit": 203062000, "grossProfitRatio": 1.0, "researchAndDevelopmentExpenses": 65548000, "generalAndAdministrativeExpenses": 42250000, "sellingAndMarketingExpenses": 0.0, "otherExpenses": 0.0, "operatingExpenses": 107798000, "costAndExpenses": 107798000, "interestExpense": 7304000.0, "depreciationAndAmortization": 6306000.0, "ebitda": 101570000, "ebitdaratio": 0.5001920595680137, "operatingIncome": 95264000, "operatingIncomeRatio": 0.4691375048014892, "totalOtherIncomeExpensesNet": 0.0, "incomeBeforeTax": 118754000, "incomeBeforeTaxRatio": 0.5848164599974393, "incomeTaxExpense": 75838000, "netIncome": 74702000, "netIncomeRatio": 0.3678777910194916, "eps": 0.67, "epsdiluted": 0.67, "weightedAverageShsOut": 150756.0, "weightedAverageShsOutDil": 181481.0, "link": "https://www.sec.gov/Archives/edgar/data/875045/000091205702012961/0000912057-02-012961-index.htm", "finalLink": "https://www.sec.gov/Archives/edgar/data/875045/000091205702012961/a2074782z10-k.htm"}, {"date": "2001-09-30", "symbol": "BIIB", "fillingDate": "2001-11-14", "acceptedDate": "2001-11-14 00:00:00", "period": "Q3", "revenue": 4766000.0, "costOfRevenue": 0.0, "grossProfit": 4766000.0, "grossProfitRatio": 1.0, "researchAndDevelopmentExpenses": -940000.0, "generalAndAdministrativeExpenses": 1561000.0, "sellingAndMarketingExpenses": 0.0, "otherExpenses": 0.0, "operatingExpenses": 621000.0, "costAndExpenses": 621000.0, "interestExpense": 0.0, "depreciationAndAmortization": 0.0, "ebitda": 4145000.0, "ebitdaratio": 0.8697020562316408, "operatingIncome": 4145000.0, "operatingIncomeRatio": 0.8697020562316408, "totalOtherIncomeExpensesNet": 0.0, "incomeBeforeTax": 2865000.0, "incomeBeforeTaxRatio": 0.6011330255979858, "incomeTaxExpense": -1061000.0, "netIncome": 1804000.0, "netIncomeRatio": 0.3785144775493076, "eps": 0.18, "epsdiluted": 0.18, "weightedAverageShsOut": 152061.0, "weightedAverageShsOutDil": 167394.0, "link": "https://www.sec.gov/Archives/edgar/data/875045/000091205701539768/0000912057-01-539768-index.htm", "finalLink": "https://www.sec.gov/Archives/edgar/data/875045/000091205701539768/a2063055z10-q.htm"}, {"date": "2001-06-30", "symbol": "BIIB", "fillingDate": "2001-08-13", "acceptedDate": "2001-08-13 00:00:00", "period": "Q2", "revenue": 8311000.0, "costOfRevenue": 0.0, "grossProfit": 8311000.0, "grossProfitRatio": 1.0, "researchAndDevelopmentExpenses": -403000.0, "generalAndAdministrativeExpenses": 350000.0, "sellingAndMarketingExpenses": 0.0, "otherExpenses": 0.0, "operatingExpenses": -53000.0, "costAndExpenses": -53000.0, "interestExpense": 0.0, "depreciationAndAmortization": 0.0, "ebitda": 8364000.0, "ebitdaratio": 1.0063770906028155, "operatingIncome": 8364000.0, "operatingIncomeRatio": 1.0063770906028155, "totalOtherIncomeExpensesNet": 0.0, "incomeBeforeTax": 6898000.0, "incomeBeforeTaxRatio": 0.8299843580796534, "incomeTaxExpense": -27112000, "netIncome": 4346000.0, "netIncomeRatio": 0.5229214294308747, "eps": 0.17, "epsdiluted": 0.17, "weightedAverageShsOut": 150477.0, "weightedAverageShsOutDil": 167417.0, "link": "https://www.sec.gov/Archives/edgar/data/875045/000091205701528137/0000912057-01-528137-index.htm", "finalLink": "https://www.sec.gov/Archives/edgar/data/875045/000091205701528137/a2056247z10-q.htm"}]