[{"date": "2020-03-31", "symbol": "EA", "fillingDate": "2020-05-20", "acceptedDate": "2020-05-20 16:37:16", "period": "FY", "revenue": 1387000000, "costOfRevenue": 269000000, "grossProfit": 1118000000, "grossProfitRatio": 0.806056236481615, "researchAndDevelopmentExpenses": 402000000, "generalAndAdministrativeExpenses": 142000000, "sellingAndMarketingExpenses": 167000000, "otherExpenses": 6000000.0, "operatingExpenses": 717000000, "costAndExpenses": 986000000, "interestExpense": 12000000, "depreciationAndAmortization": 39000000, "ebitda": 440000000, "ebitdaratio": 0.317231434751, "operatingIncome": 401000000, "operatingIncomeRatio": 0.289113193944, "totalOtherIncomeExpensesNet": 13000000, "incomeBeforeTax": 414000000, "incomeBeforeTaxRatio": 0.29848594088, "incomeTaxExpense": -4000000.0, "netIncome": 418000000, "netIncomeRatio": 0.301369863014, "eps": 1.46, "epsdiluted": 1.45, "weightedAverageShsOut": 293000000, "weightedAverageShsOutDil": 295000000, "link": "https://www.sec.gov/Archives/edgar/data/712515/000071251520000019/0000712515-20-000019-index.htm", "finalLink": "https://www.sec.gov/Archives/edgar/data/712515/000071251520000019/ea-20200331.htm"}, {"date": "2019-12-31", "symbol": "EA", "fillingDate": "2020-02-04", "acceptedDate": "2020-02-04 16:18:59", "period": "Q3", "revenue": 1593000000, "costOfRevenue": 508000000, "grossProfit": 1085000000, "grossProfitRatio": 0.6811048336472065, "researchAndDevelopmentExpenses": 389000000, "generalAndAdministrativeExpenses": 126000000, "sellingAndMarketingExpenses": 202000000, "otherExpenses": 36000000, "operatingExpenses": 703000000, "costAndExpenses": 1211000000, "interestExpense": -13000000, "depreciationAndAmortization": 39000000, "ebitda": 400000000, "ebitdaratio": 0.25109855618330196, "operatingIncome": 361000000, "operatingIncomeRatio": 0.22661644695543, "totalOtherIncomeExpensesNet": 13000000, "incomeBeforeTax": 374000000, "incomeBeforeTaxRatio": 0.23477715003138733, "incomeTaxExpense": 28000000, "netIncome": 346000000, "netIncomeRatio": 0.21720025109855617, "eps": 8.91, "epsdiluted": 8.85, "weightedAverageShsOut": 294000000, "weightedAverageShsOutDil": 296000000, "link": "https://www.sec.gov/Archives/edgar/data/712515/000071251520000006/0000712515-20-000006-index.htm", "finalLink": "https://www.sec.gov/Archives/edgar/data/712515/000071251520000006/ea12312019-q3fy2010qdoc.htm"}, {"date": "2019-09-30", "symbol": "EA", "fillingDate": "2019-11-06", "acceptedDate": "2019-11-05 19:28:23", "period": "Q2", "revenue": 1348000000, "costOfRevenue": 405000000, "grossProfit": 943000000, "grossProfitRatio": 0.6995548961424333, "researchAndDevelopmentExpenses": 387000000, "generalAndAdministrativeExpenses": 128000000, "sellingAndMarketingExpenses": 152000000, "otherExpenses": 8000000.0, "operatingExpenses": 675000000, "costAndExpenses": 1080000000, "interestExpense": 11000000, "depreciationAndAmortization": 35000000, "ebitda": 303000000, "ebitdaratio": 0.224777448071, "operatingIncome": 268000000, "operatingIncomeRatio": 0.19881305638, "totalOtherIncomeExpensesNet": 16000000, "incomeBeforeTax": 284000000, "incomeBeforeTaxRatio": 0.210682492582, "incomeTaxExpense": -570000000, "netIncome": 854000000, "netIncomeRatio": 0.63353115727, "eps": 2.91, "epsdiluted": 2.91, "weightedAverageShsOut": 296000000, "weightedAverageShsOutDil": 297000000, "link": "https://www.sec.gov/Archives/edgar/data/712515/000071251519000129/0000712515-19-000129-index.htm", "finalLink": "https://www.sec.gov/Archives/edgar/data/712515/000071251519000129/ea9302019-q2fy2010qdoc.htm"}, {"date": "2019-06-30", "symbol": "EA", "fillingDate": "2019-08-06", "acceptedDate": "2019-08-06 16:18:08", "period": "Q1", "revenue": 1209000000, "costOfRevenue": 187000000, "grossProfit": 1022000000, "grossProfitRatio": 0.8453267162944582, "researchAndDevelopmentExpenses": 381000000, "generalAndAdministrativeExpenses": 110000000, "sellingAndMarketingExpenses": 110000000, "otherExpenses": 6000000.0, "operatingExpenses": 607000000, "costAndExpenses": 794000000, "interestExpense": 11000000, "depreciationAndAmortization": 37000000, "ebitda": 452000000, "ebitdaratio": 0.373862696443, "operatingIncome": 415000000, "operatingIncomeRatio": 0.343258891646, "totalOtherIncomeExpensesNet": 21000000, "incomeBeforeTax": 436000000, "incomeBeforeTaxRatio": 0.36062861869313484, "incomeTaxExpense": -985000000, "netIncome": 1421000000, "netIncomeRatio": 1.17535153019, "eps": 4.78, "epsdiluted": 4.75, "weightedAverageShsOut": 297000000, "weightedAverageShsOutDil": 299000000, "link": "https://www.sec.gov/Archives/edgar/data/712515/000071251519000049/0000712515-19-000049-index.htm", "finalLink": "https://www.sec.gov/Archives/edgar/data/712515/000071251519000019/ea3312019-q410kdoc.htm"}, {"date": "2019-03-31", "symbol": "EA", "fillingDate": "2019-05-24", "acceptedDate": "2019-05-23 20:16:54", "period": "FY", "revenue": 1238000000, "costOfRevenue": 276000000, "grossProfit": 962000000, "grossProfitRatio": 0.777059773828756, "researchAndDevelopmentExpenses": 398000000, "generalAndAdministrativeExpenses": 123000000, "sellingAndMarketingExpenses": 229000000, "otherExpenses": 16000000, "operatingExpenses": 766000000, "costAndExpenses": 1042000000, "interestExpense": 78000000, "depreciationAndAmortization": 37000000, "ebitda": 233000000, "ebitdaratio": 0.188206785137, "operatingIncome": 196000000, "operatingIncomeRatio": 0.158319870759, "totalOtherIncomeExpensesNet": 23000000, "incomeBeforeTax": 219000000, "incomeBeforeTaxRatio": 0.17689822294, "incomeTaxExpense": 10000000, "netIncome": 209000000, "netIncomeRatio": 0.168820678514, "eps": 0.7, "epsdiluted": 0.69, "weightedAverageShsOut": 303000000, "weightedAverageShsOutDil": 306000000, "link": "https://www.sec.gov/Archives/edgar/data/712515/000071251519000019/0000712515-19-000019-index.htm", "finalLink": "https://www.sec.gov/Archives/edgar/data/712515/000071251519000019/ea3312019-q410kdoc.htm"}, {"date": "2018-12-31", "symbol": "EA", "fillingDate": "2019-02-06", "acceptedDate": "2019-02-06 16:20:21", "period": "Q3", "revenue": 1289000000, "costOfRevenue": 413000000, "grossProfit": 876000000, "grossProfitRatio": 0.6795965865011637, "researchAndDevelopmentExpenses": 334000000, "generalAndAdministrativeExpenses": 106000000, "sellingAndMarketingExpenses": 187000000, "otherExpenses": 7000000.0, "operatingExpenses": 634000000, "costAndExpenses": 1047000000, "interestExpense": -11000000, "depreciationAndAmortization": 34000000, "ebitda": 276000000, "ebitdaratio": 0.214119472459, "operatingIncome": 242000000, "operatingIncomeRatio": 0.187742435997, "totalOtherIncomeExpensesNet": 23000000, "incomeBeforeTax": 265000000, "incomeBeforeTaxRatio": 0.205585725369, "incomeTaxExpense": 3000000.0, "netIncome": 262000000, "netIncomeRatio": 0.203258339798, "eps": 0.86, "epsdiluted": 0.87, "weightedAverageShsOut": 304000000, "weightedAverageShsOutDil": 307000000, "link": "https://www.sec.gov/Archives/edgar/data/712515/000071251519000004/0000712515-19-000004-index.htm", "finalLink": "https://www.sec.gov/Archives/edgar/data/712515/000071251519000004/ea12312018-q3fy1910qdoc.htm"}, {"date": "2018-09-30", "symbol": "EA", "fillingDate": "2018-11-06", "acceptedDate": "2018-11-06 16:25:26", "period": "Q2", "revenue": 1286000000, "costOfRevenue": 418000000, "grossProfit": 868000000, "grossProfitRatio": 0.6749611197511665, "researchAndDevelopmentExpenses": 339000000, "generalAndAdministrativeExpenses": 117000000, "sellingAndMarketingExpenses": 146000000, "otherExpenses": 8000000.0, "operatingExpenses": 610000000, "costAndExpenses": 1028000000, "interestExpense": -11000000, "depreciationAndAmortization": 36000000, "ebitda": 294000000, "ebitdaratio": 0.228615863142, "operatingIncome": 258000000, "operatingIncomeRatio": 0.200622083981, "totalOtherIncomeExpensesNet": 18000000, "incomeBeforeTax": 276000000, "incomeBeforeTaxRatio": 0.214618973561, "incomeTaxExpense": 21000000, "netIncome": 255000000, "netIncomeRatio": 0.198289269051, "eps": 0.84, "epsdiluted": 0.82, "weightedAverageShsOut": 305000000, "weightedAverageShsOutDil": 309000000, "link": "https://www.sec.gov/Archives/edgar/data/712515/000071251518000059/0000712515-18-000059-index.htm", "finalLink": "https://www.sec.gov/Archives/edgar/data/712515/000071251518000059/ea9302018-q2fy1910qdoc.htm"}, {"date": "2018-06-30", "symbol": "EA", "fillingDate": "2018-08-08", "acceptedDate": "2018-08-07 19:03:30", "period": "Q1", "revenue": 1137000000, "costOfRevenue": 215000000, "grossProfit": 922000000, "grossProfitRatio": 0.810905892700088, "researchAndDevelopmentExpenses": 362000000, "generalAndAdministrativeExpenses": 114000000, "sellingAndMarketingExpenses": 140000000, "otherExpenses": 6000000.0, "operatingExpenses": 622000000, "costAndExpenses": 837000000, "interestExpense": -11000000, "depreciationAndAmortization": 38000000, "ebitda": 338000000, "ebitdaratio": 0.297273526825, "operatingIncome": 300000000, "operatingIncomeRatio": 0.263852242744, "totalOtherIncomeExpensesNet": 19000000, "incomeBeforeTax": 319000000, "incomeBeforeTaxRatio": 0.280562884785, "incomeTaxExpense": 26000000, "netIncome": 293000000, "netIncomeRatio": 0.257695690413, "eps": 0.96, "epsdiluted": 0.95, "weightedAverageShsOut": 306000000, "weightedAverageShsOutDil": 310000000, "link": "https://www.sec.gov/Archives/edgar/data/712515/000071251518000045/0000712515-18-000045-index.htm", "finalLink": "https://www.sec.gov/Archives/edgar/data/712515/000071251518000024/ea3312018-q410kdoc.htm"}, {"date": "2018-03-31", "symbol": "EA", "fillingDate": "2018-05-23", "acceptedDate": "2018-05-23 16:34:06", "period": "FY", "revenue": 1582000000, "costOfRevenue": 233000000, "grossProfit": 1349000000, "grossProfitRatio": 0.8527180783817951, "researchAndDevelopmentExpenses": 335000000, "generalAndAdministrativeExpenses": 126000000, "sellingAndMarketingExpenses": 130000000, "otherExpenses": 5000000.0, "operatingExpenses": 596000000, "costAndExpenses": 829000000, "interestExpense": 76000000, "depreciationAndAmortization": 39000000, "ebitda": 792000000, "ebitdaratio": 0.500632111252, "operatingIncome": 753000000, "operatingIncomeRatio": 0.47597977244, "totalOtherIncomeExpensesNet": 1000000.0, "incomeBeforeTax": 754000000, "incomeBeforeTaxRatio": 0.476611883692, "incomeTaxExpense": 147000000, "netIncome": 607000000, "netIncomeRatio": 0.383691529709, "eps": 1.98, "epsdiluted": 1.94, "weightedAverageShsOut": 308000000, "weightedAverageShsOutDil": 312000000, "link": "https://www.sec.gov/Archives/edgar/data/712515/000071251518000024/0000712515-18-000024-index.htm", "finalLink": "https://www.sec.gov/Archives/edgar/data/712515/000071251518000024/ea3312018-q410kdoc.htm"}, {"date": "2017-12-31", "symbol": "EA", "fillingDate": "2018-02-06", "acceptedDate": "2018-02-06 16:22:20", "period": "Q3", "revenue": 1160000000, "costOfRevenue": 501000000, "grossProfit": 659000000, "grossProfitRatio": 0.5681034482758621, "researchAndDevelopmentExpenses": 329000000, "generalAndAdministrativeExpenses": 120000000, "sellingAndMarketingExpenses": 230000000, "otherExpenses": 1000000.0, "operatingExpenses": 680000000, "costAndExpenses": 1181000000, "interestExpense": -10000000, "depreciationAndAmortization": 34000000, "ebitda": 13000000, "ebitdaratio": 0.0112068965517, "operatingIncome": -21000000, "operatingIncomeRatio": -0.01810344827586207, "totalOtherIncomeExpensesNet": 5000000.0, "incomeBeforeTax": -16000000, "incomeBeforeTaxRatio": -0.013793103448275862, "incomeTaxExpense": 170000000, "netIncome": -186000000, "netIncomeRatio": -0.16034482758620688, "eps": -0.6, "epsdiluted": -0.59, "weightedAverageShsOut": 309000000, "weightedAverageShsOutDil": 312000000, "link": "https://www.sec.gov/Archives/edgar/data/712515/000071251518000008/0000712515-18-000008-index.htm", "finalLink": "https://www.sec.gov/Archives/edgar/data/712515/000071251518000008/ea12312017-q3fy1810qdoc.htm"}, {"date": "2017-09-30", "symbol": "EA", "fillingDate": "2017-11-07", "acceptedDate": "2017-11-06 17:56:32", "period": "Q2", "revenue": 959000000, "costOfRevenue": 389000000, "grossProfit": 570000000, "grossProfitRatio": 0.59436913451512, "researchAndDevelopmentExpenses": 331000000, "generalAndAdministrativeExpenses": 118000000, "sellingAndMarketingExpenses": 160000000, "otherExpenses": 2000000.0, "operatingExpenses": 611000000, "costAndExpenses": 1000000000, "interestExpense": -11000000, "depreciationAndAmortization": 32000000, "ebitda": -9000000.0, "ebitdaratio": -0.009384775808133473, "operatingIncome": -41000000, "operatingIncomeRatio": -0.04275286757038582, "totalOtherIncomeExpensesNet": 3000000.0, "incomeBeforeTax": -38000000, "incomeBeforeTaxRatio": -0.03962460896767466, "incomeTaxExpense": -16000000, "netIncome": -22000000, "netIncomeRatio": -0.022940563086548488, "eps": -0.07, "epsdiluted": -0.07, "weightedAverageShsOut": 309000000, "weightedAverageShsOutDil": 313000000, "link": "https://www.sec.gov/Archives/edgar/data/712515/000071251517000078/0000712515-17-000078-index.htm", "finalLink": "https://www.sec.gov/Archives/edgar/data/712515/000071251517000078/ea9302017-q2fy1810qdoc.htm"}, {"date": "2017-06-30", "symbol": "EA", "fillingDate": "2017-08-08", "acceptedDate": "2017-08-08 17:05:57", "period": "Q1", "revenue": 1449000000, "costOfRevenue": 154000000, "grossProfit": 1295000000, "grossProfitRatio": 0.893719806763285, "researchAndDevelopmentExpenses": 325000000, "generalAndAdministrativeExpenses": 105000000, "sellingAndMarketingExpenses": 121000000, "otherExpenses": 1000000.0, "operatingExpenses": 552000000, "costAndExpenses": 706000000, "interestExpense": -11000000, "depreciationAndAmortization": 31000000, "ebitda": 774000000, "ebitdaratio": 0.534161490683, "operatingIncome": 743000000, "operatingIncomeRatio": 0.512767425811, "totalOtherIncomeExpensesNet": 6000000.0, "incomeBeforeTax": 749000000, "incomeBeforeTaxRatio": 0.51690821256, "incomeTaxExpense": 105000000, "netIncome": 644000000, "netIncomeRatio": 0.444444444444, "eps": 2.08, "epsdiluted": 2.06, "weightedAverageShsOut": 309000000, "weightedAverageShsOutDil": 313000000, "link": "https://www.sec.gov/Archives/edgar/data/712515/000071251517000063/0000712515-17-000063-index.htm", "finalLink": "https://www.sec.gov/Archives/edgar/data/712515/000071251517000035/ea3312017-q410kdoc.htm"}, {"date": "2017-03-31", "symbol": "EA", "fillingDate": "2017-05-24", "acceptedDate": "2017-05-24 16:41:12", "period": "FY", "revenue": 1527000000, "costOfRevenue": 202000000, "grossProfit": 1325000000, "grossProfitRatio": 0.8677144728225278, "researchAndDevelopmentExpenses": 335000000, "generalAndAdministrativeExpenses": 110000000, "sellingAndMarketingExpenses": 162000000, "otherExpenses": 1000000.0, "operatingExpenses": 608000000, "costAndExpenses": 810000000, "interestExpense": 83000000, "depreciationAndAmortization": 32000000, "ebitda": 749000000, "ebitdaratio": 0.490504256713, "operatingIncome": 717000000, "operatingIncomeRatio": 0.469548133595, "totalOtherIncomeExpensesNet": -1000000.0, "incomeBeforeTax": 716000000, "incomeBeforeTaxRatio": 0.468893254748, "incomeTaxExpense": 150000000, "netIncome": 566000000, "netIncomeRatio": 0.370661427636, "eps": 1.86, "epsdiluted": 1.8, "weightedAverageShsOut": 303000000, "weightedAverageShsOutDil": 314000000, "link": "https://www.sec.gov/Archives/edgar/data/712515/000071251517000035/0000712515-17-000035-index.htm", "finalLink": "https://www.sec.gov/Archives/edgar/data/712515/000071251517000035/ea3312017-q410kdoc.htm"}, {"date": "2016-12-31", "symbol": "EA", "fillingDate": "2017-02-07", "acceptedDate": "2017-02-07 16:18:51", "period": "Q3", "revenue": 1149000000, "costOfRevenue": 516000000, "grossProfit": 633000000, "grossProfitRatio": 0.5509138381201044, "researchAndDevelopmentExpenses": 285000000, "generalAndAdministrativeExpenses": 110000000, "sellingAndMarketingExpenses": 240000000, "otherExpenses": 2000000.0, "operatingExpenses": 637000000, "costAndExpenses": 1153000000, "interestExpense": -12000000, "depreciationAndAmortization": 49000000, "ebitda": 45000000, "ebitdaratio": 0.0391644908616, "operatingIncome": -4000000.0, "operatingIncomeRatio": -0.0034812880765883376, "totalOtherIncomeExpensesNet": -2000000.0, "incomeBeforeTax": -6000000.0, "incomeBeforeTaxRatio": -0.005221932114882507, "incomeTaxExpense": -5000000.0, "netIncome": -1000000.0, "netIncomeRatio": -0.0008703220191470844, "eps": -0.01, "epsdiluted": 1.28, "weightedAverageShsOut": 302000000, "weightedAverageShsOutDil": 314000000, "link": "https://www.sec.gov/Archives/edgar/data/712515/000071251517000010/0000712515-17-000010-index.htm", "finalLink": "https://www.sec.gov/Archives/edgar/data/712515/000071251517000010/ea12312016-q3fy1710qdoc.htm"}, {"date": "2016-09-30", "symbol": "EA", "fillingDate": "2016-11-08", "acceptedDate": "2016-11-08 16:23:47", "period": "Q2", "revenue": 898000000, "costOfRevenue": 401000000, "grossProfit": 497000000, "grossProfitRatio": 0.5534521158129176, "researchAndDevelopmentExpenses": 291000000, "generalAndAdministrativeExpenses": 111000000, "sellingAndMarketingExpenses": 143000000, "otherExpenses": 1000000.0, "operatingExpenses": 546000000, "costAndExpenses": 947000000, "interestExpense": -11000000, "depreciationAndAmortization": 45000000, "ebitda": -4000000.0, "ebitdaratio": -0.004454342984409799, "operatingIncome": -49000000, "operatingIncomeRatio": -0.05456570155902005, "totalOtherIncomeExpensesNet": -3000000.0, "incomeBeforeTax": -52000000, "incomeBeforeTaxRatio": -0.05790645879732739, "incomeTaxExpense": -14000000, "netIncome": -38000000, "netIncomeRatio": -0.042316258351893093, "eps": -0.12, "epsdiluted": -0.12, "weightedAverageShsOut": 301000000, "weightedAverageShsOutDil": 315000000, "link": "https://www.sec.gov/Archives/edgar/data/712515/000071251516000149/0000712515-16-000149-index.htm", "finalLink": "https://www.sec.gov/Archives/edgar/data/712515/000071251516000149/ea9302016-q2fy1710qdoc.htm"}, {"date": "2016-06-30", "symbol": "EA", "fillingDate": "2016-08-09", "acceptedDate": "2016-08-09 16:25:47", "period": "Q1", "revenue": 1271000000, "costOfRevenue": 179000000, "grossProfit": 1092000000, "grossProfitRatio": 0.8591660110149488, "researchAndDevelopmentExpenses": 294000000, "generalAndAdministrativeExpenses": 108000000, "sellingAndMarketingExpenses": 128000000, "otherExpenses": 2000000.0, "operatingExpenses": 532000000, "costAndExpenses": 711000000, "interestExpense": -13000000, "depreciationAndAmortization": 46000000, "ebitda": 606000000, "ebitdaratio": 0.47678992919, "operatingIncome": 560000000, "operatingIncomeRatio": 0.440597954367, "totalOtherIncomeExpensesNet": -8000000.0, "incomeBeforeTax": 552000000, "incomeBeforeTaxRatio": 0.434303697876, "incomeTaxExpense": 112000000, "netIncome": 440000000, "netIncomeRatio": 0.346184107002, "eps": 1.46, "epsdiluted": 1.4, "weightedAverageShsOut": 301000000, "weightedAverageShsOutDil": 315000000, "link": "https://www.sec.gov/Archives/edgar/data/712515/000071251516000138/0000712515-16-000138-index.htm", "finalLink": "https://www.sec.gov/Archives/edgar/data/712515/000071251516000111/ea3312016-q410kdoc.htm"}, {"date": "2016-03-31", "symbol": "EA", "fillingDate": "2016-05-27", "acceptedDate": "2016-05-26 19:43:40", "period": "FY", "revenue": 1308000000, "costOfRevenue": 226000000, "grossProfit": 1082000000, "grossProfitRatio": 0.827217125382263, "researchAndDevelopmentExpenses": 282000000, "generalAndAdministrativeExpenses": 110000000, "sellingAndMarketingExpenses": 153000000, "otherExpenses": 1000000.0, "operatingExpenses": 546000000, "costAndExpenses": 772000000, "interestExpense": 55000000, "depreciationAndAmortization": 48000000, "ebitda": 584000000, "ebitdaratio": 0.446483180428, "operatingIncome": 536000000, "operatingIncomeRatio": 0.409785932722, "totalOtherIncomeExpensesNet": -10000000, "incomeBeforeTax": 526000000, "incomeBeforeTaxRatio": 0.402140672783, "incomeTaxExpense": -373000000, "netIncome": 899000000, "netIncomeRatio": 0.687308868502, "eps": 2.9, "epsdiluted": 2.73, "weightedAverageShsOut": 310000000, "weightedAverageShsOutDil": 330000000, "link": "https://www.sec.gov/Archives/edgar/data/712515/000071251516000111/0000712515-16-000111-index.htm", "finalLink": "https://www.sec.gov/Archives/edgar/data/712515/000071251516000111/ea3312016-q410kdoc.htm"}, {"date": "2015-12-31", "symbol": "EA", "fillingDate": "2016-02-08", "acceptedDate": "2016-02-08 16:33:45", "period": "Q3", "revenue": 1070000000, "costOfRevenue": 546000000, "grossProfit": 524000000, "grossProfitRatio": 0.4897196261682243, "researchAndDevelopmentExpenses": 266000000, "generalAndAdministrativeExpenses": 97000000, "sellingAndMarketingExpenses": 190000000, "otherExpenses": 2000000.0, "operatingExpenses": 555000000, "costAndExpenses": 1101000000, "interestExpense": -7000000.0, "depreciationAndAmortization": 50000000, "ebitda": 19000000, "ebitdaratio": 0.0177570093458, "operatingIncome": -31000000, "operatingIncomeRatio": -0.012370311252992818, "totalOtherIncomeExpensesNet": 1000000.0, "incomeBeforeTax": -30000000, "incomeBeforeTaxRatio": -0.011971268954509178, "incomeTaxExpense": 15000000, "netIncome": -45000000, "netIncomeRatio": -0.017956903431763767, "eps": -0.14, "epsdiluted": -0.13, "weightedAverageShsOut": 311000000, "weightedAverageShsOutDil": 333000000, "link": "https://www.sec.gov/Archives/edgar/data/712515/000071251516000086/0000712515-16-000086-index.htm", "finalLink": "https://www.sec.gov/Archives/edgar/data/712515/000071251516000086/ea12312015-q3fy1610qdoc.htm"}, {"date": "2015-09-30", "symbol": "EA", "fillingDate": "2015-11-10", "acceptedDate": "2015-11-10 16:36:09", "period": "Q2", "revenue": 815000000, "costOfRevenue": 409000000, "grossProfit": 406000000, "grossProfitRatio": 0.498159509202454, "researchAndDevelopmentExpenses": 265000000, "generalAndAdministrativeExpenses": 101000000, "sellingAndMarketingExpenses": 156000000, "otherExpenses": 3000000.0, "operatingExpenses": 525000000, "costAndExpenses": 934000000, "interestExpense": -12000000, "depreciationAndAmortization": 50000000, "ebitda": 443000000, "ebitdaratio": 0.761168384879725, "operatingIncome": 393000000, "operatingIncomeRatio": 0.6752577319587629, "totalOtherIncomeExpensesNet": -12000000, "incomeBeforeTax": 381000000, "incomeBeforeTaxRatio": 0.654639175257732, "incomeTaxExpense": 12000000, "netIncome": 302000000, "netIncomeRatio": 0.5189003436426117, "eps": -0.45, "epsdiluted": -0.42, "weightedAverageShsOut": 311000000, "weightedAverageShsOutDil": 334000000, "link": "https://www.sec.gov/Archives/edgar/data/712515/000071251515000070/0000712515-15-000070-index.htm", "finalLink": "https://www.sec.gov/Archives/edgar/data/712515/000071251515000070/ea9302015-q2fy1610qdoc.htm"}, {"date": "2015-06-30", "symbol": "EA", "fillingDate": "2015-08-11", "acceptedDate": "2015-08-11 16:44:02", "period": "Q1", "revenue": 1203000000, "costOfRevenue": 173000000, "grossProfit": 1030000000, "grossProfitRatio": 0.8561928512053201, "researchAndDevelopmentExpenses": 296000000, "generalAndAdministrativeExpenses": 98000000, "sellingAndMarketingExpenses": 123000000, "otherExpenses": 1000000.0, "operatingExpenses": 518000000, "costAndExpenses": 691000000, "interestExpense": -8000000.0, "depreciationAndAmortization": 49000000, "ebitda": 561000000, "ebitdaratio": 0.466334164589, "operatingIncome": 512000000, "operatingIncomeRatio": 0.425602660017, "totalOtherIncomeExpensesNet": -3000000.0, "incomeBeforeTax": 509000000, "incomeBeforeTaxRatio": 0.423108894431, "incomeTaxExpense": 67000000, "netIncome": 442000000, "netIncomeRatio": 0.367414796342, "eps": 1.42, "epsdiluted": 1.32, "weightedAverageShsOut": 311000000, "weightedAverageShsOutDil": 335000000, "link": "https://www.sec.gov/Archives/edgar/data/712515/000071251515000053/0000712515-15-000053-index.htm", "finalLink": "https://www.sec.gov/Archives/edgar/data/712515/000071251515000033/ea3312015-q410kdoc.htm"}, {"date": "2015-03-31", "symbol": "EA", "fillingDate": "2015-05-21", "acceptedDate": "2015-05-21 16:46:28", "period": "FY", "revenue": 1185000000, "costOfRevenue": 234000000, "grossProfit": 951000000, "grossProfitRatio": 0.8025316455696202, "researchAndDevelopmentExpenses": 285000000, "generalAndAdministrativeExpenses": 99000000, "sellingAndMarketingExpenses": 165000000, "otherExpenses": 2000000.0, "operatingExpenses": 551000000, "costAndExpenses": 785000000, "interestExpense": 55000000, "depreciationAndAmortization": 55000000, "ebitda": 455000000, "ebitdaratio": 0.383966244726, "operatingIncome": 400000000, "operatingIncomeRatio": 0.337552742616, "totalOtherIncomeExpensesNet": -3000000.0, "incomeBeforeTax": 397000000, "incomeBeforeTaxRatio": 0.335021097046, "incomeTaxExpense": 2000000.0, "netIncome": 395000000, "netIncomeRatio": 0.333333333333, "eps": 1.27, "epsdiluted": 1.2, "weightedAverageShsOut": 311000000, "weightedAverageShsOutDil": 325000000, "link": "https://www.sec.gov/Archives/edgar/data/712515/000071251515000033/0000712515-15-000033-index.htm", "finalLink": "https://www.sec.gov/Archives/edgar/data/712515/000071251515000033/ea3312015-q410kdoc.htm"}, {"date": "2014-12-31", "symbol": "EA", "fillingDate": "2015-02-04", "acceptedDate": "2015-02-04 16:32:58", "period": "Q3", "revenue": 1126000000, "costOfRevenue": 401000000, "grossProfit": 725000000, "grossProfitRatio": 0.6438721136767318, "researchAndDevelopmentExpenses": 283000000, "generalAndAdministrativeExpenses": 107000000, "sellingAndMarketingExpenses": 169000000, "otherExpenses": 4000000.0, "operatingExpenses": 563000000, "costAndExpenses": 964000000, "interestExpense": -8000000.0, "depreciationAndAmortization": 53000000, "ebitda": 215000000, "ebitdaratio": 0.190941385435, "operatingIncome": 162000000, "operatingIncomeRatio": 0.143872113677, "totalOtherIncomeExpensesNet": -6000000.0, "incomeBeforeTax": 156000000, "incomeBeforeTaxRatio": 0.138543516874, "incomeTaxExpense": 14000000, "netIncome": 142000000, "netIncomeRatio": 0.126110124334, "eps": 0.46, "epsdiluted": 0.44, "weightedAverageShsOut": 312000000, "weightedAverageShsOutDil": 322000000, "link": "https://www.sec.gov/Archives/edgar/data/712515/000071251515000012/0000712515-15-000012-index.htm", "finalLink": "https://www.sec.gov/Archives/edgar/data/712515/000071251515000012/ea12312014-q3fy1510qdoc.htm"}, {"date": "2014-09-30", "symbol": "EA", "fillingDate": "2014-11-04", "acceptedDate": "2014-11-04 16:44:43", "period": "Q2", "revenue": 990000000, "costOfRevenue": 427000000, "grossProfit": 563000000, "grossProfitRatio": 0.5686868686868687, "researchAndDevelopmentExpenses": 261000000, "generalAndAdministrativeExpenses": 92000000, "sellingAndMarketingExpenses": 183000000, "otherExpenses": 3000000.0, "operatingExpenses": 539000000, "costAndExpenses": 966000000, "interestExpense": -8000000.0, "depreciationAndAmortization": 56000000, "ebitda": 80000000, "ebitdaratio": 0.0808080808081, "operatingIncome": 24000000, "operatingIncomeRatio": 0.0242424242424, "totalOtherIncomeExpensesNet": -6000000.0, "incomeBeforeTax": 18000000, "incomeBeforeTaxRatio": 0.0181818181818, "incomeTaxExpense": 15000000, "netIncome": 3000000.0, "netIncomeRatio": 0.0030303030303, "eps": 0.01, "epsdiluted": 0.01, "weightedAverageShsOut": 312000000, "weightedAverageShsOutDil": 322000000, "link": "https://www.sec.gov/Archives/edgar/data/712515/000071251514000063/0000712515-14-000063-index.htm", "finalLink": "https://www.sec.gov/Archives/edgar/data/712515/000071251514000063/ea9302014-q2fy1510qdoc.htm"}, {"date": "2014-06-30", "symbol": "EA", "fillingDate": "2014-08-05", "acceptedDate": "2014-08-05 16:33:24", "period": "Q1", "revenue": 1214000000, "costOfRevenue": 367000000, "grossProfit": 847000000, "grossProfitRatio": 0.6976935749588138, "researchAndDevelopmentExpenses": 265000000, "generalAndAdministrativeExpenses": 88000000, "sellingAndMarketingExpenses": 130000000, "otherExpenses": 2000000.0, "operatingExpenses": 485000000, "costAndExpenses": 852000000, "interestExpense": -8000000.0, "depreciationAndAmortization": 56000000, "ebitda": 418000000, "ebitdaratio": 0.34431630972, "operatingIncome": 362000000, "operatingIncomeRatio": 0.298187808896, "totalOtherIncomeExpensesNet": -8000000.0, "incomeBeforeTax": 354000000, "incomeBeforeTaxRatio": 0.2915980230642504, "incomeTaxExpense": 19000000, "netIncome": 335000000, "netIncomeRatio": 0.275947281713, "eps": 1.07, "epsdiluted": 1.04, "weightedAverageShsOut": 313000000, "weightedAverageShsOutDil": 322000000, "link": "https://www.sec.gov/Archives/edgar/data/712515/000071251514000039/0000712515-14-000039-index.htm", "finalLink": "https://www.sec.gov/Archives/edgar/data/712515/000071251514000024/ea3312014-q410kdoc.htm"}, {"date": "2014-03-31", "symbol": "EA", "fillingDate": "2014-05-21", "acceptedDate": "2014-05-21 16:38:47", "period": "FY", "revenue": 1123000000, "costOfRevenue": 223000000, "grossProfit": 900000000, "grossProfitRatio": 0.8014247551202137, "researchAndDevelopmentExpenses": 289000000, "generalAndAdministrativeExpenses": 105000000, "sellingAndMarketingExpenses": 155000000, "otherExpenses": -7000000.0, "operatingExpenses": 549000000, "costAndExpenses": 772000000, "interestExpense": 7000000.0, "depreciationAndAmortization": 57000000, "ebitda": 401000000, "ebitdaratio": 0.357079252004, "operatingIncome": 344000000, "operatingIncomeRatio": 0.306322350846, "totalOtherIncomeExpensesNet": -7000000.0, "incomeBeforeTax": 184000000, "incomeBeforeTaxRatio": 0.163846838825, "incomeTaxExpense": -30000000, "netIncome": 367000000, "netIncomeRatio": 0.326803205699, "eps": 1.2, "epsdiluted": 1.2, "weightedAverageShsOut": 308000000, "weightedAverageShsOutDil": 316000000, "link": "https://www.sec.gov/Archives/edgar/data/712515/000071251514000024/0000712515-14-000024-index.htm", "finalLink": "https://www.sec.gov/Archives/edgar/data/712515/000071251514000024/ea3312014-q410kdoc.htm"}, {"date": "2013-12-31", "symbol": "EA", "fillingDate": "2014-02-04", "acceptedDate": "2014-02-04 16:48:25", "period": "Q3", "revenue": 808000000, "costOfRevenue": 517000000, "grossProfit": 291000000, "grossProfitRatio": 0.36014851485148514, "researchAndDevelopmentExpenses": 275000000, "generalAndAdministrativeExpenses": 91000000, "sellingAndMarketingExpenses": 214000000, "otherExpenses": -6000000.0, "operatingExpenses": 580000000, "costAndExpenses": 1097000000, "interestExpense": 8000000.0, "depreciationAndAmortization": 58000000, "ebitda": -240000000, "ebitdaratio": -0.297029702970297, "operatingIncome": -298000000, "operatingIncomeRatio": -0.3688118811881188, "totalOtherIncomeExpensesNet": -6000000.0, "incomeBeforeTax": -298000000, "incomeBeforeTaxRatio": -0.3688118811881188, "incomeTaxExpense": 10000000, "netIncome": -308000000, "netIncomeRatio": -0.3811881188118812, "eps": -1.0, "epsdiluted": -1.0, "weightedAverageShsOut": 307000000, "weightedAverageShsOutDil": 316000000, "link": "https://www.sec.gov/Archives/edgar/data/712515/000071251514000009/0000712515-14-000009-index.htm", "finalLink": "https://www.sec.gov/Archives/edgar/data/712515/000071251514000009/ea12312013-q3fy1410qdoc.htm"}, {"date": "2013-09-30", "symbol": "EA", "fillingDate": "2013-11-05", "acceptedDate": "2013-11-05 16:36:58", "period": "Q2", "revenue": 695000000, "costOfRevenue": 413000000, "grossProfit": 282000000, "grossProfitRatio": 0.40575539568345326, "researchAndDevelopmentExpenses": 283000000, "generalAndAdministrativeExpenses": 129000000, "sellingAndMarketingExpenses": 164000000, "otherExpenses": -25000000, "operatingExpenses": 564000000, "costAndExpenses": 977000000, "interestExpense": 8000000.0, "depreciationAndAmortization": 56000000, "ebitda": -209000000, "ebitdaratio": -0.30071942446043165, "operatingIncome": -265000000, "operatingIncomeRatio": -0.381294964028777, "totalOtherIncomeExpensesNet": -8000000.0, "incomeBeforeTax": -260000000, "incomeBeforeTaxRatio": -0.37410071942446044, "incomeTaxExpense": 13000000, "netIncome": -273000000, "netIncomeRatio": -0.39280575539568346, "eps": -0.9, "epsdiluted": -0.88, "weightedAverageShsOut": 306000000, "weightedAverageShsOutDil": 316000000, "link": "https://www.sec.gov/Archives/edgar/data/712515/000071251513000042/0000712515-13-000042-index.htm", "finalLink": "https://www.sec.gov/Archives/edgar/data/712515/000071251513000042/ea09302013-q2fy1410qdoc.htm"}, {"date": "2013-06-30", "symbol": "EA", "fillingDate": "2013-08-02", "acceptedDate": "2013-08-02 16:30:41", "period": "Q1", "revenue": 949000000, "costOfRevenue": 194000000, "grossProfit": 755000000, "grossProfitRatio": 0.7955742887249737, "researchAndDevelopmentExpenses": 278000000, "generalAndAdministrativeExpenses": 85000000, "sellingAndMarketingExpenses": 147000000, "otherExpenses": 12000000, "operatingExpenses": 522000000, "costAndExpenses": 716000000, "interestExpense": 7000000.0, "depreciationAndAmortization": 56000000, "ebitda": 289000000, "ebitdaratio": 0.304531085353, "operatingIncome": 233000000, "operatingIncomeRatio": 0.245521601686, "totalOtherIncomeExpensesNet": -5000000.0, "incomeBeforeTax": 228000000, "incomeBeforeTaxRatio": 0.240252897787, "incomeTaxExpense": 6000000.0, "netIncome": 222000000, "netIncomeRatio": 0.233930453109, "eps": 0.73, "epsdiluted": 0.71, "weightedAverageShsOut": 304000000, "weightedAverageShsOutDil": 312000000, "link": "https://www.sec.gov/Archives/edgar/data/712515/000071251513000037/0000712515-13-000037-index.htm", "finalLink": "https://www.sec.gov/Archives/edgar/data/712515/000071251513000022/ea20130331-10kdoc.htm"}, {"date": "2013-03-31", "symbol": "EA", "fillingDate": "2013-05-22", "acceptedDate": "2013-05-22 16:21:53", "period": "FY", "revenue": 1209000000, "costOfRevenue": 309000000, "grossProfit": 900000000, "grossProfitRatio": 0.7444168734491315, "researchAndDevelopmentExpenses": 263000000, "generalAndAdministrativeExpenses": 101000000, "sellingAndMarketingExpenses": 217000000, "otherExpenses": -4000000.0, "operatingExpenses": 581000000, "costAndExpenses": 890000000, "interestExpense": 8000000.0, "depreciationAndAmortization": 86000000, "ebitda": 395000000, "ebitdaratio": 0.326716294458, "operatingIncome": 309000000, "operatingIncomeRatio": 0.255583126551, "totalOtherIncomeExpensesNet": -4000000.0, "incomeBeforeTax": 330000000, "incomeBeforeTaxRatio": 0.272952853598, "incomeTaxExpense": 7000000.0, "netIncome": 323000000, "netIncomeRatio": 0.267162944582, "eps": 1.04, "epsdiluted": 1.03, "weightedAverageShsOut": 310000000, "weightedAverageShsOutDil": 313000000, "link": "https://www.sec.gov/Archives/edgar/data/712515/000071251513000022/0000712515-13-000022-index.htm", "finalLink": "https://www.sec.gov/Archives/edgar/data/712515/000071251513000022/ea20130331-10kdoc.htm"}, {"date": "2012-12-31", "symbol": "EA", "fillingDate": "2013-02-05", "acceptedDate": "2013-02-05 16:14:36", "period": "Q3", "revenue": 922000000, "costOfRevenue": 429000000, "grossProfit": 493000000, "grossProfitRatio": 0.53470715835141, "researchAndDevelopmentExpenses": 286000000, "generalAndAdministrativeExpenses": 68000000, "sellingAndMarketingExpenses": 214000000, "otherExpenses": -36000000, "operatingExpenses": 549000000, "costAndExpenses": 978000000, "interestExpense": 21000000, "depreciationAndAmortization": 66000000, "ebitda": 27000000, "ebitdaratio": 0.029284164859, "operatingIncome": -33000000, "operatingIncomeRatio": -0.03579175704989154, "totalOtherIncomeExpensesNet": -17000000, "incomeBeforeTax": -33000000, "incomeBeforeTaxRatio": -0.03579175704989154, "incomeTaxExpense": 12000000, "netIncome": -45000000, "netIncomeRatio": -0.04880694143167028, "eps": -0.15, "epsdiluted": -0.15, "weightedAverageShsOut": 313000000, "weightedAverageShsOutDil": 313000000, "link": "https://www.sec.gov/Archives/edgar/data/712515/000071251513000007/0000712515-13-000007-index.htm", "finalLink": "https://www.sec.gov/Archives/edgar/data/712515/000071251513000007/ea12312012-10qdoc.htm"}, {"date": "2012-09-30", "symbol": "EA", "fillingDate": "2012-11-06", "acceptedDate": "2012-11-06 17:05:23", "period": "Q2", "revenue": 711000000, "costOfRevenue": 445000000, "grossProfit": 266000000, "grossProfitRatio": 0.37412095639943743, "researchAndDevelopmentExpenses": 314000000, "generalAndAdministrativeExpenses": 99000000, "sellingAndMarketingExpenses": 212000000, "otherExpenses": 5000000.0, "operatingExpenses": 630000000, "costAndExpenses": 1075000000, "interestExpense": 0.0, "depreciationAndAmortization": 56000000, "ebitda": -317000000, "ebitdaratio": -0.44585091420534456, "operatingIncome": -373000000, "operatingIncomeRatio": -0.5246132208157525, "totalOtherIncomeExpensesNet": 5000000.0, "incomeBeforeTax": -368000000, "incomeBeforeTaxRatio": -0.5175808720112518, "incomeTaxExpense": 13000000, "netIncome": -381000000, "netIncomeRatio": -0.5358649789029536, "eps": -1.2, "epsdiluted": -1.2, "weightedAverageShsOut": 317000000, "weightedAverageShsOutDil": 313000000, "link": "https://www.sec.gov/Archives/edgar/data/712515/000071251512000010/0000712515-12-000010-index.htm", "finalLink": "https://www.sec.gov/Archives/edgar/data/712515/000071251512000010/ea09302012-10qdoc.htm"}, {"date": "2012-06-30", "symbol": "EA", "fillingDate": "2012-08-03", "acceptedDate": "2012-08-03 17:23:14", "period": "Q1", "revenue": 955000000, "costOfRevenue": 205000000, "grossProfit": 750000000, "grossProfitRatio": 0.7853403141361257, "researchAndDevelopmentExpenses": 290000000, "generalAndAdministrativeExpenses": 86000000, "sellingAndMarketingExpenses": 145000000, "otherExpenses": 14000000, "operatingExpenses": 535000000, "costAndExpenses": 740000000, "interestExpense": 0.0, "depreciationAndAmortization": 56000000, "ebitda": 271000000, "ebitdaratio": 0.283769633508, "operatingIncome": 215000000, "operatingIncomeRatio": 0.225130890052, "totalOtherIncomeExpensesNet": -5000000.0, "incomeBeforeTax": 210000000, "incomeBeforeTaxRatio": 0.219895287958, "incomeTaxExpense": 9000000.0, "netIncome": 201000000, "netIncomeRatio": 0.210471204188, "eps": 0.63, "epsdiluted": 0.63, "weightedAverageShsOut": 317000000, "weightedAverageShsOutDil": 320000000, "link": "https://www.sec.gov/Archives/edgar/data/712515/000071251512000004/0000712515-12-000004-index.htm", "finalLink": "https://www.sec.gov/Archives/edgar/data/712515/000119312512249324/d318259d10k.htm"}, {"date": "2012-03-31", "symbol": "EA", "fillingDate": "2012-05-25", "acceptedDate": "2012-05-25 16:34:45", "period": "FY", "revenue": 1368000000, "costOfRevenue": 374000000, "grossProfit": 994000000, "grossProfitRatio": 0.7266081871345029, "researchAndDevelopmentExpenses": 284000000, "generalAndAdministrativeExpenses": 115000000, "sellingAndMarketingExpenses": 222000000, "otherExpenses": 8000000.0, "operatingExpenses": 629000000, "costAndExpenses": 1003000000, "interestExpense": 20000000, "depreciationAndAmortization": 68000000, "ebitda": 433000000, "ebitdaratio": 0.316520467836, "operatingIncome": 365000000, "operatingIncomeRatio": 0.266812865497, "totalOtherIncomeExpensesNet": -4000000.0, "incomeBeforeTax": 361000000, "incomeBeforeTaxRatio": 0.263888888889, "incomeTaxExpense": 19000000, "netIncome": 400000000, "netIncomeRatio": 0.292397660819, "eps": 1.21, "epsdiluted": 1.21, "weightedAverageShsOut": 331000000, "weightedAverageShsOutDil": 336000000, "link": "https://www.sec.gov/Archives/edgar/data/712515/000119312512249324/0001193125-12-249324-index.htm", "finalLink": "https://www.sec.gov/Archives/edgar/data/712515/000119312512249324/d318259d10k.htm"}, {"date": "2011-12-31", "symbol": "EA", "fillingDate": "2012-02-07", "acceptedDate": "2012-02-06 18:30:27", "period": "Q3", "revenue": 1061000000, "costOfRevenue": 552000000, "grossProfit": 509000000, "grossProfitRatio": 0.47973609802073514, "researchAndDevelopmentExpenses": 325000000, "generalAndAdministrativeExpenses": 98000000, "sellingAndMarketingExpenses": 269000000, "otherExpenses": 0.0, "operatingExpenses": 692000000, "costAndExpenses": 1244000000, "interestExpense": 0.0, "depreciationAndAmortization": 54000000, "ebitda": -139000000, "ebitdaratio": -0.13100848256361922, "operatingIncome": -193000000, "operatingIncomeRatio": -0.18190386427898209, "totalOtherIncomeExpensesNet": -10000000, "incomeBeforeTax": -193000000, "incomeBeforeTaxRatio": -0.18190386427898209, "incomeTaxExpense": 12000000, "netIncome": -205000000, "netIncomeRatio": -0.19321394910461828, "eps": -0.62, "epsdiluted": -0.62, "weightedAverageShsOut": 331000000, "weightedAverageShsOutDil": 336000000, "link": "https://www.sec.gov/Archives/edgar/data/712515/000119312512041653/0001193125-12-041653-index.htm", "finalLink": "https://www.sec.gov/Archives/edgar/data/712515/000119312512041653/d291203d10q.htm"}, {"date": "2011-09-30", "symbol": "EA", "fillingDate": "2011-11-08", "acceptedDate": "2011-11-08 16:43:19", "period": "Q2", "revenue": 715000000, "costOfRevenue": 432000000, "grossProfit": 283000000, "grossProfitRatio": 0.3958041958041958, "researchAndDevelopmentExpenses": 318000000, "generalAndAdministrativeExpenses": 88000000, "sellingAndMarketingExpenses": 222000000, "otherExpenses": 29000000, "operatingExpenses": 657000000, "costAndExpenses": 1089000000, "interestExpense": 0.0, "depreciationAndAmortization": 51000000, "ebitda": -326000000, "ebitdaratio": -0.45594405594405596, "operatingIncome": -377000000, "operatingIncomeRatio": -0.5272727272727272, "totalOtherIncomeExpensesNet": -6000000.0, "incomeBeforeTax": -380000000, "incomeBeforeTaxRatio": -0.5314685314685315, "incomeTaxExpense": -9000000.0, "netIncome": -340000000, "netIncomeRatio": -0.4755244755244755, "eps": -1.03, "epsdiluted": -1.02, "weightedAverageShsOut": 331000000, "weightedAverageShsOutDil": 336000000, "link": "https://www.sec.gov/Archives/edgar/data/712515/000119312511302274/0001193125-11-302274-index.htm", "finalLink": "https://www.sec.gov/Archives/edgar/data/712515/000119312511302274/d249014d10q.htm"}, {"date": "2011-06-30", "symbol": "EA", "fillingDate": "2011-08-09", "acceptedDate": "2011-08-09 16:21:25", "period": "Q1", "revenue": 999000000, "costOfRevenue": 240000000, "grossProfit": 759000000, "grossProfitRatio": 0.7597597597597597, "researchAndDevelopmentExpenses": 285000000, "generalAndAdministrativeExpenses": 74000000, "sellingAndMarketingExpenses": 140000000, "otherExpenses": 33000000, "operatingExpenses": 532000000, "costAndExpenses": 772000000, "interestExpense": 0.0, "depreciationAndAmortization": 43000000, "ebitda": 270000000, "ebitdaratio": 0.27027027027, "operatingIncome": 227000000, "operatingIncomeRatio": 0.227227227227, "totalOtherIncomeExpensesNet": 3000000.0, "incomeBeforeTax": 230000000, "incomeBeforeTaxRatio": 0.23023023023, "incomeTaxExpense": 9000000.0, "netIncome": 221000000, "netIncomeRatio": 0.221221221221, "eps": 0.67, "epsdiluted": 0.66, "weightedAverageShsOut": 331000000, "weightedAverageShsOutDil": 337000000, "link": "https://www.sec.gov/Archives/edgar/data/712515/000119312511216530/0001193125-11-216530-index.htm", "finalLink": "https://www.sec.gov/Archives/edgar/data/712515/000119312511149262/d10k.htm"}, {"date": "2011-03-31", "symbol": "EA", "fillingDate": "2011-05-24", "acceptedDate": "2011-05-24 16:56:02", "period": "FY", "revenue": 1090000000, "costOfRevenue": 328000000, "grossProfit": 762000000, "grossProfitRatio": 0.6990825688073394, "researchAndDevelopmentExpenses": 328000000, "generalAndAdministrativeExpenses": 75000000, "sellingAndMarketingExpenses": 194000000, "otherExpenses": 20000000, "operatingExpenses": 617000000, "costAndExpenses": 945000000, "interestExpense": 0.0, "depreciationAndAmortization": 42000000, "ebitda": 187000000, "ebitdaratio": 0.171559633028, "operatingIncome": 145000000, "operatingIncomeRatio": 0.133027522936, "totalOtherIncomeExpensesNet": 4000000.0, "incomeBeforeTax": 149000000, "incomeBeforeTaxRatio": 0.136697247706, "incomeTaxExpense": -2000000.0, "netIncome": 151000000, "netIncomeRatio": 0.138532110092, "eps": 0.45, "epsdiluted": 0.45, "weightedAverageShsOut": 331000000, "weightedAverageShsOutDil": 337000000, "link": "https://www.sec.gov/Archives/edgar/data/712515/000119312511149262/0001193125-11-149262-index.htm", "finalLink": "https://www.sec.gov/Archives/edgar/data/712515/000119312511149262/d10k.htm"}, {"date": "2010-12-31", "symbol": "EA", "fillingDate": "2011-02-07", "acceptedDate": "2011-02-07 17:25:41", "period": "Q3", "revenue": 1053000000, "costOfRevenue": 586000000, "grossProfit": 467000000, "grossProfitRatio": 0.44349477682811017, "researchAndDevelopmentExpenses": 273000000, "generalAndAdministrativeExpenses": 75000000, "sellingAndMarketingExpenses": 253000000, "otherExpenses": 169000000, "operatingExpenses": 770000000, "costAndExpenses": 1356000000, "interestExpense": 0.0, "depreciationAndAmortization": 44000000, "ebitda": -259000000, "ebitdaratio": -0.2459639126305793, "operatingIncome": -303000000, "operatingIncomeRatio": -0.28774928774928776, "totalOtherIncomeExpensesNet": 0.0, "incomeBeforeTax": -303000000, "incomeBeforeTaxRatio": -0.28774928774928776, "incomeTaxExpense": 19000000, "netIncome": -322000000, "netIncomeRatio": -0.3057929724596391, "eps": -0.97, "epsdiluted": -0.97, "weightedAverageShsOut": 331000000, "weightedAverageShsOutDil": 337000000, "link": "https://www.sec.gov/Archives/edgar/data/712515/000119312511025954/0001193125-11-025954-index.htm", "finalLink": "https://www.sec.gov/Archives/edgar/data/712515/000119312511025954/d10q.htm"}, {"date": "2010-09-30", "symbol": "EA", "fillingDate": "2010-11-08", "acceptedDate": "2010-11-08 16:37:26", "period": "Q2", "revenue": 631000000, "costOfRevenue": 363000000, "grossProfit": 268000000, "grossProfitRatio": 0.4247226624405705, "researchAndDevelopmentExpenses": 277000000, "generalAndAdministrativeExpenses": 77000000, "sellingAndMarketingExpenses": 173000000, "otherExpenses": -7000000.0, "operatingExpenses": 520000000, "costAndExpenses": 883000000, "interestExpense": 0.0, "depreciationAndAmortization": 46000000, "ebitda": -177000000, "ebitdaratio": -0.2805071315372425, "operatingIncome": -223000000, "operatingIncomeRatio": -0.35340729001584786, "totalOtherIncomeExpensesNet": 6000000.0, "incomeBeforeTax": -218000000, "incomeBeforeTaxRatio": -0.34548335974643424, "incomeTaxExpense": -17000000, "netIncome": -201000000, "netIncomeRatio": -0.3185419968304279, "eps": -0.61, "epsdiluted": -0.61, "weightedAverageShsOut": 331000000, "weightedAverageShsOutDil": 337000000, "link": "https://www.sec.gov/Archives/edgar/data/712515/000119312510252171/0001193125-10-252171-index.htm", "finalLink": "https://www.sec.gov/Archives/edgar/data/712515/000119312510252171/d10q.htm"}, {"date": "2010-06-30", "symbol": "EA", "fillingDate": "2010-08-09", "acceptedDate": "2010-08-09 16:37:26", "period": "Q1", "revenue": 815000000, "costOfRevenue": 222000000, "grossProfit": 593000000, "grossProfitRatio": 0.7276073619631902, "researchAndDevelopmentExpenses": 275000000, "generalAndAdministrativeExpenses": 74000000, "sellingAndMarketingExpenses": 127000000, "otherExpenses": 19000000, "operatingExpenses": 495000000, "costAndExpenses": 717000000, "interestExpense": 0.0, "depreciationAndAmortization": 48000000, "ebitda": 146000000, "ebitdaratio": 0.179141104294, "operatingIncome": 98000000, "operatingIncomeRatio": 0.120245398773, "totalOtherIncomeExpensesNet": 0.0, "incomeBeforeTax": 93000000, "incomeBeforeTaxRatio": 0.114110429448, "incomeTaxExpense": -3000000.0, "netIncome": 96000000, "netIncomeRatio": 0.117791411043, "eps": 0.29, "epsdiluted": 0.29, "weightedAverageShsOut": 328000000, "weightedAverageShsOutDil": 332000000, "link": "https://www.sec.gov/Archives/edgar/data/712515/000119312510183448/0001193125-10-183448-index.htm", "finalLink": "https://www.sec.gov/Archives/edgar/data/712515/000095013010001579/d10k.htm"}, {"date": "2010-03-31", "symbol": "EA", "fillingDate": "2010-05-28", "acceptedDate": "2010-05-28 17:17:38", "period": "FY", "revenue": 1998700000, "costOfRevenue": 1439100000, "grossProfit": 559600000, "grossProfitRatio": 0.27998198829239007, "researchAndDevelopmentExpenses": 1229000000, "generalAndAdministrativeExpenses": 247400000, "sellingAndMarketingExpenses": 730000000, "otherExpenses": 37000000, "operatingExpenses": 1969400000, "costAndExpenses": 2759400000, "interestExpense": -29900000, "depreciationAndAmortization": 114600000, "ebitda": 194600000, "ebitdaratio": 0.19877425944841676, "operatingIncome": 80000000, "operatingIncomeRatio": 0.08171603677221655, "totalOtherIncomeExpensesNet": -2000000.0, "incomeBeforeTax": 80000000, "incomeBeforeTaxRatio": 0.08171603677221655, "incomeTaxExpense": 50000000, "netIncome": 30000000, "netIncomeRatio": 0.030643513789581207, "eps": -3.22, "epsdiluted": -3.2, "weightedAverageShsOut": 328000000, "weightedAverageShsOutDil": 332000000, "link": "https://www.sec.gov/Archives/edgar/data/712515/000095013010001579/0000950130-10-001579-index.htm", "finalLink": "https://www.sec.gov/Archives/edgar/data/712515/000095013010001579/d10k.htm"}, {"date": "2009-12-31", "symbol": "EA", "fillingDate": "2010-02-09", "acceptedDate": "2010-02-09 16:18:52", "period": "Q3", "revenue": 1243000000, "costOfRevenue": 654000000, "grossProfit": 589000000, "grossProfitRatio": 0.47385358004827033, "researchAndDevelopmentExpenses": 290000000, "generalAndAdministrativeExpenses": 84000000, "sellingAndMarketingExpenses": 208000000, "otherExpenses": 114000000, "operatingExpenses": 696000000, "costAndExpenses": 1350000000, "interestExpense": -8000000.0, "depreciationAndAmortization": 48000000, "ebitda": -62000000, "ebitdaratio": -0.0498793242156074, "operatingIncome": -110000000, "operatingIncomeRatio": -0.08849557522123894, "totalOtherIncomeExpensesNet": -2000000.0, "incomeBeforeTax": -110000000, "incomeBeforeTaxRatio": -0.08849557522123894, "incomeTaxExpense": -79000000, "netIncome": -82000000, "netIncomeRatio": -0.06596942880128721, "eps": -2.18, "epsdiluted": -2.18, "weightedAverageShsOut": 328000000, "weightedAverageShsOutDil": 332000000, "link": "https://www.sec.gov/Archives/edgar/data/712515/000119312510025856/0001193125-10-025856-index.htm", "finalLink": "https://www.sec.gov/Archives/edgar/data/712515/000119312510025856/d10q.htm"}, {"date": "2009-09-30", "symbol": "EA", "fillingDate": "2009-11-10", "acceptedDate": "2009-11-10 16:49:36", "period": "Q2", "revenue": 788000000, "costOfRevenue": 593000000, "grossProfit": 195000000, "grossProfitRatio": 0.24746192893401014, "researchAndDevelopmentExpenses": 316000000, "generalAndAdministrativeExpenses": 91000000, "sellingAndMarketingExpenses": 187000000, "otherExpenses": 18000000, "operatingExpenses": 612000000, "costAndExpenses": 1205000000, "interestExpense": 0.0, "depreciationAndAmortization": 46000000, "ebitda": -372000000, "ebitdaratio": -0.4720812182741117, "operatingIncome": -418000000, "operatingIncomeRatio": -0.5304568527918782, "totalOtherIncomeExpensesNet": 7000000.0, "incomeBeforeTax": -418000000, "incomeBeforeTaxRatio": -0.5304568527918782, "incomeTaxExpense": 24000000, "netIncome": -391000000, "netIncomeRatio": -0.49619289340101524, "eps": -1.93, "epsdiluted": -1.93, "weightedAverageShsOut": 328000000, "weightedAverageShsOutDil": 332000000, "link": "https://www.sec.gov/Archives/edgar/data/712515/000119312509230789/0001193125-09-230789-index.htm", "finalLink": "https://www.sec.gov/Archives/edgar/data/712515/000119312509230789/d10q.htm"}, {"date": "2009-06-30", "symbol": "EA", "fillingDate": "2009-08-10", "acceptedDate": "2009-08-10 16:51:38", "period": "Q1", "revenue": 644000000, "costOfRevenue": 321000000, "grossProfit": 323000000, "grossProfitRatio": 0.5015527950310559, "researchAndDevelopmentExpenses": 312000000, "generalAndAdministrativeExpenses": 66000000, "sellingAndMarketingExpenses": 164000000, "otherExpenses": 26000000, "operatingExpenses": 568000000, "costAndExpenses": 889000000, "interestExpense": 0.0, "depreciationAndAmortization": 48000000, "ebitda": -210000000, "ebitdaratio": -0.32608695652173914, "operatingIncome": -258000000, "operatingIncomeRatio": -0.40062111801242234, "totalOtherIncomeExpensesNet": 3000000.0, "incomeBeforeTax": -258000000, "incomeBeforeTaxRatio": -0.40062111801242234, "incomeTaxExpense": -24000000, "netIncome": -234000000, "netIncomeRatio": -0.36335403726708076, "eps": -0.72, "epsdiluted": -0.72, "weightedAverageShsOut": 328000000, "weightedAverageShsOutDil": 332000000, "link": "https://www.sec.gov/Archives/edgar/data/712515/000119312509170759/0001193125-09-170759-index.htm", "finalLink": "https://www.sec.gov/Archives/edgar/data/712515/000119312509116895/d10k.htm"}, {"date": "2009-03-31", "symbol": "EA", "fillingDate": "2009-05-22", "acceptedDate": "2009-05-21 20:58:42", "period": "FY", "revenue": 860000000, "costOfRevenue": 349000000, "grossProfit": 511000000, "grossProfitRatio": 0.5941860465116279, "researchAndDevelopmentExpenses": 332000000, "generalAndAdministrativeExpenses": 74000000, "sellingAndMarketingExpenses": 116000000, "otherExpenses": 51000000, "operatingExpenses": 573000000, "costAndExpenses": 922000000, "interestExpense": 0.0, "depreciationAndAmortization": 46000000, "ebitda": -16000000, "ebitdaratio": -0.018604651162790697, "operatingIncome": -62000000, "operatingIncomeRatio": -0.07209302325581396, "totalOtherIncomeExpensesNet": -2000000.0, "incomeBeforeTax": -59000000, "incomeBeforeTaxRatio": -0.0686046511627907, "incomeTaxExpense": -17000000, "netIncome": -42000000, "netIncomeRatio": -0.04883720930232558, "eps": -3.4, "epsdiluted": -3.4, "weightedAverageShsOut": 320000000, "weightedAverageShsOutDil": 320000000, "link": "https://www.sec.gov/Archives/edgar/data/712515/000119312509116895/0001193125-09-116895-index.htm", "finalLink": "https://www.sec.gov/Archives/edgar/data/712515/000119312509116895/d10k.htm"}, {"date": "2008-12-31", "symbol": "EA", "fillingDate": "2009-02-04", "acceptedDate": "2009-02-04 17:13:26", "period": "Q3", "revenue": 1654000000, "costOfRevenue": 925000000, "grossProfit": 729000000, "grossProfitRatio": 0.4407496977025393, "researchAndDevelopmentExpenses": 298000000, "generalAndAdministrativeExpenses": 82000000, "sellingAndMarketingExpenses": 250000000, "otherExpenses": 403000000, "operatingExpenses": 1033000000, "costAndExpenses": 1958000000, "interestExpense": 0.0, "depreciationAndAmortization": 48000000, "ebitda": -239000000, "ebitdaratio": -0.1444981862152358, "operatingIncome": -287000000, "operatingIncomeRatio": -0.1735187424425635, "totalOtherIncomeExpensesNet": 13000000, "incomeBeforeTax": -318000000, "incomeBeforeTaxRatio": -0.19226118500604594, "incomeTaxExpense": 250000000, "netIncome": -641000000, "netIncomeRatio": -0.3875453446191052, "eps": -3.28, "epsdiluted": -3.28, "weightedAverageShsOut": 319000000, "weightedAverageShsOutDil": 319000000, "link": "https://www.sec.gov/Archives/edgar/data/712515/000119312509018921/0001193125-09-018921-index.htm", "finalLink": "https://www.sec.gov/Archives/edgar/data/712515/000119312509018921/d10q.htm"}, {"date": "2008-09-30", "symbol": "EA", "fillingDate": "2008-11-06", "acceptedDate": "2008-11-06 14:35:01", "period": "Q2", "revenue": 894000000, "costOfRevenue": 557000000, "grossProfit": 337000000, "grossProfitRatio": 0.3769574944071588, "researchAndDevelopmentExpenses": 373000000, "generalAndAdministrativeExpenses": 92000000, "sellingAndMarketingExpenses": 197000000, "otherExpenses": 39000000, "operatingExpenses": 701000000, "costAndExpenses": 1258000000, "interestExpense": 0.0, "depreciationAndAmortization": 54000000, "ebitda": -336000000, "ebitdaratio": -0.37583892617449666, "operatingIncome": -390000000, "operatingIncomeRatio": -0.436241610738255, "totalOtherIncomeExpensesNet": 8000000.0, "incomeBeforeTax": -390000000, "incomeBeforeTaxRatio": -0.436241610738255, "incomeTaxExpense": -7000000.0, "netIncome": -310000000, "netIncomeRatio": -0.34675615212527966, "eps": -1.27, "epsdiluted": -1.27, "weightedAverageShsOut": 319000000, "weightedAverageShsOutDil": 319000000, "link": "https://www.sec.gov/Archives/edgar/data/712515/000095013408019651/0000950134-08-019651-index.htm", "finalLink": "https://www.sec.gov/Archives/edgar/data/712515/000095013408019651/f50297e10vq.htm"}, {"date": "2008-06-30", "symbol": "EA", "fillingDate": "2008-08-04", "acceptedDate": "2008-08-04 17:16:19", "period": "Q1", "revenue": 804000000, "costOfRevenue": 296000000, "grossProfit": 508000000, "grossProfitRatio": 0.6318407960199005, "researchAndDevelopmentExpenses": 356000000, "generalAndAdministrativeExpenses": 84000000, "sellingAndMarketingExpenses": 128000000, "otherExpenses": 37000000, "operatingExpenses": 605000000, "costAndExpenses": 901000000, "interestExpense": 0.0, "depreciationAndAmortization": 50000000, "ebitda": -38000000, "ebitdaratio": -0.0472636815920398, "operatingIncome": -88000000, "operatingIncomeRatio": -0.10945273631840796, "totalOtherIncomeExpensesNet": 15000000, "incomeBeforeTax": -88000000, "incomeBeforeTaxRatio": -0.10945273631840796, "incomeTaxExpense": 7000000.0, "netIncome": -95000000, "netIncomeRatio": -0.1181592039800995, "eps": -0.3, "epsdiluted": -0.3, "weightedAverageShsOut": 318000000, "weightedAverageShsOutDil": 318000000, "link": "https://www.sec.gov/Archives/edgar/data/712515/000095013408013991/0000950134-08-013991-index.htm", "finalLink": "https://www.sec.gov/Archives/edgar/data/712515/000089161808000290/f40957e10vk.htm"}, {"date": "2008-03-31", "symbol": "EA", "fillingDate": "2008-05-23", "acceptedDate": "2008-05-23 17:27:24", "period": "FY", "revenue": 1128000000, "costOfRevenue": 463000000, "grossProfit": 665000000, "grossProfitRatio": 0.5895390070921985, "researchAndDevelopmentExpenses": 316000000, "generalAndAdministrativeExpenses": 89000000, "sellingAndMarketingExpenses": 129000000, "otherExpenses": 169000000, "operatingExpenses": 703000000, "costAndExpenses": 1166000000, "interestExpense": 0.0, "depreciationAndAmortization": 49000000, "ebitda": 11000000, "ebitdaratio": 0.00975177304964539, "operatingIncome": -38000000, "operatingIncomeRatio": -0.03368794326241135, "totalOtherIncomeExpensesNet": 20000000, "incomeBeforeTax": -136000000, "incomeBeforeTaxRatio": -0.12056737588652482, "incomeTaxExpense": -43000000, "netIncome": -93000000, "netIncomeRatio": -0.08244680851063829, "eps": -1.45, "epsdiluted": -1.45, "weightedAverageShsOut": 314000000, "weightedAverageShsOutDil": 314000000, "link": "https://www.sec.gov/Archives/edgar/data/712515/000089161808000290/0000891618-08-000290-index.htm", "finalLink": "https://www.sec.gov/Archives/edgar/data/712515/000089161808000290/f40957e10vk.htm"}, {"date": "2007-12-31", "symbol": "EA", "fillingDate": "2008-02-05", "acceptedDate": "2008-02-04 18:38:12", "period": "Q3", "revenue": 1502000000, "costOfRevenue": 781000000, "grossProfit": 721000000, "grossProfitRatio": 0.4800266311584554, "researchAndDevelopmentExpenses": 321000000, "generalAndAdministrativeExpenses": 95000000, "sellingAndMarketingExpenses": 213000000, "otherExpenses": 85000000, "operatingExpenses": 714000000, "costAndExpenses": 1495000000, "interestExpense": 0.0, "depreciationAndAmortization": 42000000, "ebitda": 49000000, "ebitdaratio": 0.03262316910785619, "operatingIncome": 7000000.0, "operatingIncomeRatio": 0.004660452729693742, "totalOtherIncomeExpensesNet": 20000000, "incomeBeforeTax": 27000000, "incomeBeforeTaxRatio": 0.017976031957390146, "incomeTaxExpense": 60000000, "netIncome": -33000000, "netIncomeRatio": -0.021970705725699067, "eps": -1.15, "epsdiluted": -1.15, "weightedAverageShsOut": 313000000, "weightedAverageShsOutDil": 313000000, "link": "https://www.sec.gov/Archives/edgar/data/712515/000089161808000071/0000891618-08-000071-index.htm", "finalLink": "https://www.sec.gov/Archives/edgar/data/712515/000089161808000071/f37468e10vq.htm"}, {"date": "2007-09-30", "symbol": "EA", "fillingDate": "2007-11-06", "acceptedDate": "2007-11-06 16:41:08", "period": "Q2", "revenue": 640000000, "costOfRevenue": 395000000, "grossProfit": 245000000, "grossProfitRatio": 0.3828125, "researchAndDevelopmentExpenses": 258000000, "generalAndAdministrativeExpenses": 84000000, "sellingAndMarketingExpenses": 164000000, "otherExpenses": 12000000, "operatingExpenses": 518000000, "costAndExpenses": 913000000, "interestExpense": 0.0, "depreciationAndAmortization": 37000000, "ebitda": -263000000, "ebitdaratio": -0.4109375, "operatingIncome": -300000000, "operatingIncomeRatio": -0.46875, "totalOtherIncomeExpensesNet": 31000000, "incomeBeforeTax": -242000000, "incomeBeforeTaxRatio": -0.378125, "incomeTaxExpense": -70000000, "netIncome": -196000000, "netIncomeRatio": -0.30625, "eps": -1.05, "epsdiluted": -1.05, "weightedAverageShsOut": 312000000, "weightedAverageShsOutDil": 312000000, "link": "https://www.sec.gov/Archives/edgar/data/712515/000095013407023005/0000950134-07-023005-index.htm", "finalLink": "https://www.sec.gov/Archives/edgar/data/712515/000095013407023005/f35027e10vq.htm"}, {"date": "2007-06-30", "symbol": "EA", "fillingDate": "2007-08-06", "acceptedDate": "2007-08-06 16:47:12", "period": "Q1", "revenue": 395000000, "costOfRevenue": 166000000, "grossProfit": 229000000, "grossProfitRatio": 0.579746835443038, "researchAndDevelopmentExpenses": 250000000, "generalAndAdministrativeExpenses": 71000000, "sellingAndMarketingExpenses": 82000000, "otherExpenses": 9000000.0, "operatingExpenses": 412000000, "costAndExpenses": 578000000, "interestExpense": 0.0, "depreciationAndAmortization": 36000000, "ebitda": -120000000, "ebitdaratio": -0.3037974683544304, "operatingIncome": -156000000, "operatingIncomeRatio": -0.3949367088607595, "totalOtherIncomeExpensesNet": 27000000, "incomeBeforeTax": -156000000, "incomeBeforeTaxRatio": -0.3949367088607595, "incomeTaxExpense": 0.0, "netIncome": -132000000, "netIncomeRatio": -0.3341772151898734, "eps": -0.42, "epsdiluted": -0.42, "weightedAverageShsOut": 311000000, "weightedAverageShsOutDil": 311000000, "link": "https://www.sec.gov/Archives/edgar/data/712515/000095013407016995/0000950134-07-016995-index.htm", "finalLink": "https://www.sec.gov/Archives/edgar/data/712515/000095013407012528/f29286e10vk.htm"}, {"date": "2007-03-31", "symbol": "EA", "fillingDate": "2007-05-30", "acceptedDate": "2007-05-29 21:26:07", "period": "FY", "revenue": 613000000, "costOfRevenue": 235000000, "grossProfit": 378000000, "grossProfitRatio": 0.6166394779771615, "researchAndDevelopmentExpenses": 258000000, "generalAndAdministrativeExpenses": 66000000, "sellingAndMarketingExpenses": 116000000, "otherExpenses": 10000000, "operatingExpenses": 450000000, "costAndExpenses": 685000000, "interestExpense": 0.0, "depreciationAndAmortization": 37000000, "ebitda": -35000000, "ebitdaratio": -0.057096247960848286, "operatingIncome": -72000000, "operatingIncomeRatio": -0.11745513866231648, "totalOtherIncomeExpensesNet": 30000000, "incomeBeforeTax": -42000000, "incomeBeforeTaxRatio": -0.06851549755301795, "incomeTaxExpense": -17000000, "netIncome": -25000000, "netIncomeRatio": -0.040783034257748776, "eps": 0.25, "epsdiluted": 0.24, "weightedAverageShsOut": 308000000, "weightedAverageShsOutDil": 317000000, "link": "https://www.sec.gov/Archives/edgar/data/712515/000095013407012528/0000950134-07-012528-index.htm", "finalLink": "https://www.sec.gov/Archives/edgar/data/712515/000095013407012528/f29286e10vk.htm"}, {"date": "2006-12-31", "symbol": "EA", "fillingDate": "2007-02-06", "acceptedDate": "2007-02-06 14:48:23", "period": "Q3", "revenue": 1282000000, "costOfRevenue": 471000000, "grossProfit": 811000000, "grossProfitRatio": 0.6326053042121685, "researchAndDevelopmentExpenses": 329000000, "generalAndAdministrativeExpenses": 91000000, "sellingAndMarketingExpenses": 165000000, "otherExpenses": 10000000, "operatingExpenses": 595000000, "costAndExpenses": 1066000000, "interestExpense": 0.0, "depreciationAndAmortization": 38000000, "ebitda": 254000000, "ebitdaratio": 0.1981279251170047, "operatingIncome": 216000000, "operatingIncomeRatio": 0.1684867394695788, "totalOtherIncomeExpensesNet": 24000000, "incomeBeforeTax": 240000000, "incomeBeforeTaxRatio": 0.187207488299532, "incomeTaxExpense": 84000000, "netIncome": 160000000, "netIncomeRatio": 0.12480499219968799, "eps": 0.33, "epsdiluted": 0.32, "weightedAverageShsOut": 307000000, "weightedAverageShsOutDil": 316000000, "link": "https://www.sec.gov/Archives/edgar/data/712515/000095013407002137/0000950134-07-002137-index.htm", "finalLink": "https://www.sec.gov/Archives/edgar/data/712515/000095013407002137/f26691e10vq.htm"}, {"date": "2006-09-30", "symbol": "EA", "fillingDate": "2006-11-07", "acceptedDate": "2006-11-06 21:43:18", "period": "Q2", "revenue": 783000000, "costOfRevenue": 338000000, "grossProfit": 445000000, "grossProfitRatio": 0.5683269476372924, "researchAndDevelopmentExpenses": 238000000, "generalAndAdministrativeExpenses": 72000000, "sellingAndMarketingExpenses": 108000000, "otherExpenses": 13000000, "operatingExpenses": 431000000, "costAndExpenses": 769000000, "interestExpense": 0.0, "depreciationAndAmortization": 37000000, "ebitda": 30000000, "ebitdaratio": 0.038314176245210725, "operatingIncome": -7000000.0, "operatingIncomeRatio": -0.008939974457215836, "totalOtherIncomeExpensesNet": 24000000, "incomeBeforeTax": 38000000, "incomeBeforeTaxRatio": 0.04853128991060025, "incomeTaxExpense": -1000000.0, "netIncome": 22000000, "netIncomeRatio": 0.0280970625798212, "eps": -0.19, "epsdiluted": -0.19, "weightedAverageShsOut": 306000000, "weightedAverageShsOutDil": 306000000, "link": "https://www.sec.gov/Archives/edgar/data/712515/000095013406020626/0000950134-06-020626-index.htm", "finalLink": "https://www.sec.gov/Archives/edgar/data/712515/000095013406020626/f24791e10vq.htm"}, {"date": "2006-06-30", "symbol": "EA", "fillingDate": "2006-08-08", "acceptedDate": "2006-08-08 16:44:02", "period": "Q1", "revenue": 413000000, "costOfRevenue": 168000000, "grossProfit": 245000000, "grossProfitRatio": 0.5932203389830508, "researchAndDevelopmentExpenses": 216000000, "generalAndAdministrativeExpenses": 59000000, "sellingAndMarketingExpenses": 77000000, "otherExpenses": 12000000, "operatingExpenses": 364000000, "costAndExpenses": 532000000, "interestExpense": 0.0, "depreciationAndAmortization": 35000000, "ebitda": -63000000, "ebitdaratio": -0.15254237288135594, "operatingIncome": -98000000, "operatingIncomeRatio": -0.23728813559322035, "totalOtherIncomeExpensesNet": 21000000, "incomeBeforeTax": -98000000, "incomeBeforeTaxRatio": -0.23728813559322035, "incomeTaxExpense": 0.0, "netIncome": -81000000, "netIncomeRatio": -0.19612590799031476, "eps": -0.26, "epsdiluted": -0.26, "weightedAverageShsOut": 306000000, "weightedAverageShsOutDil": 306000000, "link": "https://www.sec.gov/Archives/edgar/data/712515/000095013406015291/0000950134-06-015291-index.htm", "finalLink": "https://www.sec.gov/Archives/edgar/data/712515/000095013406011401/f21019e10vk.htm"}, {"date": "2006-03-31", "symbol": "EA", "fillingDate": "2006-06-12", "acceptedDate": "2006-06-09 21:44:02", "period": "FY", "revenue": 641000000, "costOfRevenue": 244000000, "grossProfit": 397000000, "grossProfitRatio": 0.6193447737909517, "researchAndDevelopmentExpenses": 187000000, "generalAndAdministrativeExpenses": 55000000, "sellingAndMarketingExpenses": 102000000, "otherExpenses": 29000000, "operatingExpenses": 373000000, "costAndExpenses": 617000000, "interestExpense": 0.0, "depreciationAndAmortization": 27000000, "ebitda": 51000000, "ebitdaratio": 0.07956318252730109, "operatingIncome": 24000000, "operatingIncomeRatio": 0.0374414976599064, "totalOtherIncomeExpensesNet": 15000000, "incomeBeforeTax": 39000000, "incomeBeforeTaxRatio": 0.060842433697347896, "incomeTaxExpense": 54000000, "netIncome": -16000000, "netIncomeRatio": -0.0249609984399376, "eps": 0.78, "epsdiluted": 0.75, "weightedAverageShsOut": 304000000, "weightedAverageShsOutDil": 314000000, "link": "https://www.sec.gov/Archives/edgar/data/712515/000095013406011401/0000950134-06-011401-index.htm", "finalLink": "https://www.sec.gov/Archives/edgar/data/712515/000095013406011401/f21019e10vk.htm"}, {"date": "2005-12-31", "symbol": "EA", "fillingDate": "2006-02-08", "acceptedDate": "2006-02-07 19:07:41", "period": "Q3", "revenue": 1270000000, "costOfRevenue": 503000000, "grossProfit": 767000000, "grossProfitRatio": 0.6039370078740157, "researchAndDevelopmentExpenses": 206000000, "generalAndAdministrativeExpenses": 57000000, "sellingAndMarketingExpenses": 147000000, "otherExpenses": 10000000, "operatingExpenses": 420000000, "costAndExpenses": 923000000, "interestExpense": 0.0, "depreciationAndAmortization": 22000000, "ebitda": 369000000, "ebitdaratio": 0.2905511811023622, "operatingIncome": 347000000, "operatingIncomeRatio": 0.2732283464566929, "totalOtherIncomeExpensesNet": 19000000, "incomeBeforeTax": 366000000, "incomeBeforeTaxRatio": 0.28818897637795277, "incomeTaxExpense": 106000000, "netIncome": 259000000, "netIncomeRatio": 0.20393700787401575, "eps": 0.83, "epsdiluted": 0.8, "weightedAverageShsOut": 304000000, "weightedAverageShsOutDil": 315000000, "link": "https://www.sec.gov/Archives/edgar/data/712515/000095013406002079/0000950134-06-002079-index.htm", "finalLink": "https://www.sec.gov/Archives/edgar/data/712515/000095013406002079/f16210e10vq.htm"}, {"date": "2005-09-30", "symbol": "EA", "fillingDate": "2005-11-10", "acceptedDate": "2005-11-10 15:49:20", "period": "Q2", "revenue": 675000000, "costOfRevenue": 283000000, "grossProfit": 392000000, "grossProfitRatio": 0.5807407407407408, "researchAndDevelopmentExpenses": 182000000, "generalAndAdministrativeExpenses": 52000000, "sellingAndMarketingExpenses": 107000000, "otherExpenses": 1000000.0, "operatingExpenses": 342000000, "costAndExpenses": 625000000, "interestExpense": 0.0, "depreciationAndAmortization": 23000000, "ebitda": 73000000, "ebitdaratio": 0.10814814814814815, "operatingIncome": 50000000, "operatingIncomeRatio": 0.07407407407407407, "totalOtherIncomeExpensesNet": 13000000, "incomeBeforeTax": 63000000, "incomeBeforeTaxRatio": 0.09333333333333334, "incomeTaxExpense": 10000000, "netIncome": 51000000, "netIncomeRatio": 0.07555555555555556, "eps": -0.02, "epsdiluted": -0.02, "weightedAverageShsOut": 305000000, "weightedAverageShsOutDil": 305000000, "link": "https://www.sec.gov/Archives/edgar/data/712515/000089161805000853/0000891618-05-000853-index.htm", "finalLink": "https://www.sec.gov/Archives/edgar/data/712515/000089161805000853/f13701e10vq.htm"}, {"date": "2005-06-30", "symbol": "EA", "fillingDate": "2005-08-03", "acceptedDate": "2005-08-03 16:31:20", "period": "Q1", "revenue": 365000000, "costOfRevenue": 151000000, "grossProfit": 214000000, "grossProfitRatio": 0.5863013698630137, "researchAndDevelopmentExpenses": 183000000, "generalAndAdministrativeExpenses": 51000000, "sellingAndMarketingExpenses": 75000000, "otherExpenses": 1000000.0, "operatingExpenses": 310000000, "costAndExpenses": 461000000, "interestExpense": 0.0, "depreciationAndAmortization": 23000000, "ebitda": -73000000, "ebitdaratio": -0.2, "operatingIncome": -96000000, "operatingIncomeRatio": -0.26301369863013696, "totalOtherIncomeExpensesNet": 17000000, "incomeBeforeTax": -79000000, "incomeBeforeTaxRatio": -0.21643835616438356, "incomeTaxExpense": -23000000, "netIncome": -58000000, "netIncomeRatio": -0.1589041095890411, "eps": -0.19, "epsdiluted": -0.19, "weightedAverageShsOut": 308000000, "weightedAverageShsOutDil": 308000000, "link": "https://www.sec.gov/Archives/edgar/data/712515/000089161805000546/0000891618-05-000546-index.htm", "finalLink": "https://www.sec.gov/Archives/edgar/data/712515/000089161805000406/f07713e10vk.htm"}, {"date": "2005-03-31", "symbol": "EA", "fillingDate": "2005-06-07", "acceptedDate": "2005-06-07 15:51:28", "period": "FY", "revenue": 3129000000, "costOfRevenue": 1197000000, "grossProfit": 1932000000, "grossProfitRatio": 0.6174496644295302, "researchAndDevelopmentExpenses": 633000000, "generalAndAdministrativeExpenses": 221000000, "sellingAndMarketingExpenses": 391000000, "otherExpenses": 18000000, "operatingExpenses": 1263000000, "costAndExpenses": 2460000000, "interestExpense": 0.0, "depreciationAndAmortization": -52836000000, "ebitda": -52167000000, "ebitdaratio": -16.67209971236817, "operatingIncome": 669000000, "operatingIncomeRatio": 0.21380632790028764, "totalOtherIncomeExpensesNet": 56000000, "incomeBeforeTax": 725000000, "incomeBeforeTaxRatio": 0.2317034196228827, "incomeTaxExpense": 221000000, "netIncome": 504000000, "netIncomeRatio": 0.1610738255033557, "eps": 1.65, "epsdiluted": 1.59, "weightedAverageShsOut": 305000000, "weightedAverageShsOutDil": 318000000, "link": "https://www.sec.gov/Archives/edgar/data/712515/000089161805000406/0000891618-05-000406-index.htm", "finalLink": "https://www.sec.gov/Archives/edgar/data/712515/000089161805000406/f07713e10vk.htm"}, {"date": "2004-12-31", "symbol": "EA", "fillingDate": "2005-02-02", "acceptedDate": "2005-02-02 16:51:15", "period": "Q3", "revenue": 1427851000, "costOfRevenue": 502763000, "grossProfit": 925088000, "grossProfitRatio": 0.6478883300848618, "researchAndDevelopmentExpenses": 185155000, "generalAndAdministrativeExpenses": 77998000, "sellingAndMarketingExpenses": 132422000, "otherExpenses": 10230000, "operatingExpenses": 405805000, "costAndExpenses": 908568000, "interestExpense": 0.0, "depreciationAndAmortization": 19744000, "ebitda": 539027000, "ebitdaratio": 0.3775092779288595, "operatingIncome": 519283000, "operatingIncomeRatio": 0.3636815045827611, "totalOtherIncomeExpensesNet": 22649000, "incomeBeforeTax": 541932000, "incomeBeforeTaxRatio": 0.3795438039403271, "incomeTaxExpense": 166832000, "netIncome": 375100000, "netIncomeRatio": 0.26270248086109826, "eps": 1.63, "epsdiluted": 1.57, "weightedAverageShsOut": 303932000, "weightedAverageShsOutDil": 316157000, "link": "https://www.sec.gov/Archives/edgar/data/712515/000095013405001913/0000950134-05-001913-index.htm", "finalLink": "https://www.sec.gov/Archives/edgar/data/712515/000095013405001913/f04993e10vq.htm"}, {"date": "2004-09-30", "symbol": "EA", "fillingDate": "2004-11-03", "acceptedDate": "2004-11-03 16:46:12", "period": "Q2", "revenue": 715728000, "costOfRevenue": 283911000, "grossProfit": 431817000, "grossProfitRatio": 0.6033255650191134, "researchAndDevelopmentExpenses": 156839000, "generalAndAdministrativeExpenses": 42043000, "sellingAndMarketingExpenses": 107518000, "otherExpenses": 623000.0, "operatingExpenses": 307023000, "costAndExpenses": 590934000, "interestExpense": 0.0, "depreciationAndAmortization": 16960000, "ebitda": 141754000, "ebitdaratio": 0.19805568595891176, "operatingIncome": 124794000, "operatingIncomeRatio": 0.17435953323050096, "totalOtherIncomeExpensesNet": 12183000, "incomeBeforeTax": 136977000, "incomeBeforeTaxRatio": 0.1913813627523305, "incomeTaxExpense": 39724000, "netIncome": 97253000, "netIncomeRatio": 0.13587983144434757, "eps": 0.4, "epsdiluted": 0.38, "weightedAverageShsOut": 303127000, "weightedAverageShsOutDil": 315778000, "link": "https://www.sec.gov/Archives/edgar/data/712515/000095013404016270/0000950134-04-016270-index.htm", "finalLink": "https://www.sec.gov/Archives/edgar/data/712515/000095013404016270/f02072e10vq.htm"}, {"date": "2004-06-30", "symbol": "EA", "fillingDate": "2004-08-03", "acceptedDate": "2004-08-03 13:33:15", "period": "Q1", "revenue": 431641000, "costOfRevenue": 176755000, "grossProfit": 254886000, "grossProfitRatio": 0.5905046091543668, "researchAndDevelopmentExpenses": 130642000, "generalAndAdministrativeExpenses": 35054000, "sellingAndMarketingExpenses": 63220000, "otherExpenses": 1010000.0, "operatingExpenses": 229926000, "costAndExpenses": 406681000, "interestExpense": 0.0, "depreciationAndAmortization": 16207000, "ebitda": 41167000, "ebitdaratio": 0.09537323840877025, "operatingIncome": 24960000, "operatingIncomeRatio": 0.05782583211511418, "totalOtherIncomeExpensesNet": 9159000.0, "incomeBeforeTax": 34119000, "incomeBeforeTaxRatio": 0.07904485440447039, "incomeTaxExpense": 9894000.0, "netIncome": 24225000, "netIncomeRatio": 0.05612302816460901, "eps": 0.08, "epsdiluted": 0.08, "weightedAverageShsOut": 302238000, "weightedAverageShsOutDil": 315576000, "link": "https://www.sec.gov/Archives/edgar/data/712515/000095013404011124/0000950134-04-011124-index.htm", "finalLink": "https://www.sec.gov/Archives/edgar/data/712515/000089161804001046/f98039e10vk.htm"}, {"date": "2004-03-31", "symbol": "EA", "fillingDate": "2004-06-04", "acceptedDate": "2004-06-04 17:21:03", "period": "FY", "revenue": 598432000, "costOfRevenue": 225970000, "grossProfit": 372462000, "grossProfitRatio": 0.6223965295973477, "researchAndDevelopmentExpenses": 155068000, "generalAndAdministrativeExpenses": 46041000, "sellingAndMarketingExpenses": 67169000, "otherExpenses": 9734000.0, "operatingExpenses": 278012000, "costAndExpenses": 503982000, "interestExpense": 14927000, "depreciationAndAmortization": 17598000, "ebitda": 112048000, "ebitdaratio": 0.18723597668573874, "operatingIncome": 94450000, "operatingIncomeRatio": 0.15782912678466393, "totalOtherIncomeExpensesNet": 6036000.0, "incomeBeforeTax": 100486000, "incomeBeforeTaxRatio": 0.16791548580289825, "incomeTaxExpense": 10446000, "netIncome": 90040000, "netIncomeRatio": 0.1504598684562323, "eps": 1.95, "epsdiluted": 1.87, "weightedAverageShsOut": 295396000, "weightedAverageShsOutDil": 308233000, "link": "https://www.sec.gov/Archives/edgar/data/712515/000089161804001046/0000891618-04-001046-index.htm", "finalLink": "https://www.sec.gov/Archives/edgar/data/712515/000089161804001046/f98039e10vk.htm"}, {"date": "2003-12-31", "symbol": "EA", "fillingDate": "2004-02-10", "acceptedDate": "2004-02-10 13:56:28", "period": "Q3", "revenue": 1475323000, "costOfRevenue": 513255000, "grossProfit": 962068000, "grossProfitRatio": 0.6521066912127039, "researchAndDevelopmentExpenses": 151175000, "generalAndAdministrativeExpenses": 71992000, "sellingAndMarketingExpenses": 180174000, "otherExpenses": 1219000.0, "operatingExpenses": 404560000, "costAndExpenses": 917815000, "interestExpense": -14927000, "depreciationAndAmortization": 29068000, "ebitda": 586576000, "ebitdaratio": 0.39759157825099994, "operatingIncome": 557508000, "operatingIncomeRatio": 0.37788877418707634, "totalOtherIncomeExpensesNet": 948000.0, "incomeBeforeTax": 558456000, "incomeBeforeTaxRatio": 0.3785313453392918, "incomeTaxExpense": 166160000, "netIncome": 392296000, "netIncomeRatio": 0.26590516110709317, "eps": 1.66, "epsdiluted": 1.59, "weightedAverageShsOut": 294001000, "weightedAverageShsOutDil": 306737000, "link": "https://www.sec.gov/Archives/edgar/data/712515/000089161804000523/0000891618-04-000523-index.htm", "finalLink": "https://www.sec.gov/Archives/edgar/data/712515/000089161804000523/f95509e10vq.htm"}, {"date": "2003-09-30", "symbol": "EA", "fillingDate": "2003-11-07", "acceptedDate": "2003-11-07 15:31:05", "period": "Q2", "revenue": 530005000, "costOfRevenue": 213762000, "grossProfit": 316243000, "grossProfitRatio": 0.596679276610598, "researchAndDevelopmentExpenses": 113493000, "generalAndAdministrativeExpenses": 36032000, "sellingAndMarketingExpenses": 64041000, "otherExpenses": 810000.0, "operatingExpenses": 214376000, "costAndExpenses": 428138000, "interestExpense": 0.0, "depreciationAndAmortization": 17624000, "ebitda": 119491000, "ebitdaratio": 0.225452590069905, "operatingIncome": 101867000, "operatingIncomeRatio": 0.19220007358421146, "totalOtherIncomeExpensesNet": 9130000.0, "incomeBeforeTax": 110997000, "incomeBeforeTaxRatio": 0.2094263261667343, "incomeTaxExpense": 34409000, "netIncome": 76588000, "netIncomeRatio": 0.14450429712927237, "eps": 0.32, "epsdiluted": 0.31, "weightedAverageShsOut": 292263000, "weightedAverageShsOutDil": 304013000, "link": "https://www.sec.gov/Archives/edgar/data/712515/000089161803005745/0000891618-03-005745-index.htm", "finalLink": "https://www.sec.gov/Archives/edgar/data/712515/000089161803005745/f94137e10vq.htm"}, {"date": "2003-06-30", "symbol": "EA", "fillingDate": "2003-08-11", "acceptedDate": "2003-08-11 14:06:47", "period": "Q1", "revenue": 353381000, "costOfRevenue": 149963000, "grossProfit": 203418000, "grossProfitRatio": 0.5756336645150701, "researchAndDevelopmentExpenses": 91122000, "generalAndAdministrativeExpenses": 30760000, "sellingAndMarketingExpenses": 59084000, "otherExpenses": 680000.0, "operatingExpenses": 181646000, "costAndExpenses": 331609000, "interestExpense": 0.0, "depreciationAndAmortization": 13223000, "ebitda": 34995000, "ebitdaratio": 0.09902909324496789, "operatingIncome": 21772000, "operatingIncomeRatio": 0.06161055631174285, "totalOtherIncomeExpensesNet": 4849000.0, "incomeBeforeTax": 26621000, "incomeBeforeTaxRatio": 0.07533229007784799, "incomeTaxExpense": 8253000.0, "netIncome": 18368000, "netIncomeRatio": 0.0519778935483232, "eps": 0.13, "epsdiluted": 0.12, "weightedAverageShsOut": 144955000, "weightedAverageShsOutDil": 149816000, "link": "https://www.sec.gov/Archives/edgar/data/712515/000089161803004257/0000891618-03-004257-index.htm", "finalLink": "https://www.sec.gov/Archives/edgar/data/712515/000089161803002939/f90122e10vk.htm"}, {"date": "2003-03-31", "symbol": "EA", "fillingDate": "2003-06-10", "acceptedDate": "2003-06-10 17:15:58", "period": "FY", "revenue": 442372000, "costOfRevenue": 168571000, "grossProfit": 273801000, "grossProfitRatio": 0.6189383595706781, "researchAndDevelopmentExpenses": 77578000, "generalAndAdministrativeExpenses": 34090000, "sellingAndMarketingExpenses": 61460000, "otherExpenses": 5824000.0, "operatingExpenses": 178952000, "costAndExpenses": 347523000, "interestExpense": -5385000.0, "depreciationAndAmortization": 17310000, "ebitda": 112159000, "ebitdaratio": 0.2535400070528876, "operatingIncome": 94849000, "operatingIncomeRatio": 0.21441004403533678, "totalOtherIncomeExpensesNet": 5385000.0, "incomeBeforeTax": 100234000, "incomeBeforeTaxRatio": 0.22658305679382962, "incomeTaxExpense": 4623000.0, "netIncome": 95611000, "netIncomeRatio": 0.21613257620283383, "eps": 0.0, "epsdiluted": 0.0, "weightedAverageShsOut": 0.0, "weightedAverageShsOutDil": 0.0, "link": "https://www.sec.gov/Archives/edgar/data/712515/000089161803002939/0000891618-03-002939-index.htm", "finalLink": "https://www.sec.gov/Archives/edgar/data/712515/000089161803002939/f90122e10vk.htm"}, {"date": "2002-12-31", "symbol": "EA", "fillingDate": "2003-02-11", "acceptedDate": "2003-02-11 13:43:20", "period": "Q3", "revenue": 1211484000, "costOfRevenue": 553579000, "grossProfit": 657905000, "grossProfitRatio": 0.5430571101227916, "researchAndDevelopmentExpenses": 84351000, "generalAndAdministrativeExpenses": 40502000, "sellingAndMarketingExpenses": 124744000, "otherExpenses": 10305000, "operatingExpenses": 259902000, "costAndExpenses": 813481000, "interestExpense": 4359000.0, "depreciationAndAmortization": 24956000, "ebitda": 422959000, "ebitdaratio": 0.3491247098599734, "operatingIncome": 398003000, "operatingIncomeRatio": 0.32852518068748743, "totalOtherIncomeExpensesNet": -4359000.0, "incomeBeforeTax": 393644000, "incomeBeforeTaxRatio": 0.3249271141839265, "incomeTaxExpense": 113052000, "netIncome": 280592000, "netIncomeRatio": 0.23161015745977662, "eps": 0.0, "epsdiluted": 0.0, "weightedAverageShsOut": 0.0, "weightedAverageShsOutDil": 0.0, "link": "https://www.sec.gov/Archives/edgar/data/712515/000089161803000693/0000891618-03-000693-index.htm", "finalLink": "https://www.sec.gov/Archives/edgar/data/712515/000089161803000693/f87407e10vq.htm"}, {"date": "2002-09-30", "symbol": "EA", "fillingDate": "2002-11-08", "acceptedDate": "2002-11-08 14:51:44", "period": "Q2", "revenue": 434370000, "costOfRevenue": 56597000, "grossProfit": 377773000, "grossProfitRatio": 0.8697032483827152, "researchAndDevelopmentExpenses": 71764000, "generalAndAdministrativeExpenses": 25431000, "sellingAndMarketingExpenses": 46287000, "otherExpenses": 927000.0, "operatingExpenses": 144409000, "costAndExpenses": 201006000, "interestExpense": -1205000.0, "depreciationAndAmortization": 25067000, "ebitda": 119612000, "ebitdaratio": 0.27536892510992933, "operatingIncome": 94545000, "operatingIncomeRatio": 0.21766005939636715, "totalOtherIncomeExpensesNet": 1205000.0, "incomeBeforeTax": 95750000, "incomeBeforeTaxRatio": 0.2204341920482538, "incomeTaxExpense": 22451000, "netIncome": 73299000, "netIncomeRatio": 0.16874784170177498, "eps": 0.0, "epsdiluted": 0.0, "weightedAverageShsOut": 0.0, "weightedAverageShsOutDil": 0.0, "link": "https://www.sec.gov/Archives/edgar/data/712515/000089161802004960/0000891618-02-004960-index.htm", "finalLink": "https://www.sec.gov/Archives/edgar/data/712515/000089161802004960/f85537e10vq.htm"}]