[{"date": "2020-05-10", "symbol": "COST", "fillingDate": "2020-06-04", "acceptedDate": "2020-06-03 17:55:52", "period": "Q3", "revenue": 37266000000, "costOfRevenue": 32249000000, "grossProfit": 5017000000, "grossProfitRatio": 0.1346267375087211, "researchAndDevelopmentExpenses": 0.0, "generalAndAdministrativeExpenses": 3830000000, "sellingAndMarketingExpenses": 0.0, "otherExpenses": 0.0, "operatingExpenses": 3830000000, "costAndExpenses": 36079000000, "interestExpense": 37000000, "depreciationAndAmortization": 382000000, "ebitda": 1561000000, "ebitdaratio": 0.0418880480867, "operatingIncome": 1179000000, "operatingIncomeRatio": 0.0316374174851, "totalOtherIncomeExpensesNet": 21000000, "incomeBeforeTax": 1163000000, "incomeBeforeTaxRatio": 0.0312080717007, "incomeTaxExpense": 311000000, "netIncome": 838000000, "netIncomeRatio": 0.0224869854559, "eps": 1.89, "epsdiluted": 1.89, "weightedAverageShsOut": 442054000, "weightedAverageShsOutDil": 443754000, "link": "https://www.sec.gov/Archives/edgar/data/909832/000090983220000009/0000909832-20-000009-index.htm", "finalLink": "https://www.sec.gov/Archives/edgar/data/909832/000090983220000009/cost-20200510.htm"}, {"date": "2020-02-16", "symbol": "COST", "fillingDate": "2020-03-12", "acceptedDate": "2020-03-11 17:59:32", "period": "Q2", "revenue": 39072000000, "costOfRevenue": 34056000000, "grossProfit": 5016000000, "grossProfitRatio": 0.12837837837837837, "researchAndDevelopmentExpenses": 0.0, "generalAndAdministrativeExpenses": 3743000000, "sellingAndMarketingExpenses": 0.0, "otherExpenses": 0.0, "operatingExpenses": 3743000000, "costAndExpenses": 37799000000, "interestExpense": 34000000, "depreciationAndAmortization": 389000000, "ebitda": 1655000000, "ebitdaratio": 0.0423576986077, "operatingIncome": 1266000000, "operatingIncomeRatio": 0.0324017199017, "totalOtherIncomeExpensesNet": 10000000, "incomeBeforeTax": 1277000000, "incomeBeforeTaxRatio": 0.0326832514333, "incomeTaxExpense": 330000000, "netIncome": 931000000, "netIncomeRatio": 0.0238278050778, "eps": 2.11, "epsdiluted": 2.1, "weightedAverageShsOut": 441920000, "weightedAverageShsOutDil": 443704000, "link": "https://www.sec.gov/Archives/edgar/data/909832/000090983220000004/0000909832-20-000004-index.htm", "finalLink": "https://www.sec.gov/Archives/edgar/data/909832/000090983220000004/cost10q21620.htm"}, {"date": "2019-11-24", "symbol": "COST", "fillingDate": "2019-12-23", "acceptedDate": "2019-12-20 18:04:39", "period": "Q1", "revenue": 37040000000, "costOfRevenue": 32233000000, "grossProfit": 4807000000, "grossProfitRatio": 0.12977861771058316, "researchAndDevelopmentExpenses": 0.0, "generalAndAdministrativeExpenses": 3732000000, "sellingAndMarketingExpenses": 0.0, "otherExpenses": 0.0, "operatingExpenses": 3732000000, "costAndExpenses": 35965000000, "interestExpense": 38000000, "depreciationAndAmortization": 369000000, "ebitda": 1430000000, "ebitdaratio": 0.0386069114471, "operatingIncome": 1061000000, "operatingIncomeRatio": 0.0286447084233, "totalOtherIncomeExpensesNet": 35000000, "incomeBeforeTax": 1058000000, "incomeBeforeTaxRatio": 0.0285637149028, "incomeTaxExpense": 202000000, "netIncome": 844000000, "netIncomeRatio": 0.0227861771058, "eps": 1.91, "epsdiluted": 1.9, "weightedAverageShsOut": 441818000, "weightedAverageShsOutDil": 443680000, "link": "https://www.sec.gov/Archives/edgar/data/909832/000090983219000033/0000909832-19-000033-index.htm", "finalLink": "https://www.sec.gov/Archives/edgar/data/909832/000090983219000019/cost10k9119.htm"}, {"date": "2019-09-01", "symbol": "COST", "fillingDate": "2019-10-11", "acceptedDate": "2019-10-10 18:06:12", "period": "FY", "revenue": 47498000000, "costOfRevenue": 41310000000, "grossProfit": 6188000000, "grossProfitRatio": 0.13027916964924838, "researchAndDevelopmentExpenses": 0.0, "generalAndAdministrativeExpenses": 4684000000, "sellingAndMarketingExpenses": 0.0, "otherExpenses": 0.0, "operatingExpenses": 4684000000, "costAndExpenses": 45994000000, "interestExpense": 45000000, "depreciationAndAmortization": 473000000, "ebitda": 1936000000, "ebitdaratio": 0.040759610931, "operatingIncome": 1463000000, "operatingIncomeRatio": 0.0308012968967, "totalOtherIncomeExpensesNet": 142000000, "incomeBeforeTax": 1492000000, "incomeBeforeTaxRatio": 0.03141184892, "incomeTaxExpense": 382000000, "netIncome": 1097000000, "netIncomeRatio": 0.023095709293, "eps": 2.49, "epsdiluted": 2.47, "weightedAverageShsOut": 439755000, "weightedAverageShsOutDil": 442923000, "link": "https://www.sec.gov/Archives/edgar/data/909832/000090983219000019/0000909832-19-000019-index.htm", "finalLink": "https://www.sec.gov/Archives/edgar/data/909832/000090983219000019/cost10k9119.htm"}, {"date": "2019-05-12", "symbol": "COST", "fillingDate": "2019-06-06", "acceptedDate": "2019-06-05 20:46:10", "period": "Q3", "revenue": 34740000000, "costOfRevenue": 30233000000, "grossProfit": 4507000000, "grossProfitRatio": 0.12973517559009787, "researchAndDevelopmentExpenses": 0.0, "generalAndAdministrativeExpenses": 3371000000, "sellingAndMarketingExpenses": 0.0, "otherExpenses": 0.0, "operatingExpenses": 3371000000, "costAndExpenses": 33604000000, "interestExpense": 35000000, "depreciationAndAmortization": 336000000, "ebitda": 1458000000, "ebitdaratio": 0.0419689119171, "operatingIncome": 1122000000, "operatingIncomeRatio": 0.0322970639033, "totalOtherIncomeExpensesNet": 36000000, "incomeBeforeTax": 1123000000, "incomeBeforeTaxRatio": 0.0323258491652, "incomeTaxExpense": 207000000, "netIncome": 906000000, "netIncomeRatio": 0.026079447323, "eps": 2.06, "epsdiluted": 2.05, "weightedAverageShsOut": 439767000, "weightedAverageShsOutDil": 442565000, "link": "https://www.sec.gov/Archives/edgar/data/909832/000090983219000013/0000909832-19-000013-index.htm", "finalLink": "https://www.sec.gov/Archives/edgar/data/909832/000090983219000013/cost10q51219.htm"}, {"date": "2019-02-17", "symbol": "COST", "fillingDate": "2019-03-13", "acceptedDate": "2019-03-13 16:49:30", "period": "Q2", "revenue": 35396000000, "costOfRevenue": 30720000000, "grossProfit": 4676000000, "grossProfitRatio": 0.13210532263532604, "researchAndDevelopmentExpenses": 0.0, "generalAndAdministrativeExpenses": 3464000000, "sellingAndMarketingExpenses": 0.0, "otherExpenses": 0.0, "operatingExpenses": 3464000000, "costAndExpenses": 34184000000, "interestExpense": 34000000, "depreciationAndAmortization": 352000000, "ebitda": 1555000000, "ebitdaratio": 0.0439315176856, "operatingIncome": 1203000000, "operatingIncomeRatio": 0.0339868911741, "totalOtherIncomeExpensesNet": 24000000, "incomeBeforeTax": 1215000000, "incomeBeforeTaxRatio": 0.0343259125325, "incomeTaxExpense": 314000000, "netIncome": 889000000, "netIncomeRatio": 0.0251158322974, "eps": 2.02, "epsdiluted": 2.01, "weightedAverageShsOut": 439721000, "weightedAverageShsOutDil": 442535000, "link": "https://www.sec.gov/Archives/edgar/data/909832/000090983219000003/0000909832-19-000003-index.htm", "finalLink": "https://www.sec.gov/Archives/edgar/data/909832/000090983219000003/cost10q21719.htm"}, {"date": "2018-11-25", "symbol": "COST", "fillingDate": "2018-12-20", "acceptedDate": "2018-12-19 19:59:53", "period": "Q1", "revenue": 35069000000, "costOfRevenue": 30623000000, "grossProfit": 4446000000, "grossProfitRatio": 0.12677863640252074, "researchAndDevelopmentExpenses": 0.0, "generalAndAdministrativeExpenses": 3475000000, "sellingAndMarketingExpenses": 0.0, "otherExpenses": 0.0, "operatingExpenses": 3475000000, "costAndExpenses": 34098000000, "interestExpense": 36000000, "depreciationAndAmortization": 331000000, "ebitda": 1280000000, "ebitdaratio": 0.0364994724686, "operatingIncome": 949000000, "operatingIncomeRatio": 0.0270609370099, "totalOtherIncomeExpensesNet": 22000000, "incomeBeforeTax": 935000000, "incomeBeforeTaxRatio": 0.0266617240298, "incomeTaxExpense": 158000000, "netIncome": 767000000, "netIncomeRatio": 0.0218711682683, "eps": 1.75, "epsdiluted": 1.73, "weightedAverageShsOut": 439157000, "weightedAverageShsOutDil": 442749000, "link": "https://www.sec.gov/Archives/edgar/data/909832/000090983218000022/0000909832-18-000022-index.htm", "finalLink": "https://www.sec.gov/Archives/edgar/data/909832/000090983218000013/cost10k9218.htm"}, {"date": "2018-09-02", "symbol": "COST", "fillingDate": "2018-10-26", "acceptedDate": "2018-10-26 09:21:46", "period": "FY", "revenue": 44411000000, "costOfRevenue": 38671000000, "grossProfit": 5740000000, "grossProfitRatio": 0.12924725856206795, "researchAndDevelopmentExpenses": 0.0, "generalAndAdministrativeExpenses": 4263000000, "sellingAndMarketingExpenses": 0.0, "otherExpenses": 0.0, "operatingExpenses": 4263000000, "costAndExpenses": 42934000000, "interestExpense": 48000000, "depreciationAndAmortization": 431000000, "ebitda": 1877000000, "ebitdaratio": 0.0422643038887, "operatingIncome": 1446000000, "operatingIncomeRatio": 0.0325595010245, "totalOtherIncomeExpensesNet": 80000000, "incomeBeforeTax": 1449000000, "incomeBeforeTaxRatio": 0.0326270518565, "incomeTaxExpense": 396000000, "netIncome": 1043000000, "netIncomeRatio": 0.0234851725924, "eps": 2.38, "epsdiluted": 2.35, "weightedAverageShsOut": 438515000, "weightedAverageShsOutDil": 441834000, "link": "https://www.sec.gov/Archives/edgar/data/909832/000090983218000013/0000909832-18-000013-index.htm", "finalLink": "https://www.sec.gov/Archives/edgar/data/909832/000090983218000013/cost10k9218.htm"}, {"date": "2018-05-13", "symbol": "COST", "fillingDate": "2018-06-07", "acceptedDate": "2018-06-06 19:40:40", "period": "Q3", "revenue": 32361000000, "costOfRevenue": 28131000000, "grossProfit": 4230000000, "grossProfitRatio": 0.13071289515157133, "researchAndDevelopmentExpenses": 0.0, "generalAndAdministrativeExpenses": 3155000000, "sellingAndMarketingExpenses": 0.0, "otherExpenses": 0.0, "operatingExpenses": 3155000000, "costAndExpenses": 31286000000, "interestExpense": 37000000, "depreciationAndAmortization": 327000000, "ebitda": 1394000000, "ebitdaratio": 0.0430765427521, "operatingIncome": 1067000000, "operatingIncomeRatio": 0.0329717870276, "totalOtherIncomeExpensesNet": 41000000, "incomeBeforeTax": 1071000000, "incomeBeforeTaxRatio": 0.0330953926022, "incomeTaxExpense": 309000000, "netIncome": 750000000, "netIncomeRatio": 0.0231760452396, "eps": 1.71, "epsdiluted": 1.7, "weightedAverageShsOut": 438576000, "weightedAverageShsOutDil": 441383000, "link": "https://www.sec.gov/Archives/edgar/data/909832/000090983218000008/0000909832-18-000008-index.htm", "finalLink": "https://www.sec.gov/Archives/edgar/data/909832/000090983218000008/cost10q51318.htm"}, {"date": "2018-02-18", "symbol": "COST", "fillingDate": "2018-03-15", "acceptedDate": "2018-03-14 18:30:55", "period": "Q2", "revenue": 32995000000, "costOfRevenue": 28733000000, "grossProfit": 4262000000, "grossProfitRatio": 0.12917108652826187, "researchAndDevelopmentExpenses": 0.0, "generalAndAdministrativeExpenses": 3234000000, "sellingAndMarketingExpenses": 0.0, "otherExpenses": 0.0, "operatingExpenses": 3234000000, "costAndExpenses": 31967000000, "interestExpense": 37000000, "depreciationAndAmortization": 344000000, "ebitda": 1360000000, "ebitdaratio": 0.0412183664192, "operatingIncome": 1016000000, "operatingIncomeRatio": 0.0307925443249, "totalOtherIncomeExpensesNet": -15000000, "incomeBeforeTax": 986000000, "incomeBeforeTaxRatio": 0.0298833156539, "incomeTaxExpense": 273000000, "netIncome": 701000000, "netIncomeRatio": 0.0212456432793, "eps": 1.6, "epsdiluted": 1.59, "weightedAverageShsOut": 438494000, "weightedAverageShsOutDil": 441201000, "link": "https://www.sec.gov/Archives/edgar/data/909832/000090983218000002/0000909832-18-000002-index.htm", "finalLink": "https://www.sec.gov/Archives/edgar/data/909832/000090983218000002/cost10q21818.htm"}, {"date": "2017-11-26", "symbol": "COST", "fillingDate": "2017-12-21", "acceptedDate": "2017-12-20 19:55:05", "period": "Q1", "revenue": 31809000000, "costOfRevenue": 27617000000, "grossProfit": 4192000000, "grossProfitRatio": 0.13178660127636832, "researchAndDevelopmentExpenses": 0.0, "generalAndAdministrativeExpenses": 3224000000, "sellingAndMarketingExpenses": 0.0, "otherExpenses": 0.0, "operatingExpenses": 3224000000, "costAndExpenses": 30841000000, "interestExpense": 37000000, "depreciationAndAmortization": 335000000, "ebitda": 1286000000, "ebitdaratio": 0.0404288094564, "operatingIncome": 951000000, "operatingIncomeRatio": 0.029897198906, "totalOtherIncomeExpensesNet": 22000000, "incomeBeforeTax": 936000000, "incomeBeforeTaxRatio": 0.0294256342545, "incomeTaxExpense": 285000000, "netIncome": 640000000, "netIncomeRatio": 0.0201200917979, "eps": 1.46, "epsdiluted": 1.45, "weightedAverageShsOut": 437965000, "weightedAverageShsOutDil": 440851000, "link": "https://www.sec.gov/Archives/edgar/data/909832/000090983217000022/0000909832-17-000022-index.htm", "finalLink": "https://www.sec.gov/Archives/edgar/data/909832/000090983217000014/cost10k90317.htm"}, {"date": "2017-09-03", "symbol": "COST", "fillingDate": "2017-10-18", "acceptedDate": "2017-10-17 21:17:47", "period": "FY", "revenue": 42300000000, "costOfRevenue": 36697000000, "grossProfit": 5603000000, "grossProfitRatio": 0.13245862884160756, "researchAndDevelopmentExpenses": 0.0, "generalAndAdministrativeExpenses": 4123000000, "sellingAndMarketingExpenses": 0.0, "otherExpenses": 0.0, "operatingExpenses": 4123000000, "costAndExpenses": 40820000000, "interestExpense": 53000000, "depreciationAndAmortization": 441000000, "ebitda": 1891000000, "ebitdaratio": 0.0447044917258, "operatingIncome": 1450000000, "operatingIncomeRatio": 0.0342789598109, "totalOtherIncomeExpensesNet": 44000000, "incomeBeforeTax": 1419000000, "incomeBeforeTaxRatio": 0.0335460992908, "incomeTaxExpense": 487000000, "netIncome": 919000000, "netIncomeRatio": 0.0217257683215, "eps": 2.1, "epsdiluted": 2.09, "weightedAverageShsOut": 438437000, "weightedAverageShsOutDil": 440937000, "link": "https://www.sec.gov/Archives/edgar/data/909832/000090983217000014/0000909832-17-000014-index.htm", "finalLink": "https://www.sec.gov/Archives/edgar/data/909832/000090983217000014/cost10k90317.htm"}, {"date": "2017-05-07", "symbol": "COST", "fillingDate": "2017-06-01", "acceptedDate": "2017-05-31 20:21:49", "period": "Q3", "revenue": 28860000000, "costOfRevenue": 24970000000, "grossProfit": 3890000000, "grossProfitRatio": 0.1347886347886348, "researchAndDevelopmentExpenses": 0.0, "generalAndAdministrativeExpenses": 2907000000, "sellingAndMarketingExpenses": 0.0, "otherExpenses": 0.0, "operatingExpenses": 2907000000, "costAndExpenses": 27877000000, "interestExpense": 21000000, "depreciationAndAmortization": 320000000, "ebitda": 1288000000, "ebitdaratio": 0.0446292446292, "operatingIncome": 968000000, "operatingIncomeRatio": 0.0335412335412, "totalOtherIncomeExpensesNet": 18000000, "incomeBeforeTax": 965000000, "incomeBeforeTaxRatio": 0.0334372834373, "incomeTaxExpense": 259000000, "netIncome": 700000000, "netIncomeRatio": 0.024255024255, "eps": 1.59, "epsdiluted": 1.58, "weightedAverageShsOut": 438650000, "weightedAverageShsOutDil": 440745000, "link": "https://www.sec.gov/Archives/edgar/data/909832/000090983217000009/0000909832-17-000009-index.htm", "finalLink": "https://www.sec.gov/Archives/edgar/data/909832/000090983217000009/cost10q50717.htm"}, {"date": "2017-02-12", "symbol": "COST", "fillingDate": "2017-03-09", "acceptedDate": "2017-03-08 19:07:03", "period": "Q2", "revenue": 29766000000, "costOfRevenue": 25927000000, "grossProfit": 3839000000, "grossProfitRatio": 0.12897265336289726, "researchAndDevelopmentExpenses": 0.0, "generalAndAdministrativeExpenses": 2980000000, "sellingAndMarketingExpenses": 0.0, "otherExpenses": 0.0, "operatingExpenses": 2980000000, "costAndExpenses": 28907000000, "interestExpense": 31000000, "depreciationAndAmortization": 312000000, "ebitda": 1156000000, "ebitdaratio": 0.0388362561312, "operatingIncome": 844000000, "operatingIncomeRatio": 0.028354498421, "totalOtherIncomeExpensesNet": -30000000, "incomeBeforeTax": 809000000, "incomeBeforeTaxRatio": 0.0271786602164, "incomeTaxExpense": 288000000, "netIncome": 515000000, "netIncomeRatio": 0.0173016192972, "eps": 1.18, "epsdiluted": 1.17, "weightedAverageShsOut": 438567000, "weightedAverageShsOutDil": 440568000, "link": "https://www.sec.gov/Archives/edgar/data/909832/000090983217000004/0000909832-17-000004-index.htm", "finalLink": "https://www.sec.gov/Archives/edgar/data/909832/000090983217000004/cost10q21217.htm"}, {"date": "2016-11-20", "symbol": "COST", "fillingDate": "2016-12-16", "acceptedDate": "2016-12-15 21:03:24", "period": "Q1", "revenue": 28099000000, "costOfRevenue": 24288000000, "grossProfit": 3811000000, "grossProfitRatio": 0.13562760240577956, "researchAndDevelopmentExpenses": 0.0, "generalAndAdministrativeExpenses": 2940000000, "sellingAndMarketingExpenses": 0.0, "otherExpenses": 0.0, "operatingExpenses": 2940000000, "costAndExpenses": 27228000000, "interestExpense": 29000000, "depreciationAndAmortization": 297000000, "ebitda": 1146000000, "ebitdaratio": 0.0407843695505, "operatingIncome": 849000000, "operatingIncomeRatio": 0.0302145983843, "totalOtherIncomeExpensesNet": 26000000, "incomeBeforeTax": 846000000, "incomeBeforeTaxRatio": 0.030107833019, "incomeTaxExpense": 291000000, "netIncome": 545000000, "netIncomeRatio": 0.0193957080323, "eps": 1.24, "epsdiluted": 1.24, "weightedAverageShsOut": 438007000, "weightedAverageShsOutDil": 440525000, "link": "https://www.sec.gov/Archives/edgar/data/909832/000090983216000040/0000909832-16-000040-index.htm", "finalLink": "https://www.sec.gov/Archives/edgar/data/909832/000090983216000032/cost10k82816.htm"}, {"date": "2016-08-28", "symbol": "COST", "fillingDate": "2016-10-12", "acceptedDate": "2016-10-11 19:26:22", "period": "FY", "revenue": 36560000000, "costOfRevenue": 31649000000, "grossProfit": 4911000000, "grossProfitRatio": 0.13432713347921224, "researchAndDevelopmentExpenses": 0.0, "generalAndAdministrativeExpenses": 3696000000, "sellingAndMarketingExpenses": 0.0, "otherExpenses": 0.0, "operatingExpenses": 3696000000, "costAndExpenses": 35345000000, "interestExpense": 39000000, "depreciationAndAmortization": 408000000, "ebitda": 1599000000, "ebitdaratio": 0.0437363238512, "operatingIncome": 1191000000, "operatingIncomeRatio": 0.0325765864333, "totalOtherIncomeExpensesNet": 73000000, "incomeBeforeTax": 1181000000, "incomeBeforeTaxRatio": 0.0323030634573, "incomeTaxExpense": 396000000, "netIncome": 779000000, "netIncomeRatio": 0.0213074398249, "eps": 1.78, "epsdiluted": 1.77, "weightedAverageShsOut": 438585000, "weightedAverageShsOutDil": 441263000, "link": "https://www.sec.gov/Archives/edgar/data/909832/000090983216000032/0000909832-16-000032-index.htm", "finalLink": "https://www.sec.gov/Archives/edgar/data/909832/000090983216000032/cost10k82816.htm"}, {"date": "2016-05-08", "symbol": "COST", "fillingDate": "2016-06-01", "acceptedDate": "2016-06-01 16:12:33", "period": "Q3", "revenue": 26769000000, "costOfRevenue": 23162000000, "grossProfit": 3607000000, "grossProfitRatio": 0.13474541447196384, "researchAndDevelopmentExpenses": 0.0, "generalAndAdministrativeExpenses": 2731000000, "sellingAndMarketingExpenses": 0.0, "otherExpenses": 0.0, "operatingExpenses": 2731000000, "costAndExpenses": 25893000000, "interestExpense": 30000000, "depreciationAndAmortization": 291000000, "ebitda": 1149000000, "ebitdaratio": 0.0429227838171, "operatingIncome": 858000000, "operatingIncomeRatio": 0.0320520004483, "totalOtherIncomeExpensesNet": 7000000.0, "incomeBeforeTax": 835000000, "incomeBeforeTaxRatio": 0.0311927976391, "incomeTaxExpense": 286000000, "netIncome": 545000000, "netIncomeRatio": 0.0203593709141, "eps": 1.24, "epsdiluted": 1.24, "weightedAverageShsOut": 438930000, "weightedAverageShsOutDil": 441321000, "link": "https://www.sec.gov/Archives/edgar/data/909832/000090983216000028/0000909832-16-000028-index.htm", "finalLink": "https://www.sec.gov/Archives/edgar/data/909832/000090983216000028/cost10q50816.htm"}, {"date": "2016-02-14", "symbol": "COST", "fillingDate": "2016-03-09", "acceptedDate": "2016-03-09 14:47:12", "period": "Q2", "revenue": 28170000000, "costOfRevenue": 24469000000, "grossProfit": 3701000000, "grossProfitRatio": 0.1313809016684416, "researchAndDevelopmentExpenses": 0.0, "generalAndAdministrativeExpenses": 2835000000, "sellingAndMarketingExpenses": 0.0, "otherExpenses": 0.0, "operatingExpenses": 2835000000, "costAndExpenses": 27304000000, "interestExpense": 31000000, "depreciationAndAmortization": 285000000, "ebitda": 1141000000, "ebitdaratio": 0.0405040823571, "operatingIncome": 856000000, "operatingIncomeRatio": 0.0303869364572, "totalOtherIncomeExpensesNet": -12000000, "incomeBeforeTax": 841000000, "incomeBeforeTaxRatio": 0.0298544550941, "incomeTaxExpense": 286000000, "netIncome": 546000000, "netIncomeRatio": 0.0193823216187, "eps": 1.24, "epsdiluted": 1.23, "weightedAverageShsOut": 438990000, "weightedAverageShsOutDil": 441457000, "link": "https://www.sec.gov/Archives/edgar/data/909832/000090983216000023/0000909832-16-000023-index.htm", "finalLink": "https://www.sec.gov/Archives/edgar/data/909832/000090983216000023/cost10q21416.htm"}, {"date": "2015-11-22", "symbol": "COST", "fillingDate": "2015-12-18", "acceptedDate": "2015-12-17 17:40:00", "period": "Q1", "revenue": 27220000000, "costOfRevenue": 23621000000, "grossProfit": 3599000000, "grossProfitRatio": 0.1322189566495224, "researchAndDevelopmentExpenses": 0.0, "generalAndAdministrativeExpenses": 2806000000, "sellingAndMarketingExpenses": 0.0, "otherExpenses": 0.0, "operatingExpenses": 2806000000, "costAndExpenses": 26427000000, "interestExpense": 33000000, "depreciationAndAmortization": 271000000, "ebitda": 1038000000, "ebitdaratio": 0.0381337252021, "operatingIncome": 767000000, "operatingIncomeRatio": 0.0281778104335, "totalOtherIncomeExpensesNet": 28000000, "incomeBeforeTax": 762000000, "incomeBeforeTaxRatio": 0.0279941219691, "incomeTaxExpense": 275000000, "netIncome": 480000000, "netIncomeRatio": 0.017634092579, "eps": 1.1, "epsdiluted": 1.09, "weightedAverageShsOut": 438342000, "weightedAverageShsOutDil": 441386000, "link": "https://www.sec.gov/Archives/edgar/data/909832/000090983215000017/0000909832-15-000017-index.htm", "finalLink": "https://www.sec.gov/Archives/edgar/data/909832/000090983215000014/cost10k83015.htm"}, {"date": "2015-08-30", "symbol": "COST", "fillingDate": "2015-10-14", "acceptedDate": "2015-10-13 18:50:16", "period": "FY", "revenue": 35778000000, "costOfRevenue": 31096000000, "grossProfit": 4682000000, "grossProfitRatio": 0.13086254122645202, "researchAndDevelopmentExpenses": 0.0, "generalAndAdministrativeExpenses": 3499000000, "sellingAndMarketingExpenses": 0.0, "otherExpenses": 0.0, "operatingExpenses": 3499000000, "costAndExpenses": 34595000000, "interestExpense": 40000000, "depreciationAndAmortization": 351000000, "ebitda": 1507000000, "ebitdaratio": 0.0421208563922, "operatingIncome": 1156000000, "operatingIncomeRatio": 0.0323103583208, "totalOtherIncomeExpensesNet": 95000000, "incomeBeforeTax": 1156000000, "incomeBeforeTaxRatio": 0.0323103583208, "incomeTaxExpense": 378000000, "netIncome": 767000000, "netIncomeRatio": 0.021437755045, "eps": 1.75, "epsdiluted": 1.73, "weightedAverageShsOut": 439455000, "weightedAverageShsOutDil": 442716000, "link": "https://www.sec.gov/Archives/edgar/data/909832/000090983215000014/0000909832-15-000014-index.htm", "finalLink": "https://www.sec.gov/Archives/edgar/data/909832/000090983215000014/cost10k83015.htm"}, {"date": "2015-05-10", "symbol": "COST", "fillingDate": "2015-06-04", "acceptedDate": "2015-06-04 17:18:09", "period": "Q3", "revenue": 26101000000, "costOfRevenue": 22687000000, "grossProfit": 3414000000, "grossProfitRatio": 0.1307995862227501, "researchAndDevelopmentExpenses": 0.0, "generalAndAdministrativeExpenses": 2579000000, "sellingAndMarketingExpenses": 0.0, "otherExpenses": 0.0, "operatingExpenses": 2579000000, "costAndExpenses": 25266000000, "interestExpense": 31000000, "depreciationAndAmortization": 262000000, "ebitda": 1083000000, "ebitdaratio": 0.0414926631164, "operatingIncome": 821000000, "operatingIncomeRatio": 0.0314547335351, "totalOtherIncomeExpensesNet": 9000000.0, "incomeBeforeTax": 799000000, "incomeBeforeTaxRatio": 0.030611853952, "incomeTaxExpense": 280000000, "netIncome": 516000000, "netIncomeRatio": 0.0197693574959, "eps": 1.17, "epsdiluted": 1.17, "weightedAverageShsOut": 439733000, "weightedAverageShsOutDil": 442721000, "link": "https://www.sec.gov/Archives/edgar/data/909832/000090983215000008/0000909832-15-000008-index.htm", "finalLink": "https://www.sec.gov/Archives/edgar/data/909832/000090983215000008/cost10q51015.htm"}, {"date": "2015-02-15", "symbol": "COST", "fillingDate": "2015-03-11", "acceptedDate": "2015-03-11 17:23:47", "period": "Q2", "revenue": 27454000000, "costOfRevenue": 23897000000, "grossProfit": 3557000000, "grossProfitRatio": 0.12956217673198805, "researchAndDevelopmentExpenses": 0.0, "generalAndAdministrativeExpenses": 2671000000, "sellingAndMarketingExpenses": 0.0, "otherExpenses": 0.0, "operatingExpenses": 2671000000, "costAndExpenses": 26568000000, "interestExpense": 27000000, "depreciationAndAmortization": 260000000, "ebitda": 1137000000, "ebitdaratio": 0.041414730094, "operatingIncome": 877000000, "operatingIncomeRatio": 0.0319443432651, "totalOtherIncomeExpensesNet": -15000000, "incomeBeforeTax": 870000000, "incomeBeforeTaxRatio": 0.031689371312, "incomeTaxExpense": 263000000, "netIncome": 598000000, "netIncomeRatio": 0.0217818897064, "eps": 1.36, "epsdiluted": 1.35, "weightedAverageShsOut": 439567000, "weightedAverageShsOutDil": 442522000, "link": "https://www.sec.gov/Archives/edgar/data/909832/000090983215000003/0000909832-15-000003-index.htm", "finalLink": "https://www.sec.gov/Archives/edgar/data/909832/000090983215000003/cost10q21515.htm"}, {"date": "2014-11-23", "symbol": "COST", "fillingDate": "2014-12-18", "acceptedDate": "2014-12-18 15:44:46", "period": "Q1", "revenue": 26866000000, "costOfRevenue": 23385000000, "grossProfit": 3481000000, "grossProfitRatio": 0.12956897193478747, "researchAndDevelopmentExpenses": 0.0, "generalAndAdministrativeExpenses": 2696000000, "sellingAndMarketingExpenses": 0.0, "otherExpenses": 0.0, "operatingExpenses": 2696000000, "costAndExpenses": 26081000000, "interestExpense": 26000000, "depreciationAndAmortization": 254000000, "ebitda": 1024000000, "ebitdaratio": 0.0381150897045, "operatingIncome": 770000000, "operatingIncomeRatio": 0.0286607608129, "totalOtherIncomeExpensesNet": 35000000, "incomeBeforeTax": 779000000, "incomeBeforeTaxRatio": 0.0289957567185, "incomeTaxExpense": 274000000, "netIncome": 496000000, "netIncomeRatio": 0.0184619965756, "eps": 1.13, "epsdiluted": 1.12, "weightedAverageShsOut": 438760000, "weightedAverageShsOutDil": 442210000, "link": "https://www.sec.gov/Archives/edgar/data/909832/000090983214000026/0000909832-14-000026-index.htm", "finalLink": "https://www.sec.gov/Archives/edgar/data/909832/000090983214000021/cost10k2014.htm"}, {"date": "2014-08-31", "symbol": "COST", "fillingDate": "2014-10-15", "acceptedDate": "2014-10-15 17:30:17", "period": "FY", "revenue": 35523000000, "costOfRevenue": 31037000000, "grossProfit": 4486000000, "grossProfitRatio": 0.12628437913464516, "researchAndDevelopmentExpenses": 0.0, "generalAndAdministrativeExpenses": 3380000000, "sellingAndMarketingExpenses": 0.0, "otherExpenses": 0.0, "operatingExpenses": 3380000000, "costAndExpenses": 34417000000, "interestExpense": 35000000, "depreciationAndAmortization": 321000000, "ebitda": 1412000000, "ebitdaratio": 0.0397488950821, "operatingIncome": 1091000000, "operatingIncomeRatio": 0.0307124961293, "totalOtherIncomeExpensesNet": 78000000, "incomeBeforeTax": 1086000000, "incomeBeforeTaxRatio": 0.0305717422515, "incomeTaxExpense": 381000000, "netIncome": 697000000, "netIncomeRatio": 0.019621090561, "eps": 1.59, "epsdiluted": 1.58, "weightedAverageShsOut": 438693000, "weightedAverageShsOutDil": 442485000, "link": "https://www.sec.gov/Archives/edgar/data/909832/000090983214000021/0000909832-14-000021-index.htm", "finalLink": "https://www.sec.gov/Archives/edgar/data/909832/000090983214000021/cost10k2014.htm"}, {"date": "2014-05-11", "symbol": "COST", "fillingDate": "2014-06-05", "acceptedDate": "2014-06-04 17:39:28", "period": "Q3", "revenue": 25794000000, "costOfRevenue": 22554000000, "grossProfit": 3240000000, "grossProfitRatio": 0.1256106071179344, "researchAndDevelopmentExpenses": 0.0, "generalAndAdministrativeExpenses": 2487000000, "sellingAndMarketingExpenses": 0.0, "otherExpenses": 0.0, "operatingExpenses": 2487000000, "costAndExpenses": 25041000000, "interestExpense": 25000000, "depreciationAndAmortization": 237000000, "ebitda": 974000000, "ebitdaratio": 0.0377607195472, "operatingIncome": 737000000, "operatingIncomeRatio": 0.0285725362487, "totalOtherIncomeExpensesNet": 12000000, "incomeBeforeTax": 724000000, "incomeBeforeTaxRatio": 0.028068543072, "incomeTaxExpense": 245000000, "netIncome": 473000000, "netIncomeRatio": 0.018337597891, "eps": 1.08, "epsdiluted": 1.06, "weightedAverageShsOut": 439058000, "weightedAverageShsOutDil": 442651000, "link": "https://www.sec.gov/Archives/edgar/data/909832/000090983214000015/0000909832-14-000015-index.htm", "finalLink": "https://www.sec.gov/Archives/edgar/data/909832/000090983214000015/cost10q5112014.htm"}, {"date": "2014-02-16", "symbol": "COST", "fillingDate": "2014-03-14", "acceptedDate": "2014-03-14 15:58:45", "period": "Q2", "revenue": 26306000000, "costOfRevenue": 23043000000, "grossProfit": 3263000000, "grossProfitRatio": 0.12404014293317114, "researchAndDevelopmentExpenses": 0.0, "generalAndAdministrativeExpenses": 2531000000, "sellingAndMarketingExpenses": 0.0, "otherExpenses": 0.0, "operatingExpenses": 2531000000, "costAndExpenses": 25574000000, "interestExpense": 26000000, "depreciationAndAmortization": 240000000, "ebitda": 964000000, "ebitdaratio": 0.0366456321752, "operatingIncome": 724000000, "operatingIncomeRatio": 0.0275222382726, "totalOtherIncomeExpensesNet": 12000000, "incomeBeforeTax": 728000000, "incomeBeforeTaxRatio": 0.0276742948377, "incomeTaxExpense": 255000000, "netIncome": 463000000, "netIncomeRatio": 0.0176005474036, "eps": 1.05, "epsdiluted": 1.05, "weightedAverageShsOut": 438868000, "weightedAverageShsOutDil": 442627000, "link": "https://www.sec.gov/Archives/edgar/data/909832/000090983214000008/0000909832-14-000008-index.htm", "finalLink": "https://www.sec.gov/Archives/edgar/data/909832/000090983214000008/cost10q2162014.htm"}, {"date": "2013-11-24", "symbol": "COST", "fillingDate": "2013-12-20", "acceptedDate": "2013-12-20 15:21:41", "period": "Q1", "revenue": 25017000000, "costOfRevenue": 21824000000, "grossProfit": 3193000000, "grossProfitRatio": 0.12763320941759604, "researchAndDevelopmentExpenses": 0.0, "generalAndAdministrativeExpenses": 2501000000, "sellingAndMarketingExpenses": 0.0, "otherExpenses": 0.0, "operatingExpenses": 2501000000, "costAndExpenses": 24325000000, "interestExpense": 27000000, "depreciationAndAmortization": 231000000, "ebitda": 899000000, "ebitdaratio": 0.0359355638166, "operatingIncome": 668000000, "operatingIncomeRatio": 0.0267018427469, "totalOtherIncomeExpensesNet": 18000000, "incomeBeforeTax": 659000000, "incomeBeforeTaxRatio": 0.0263420873806, "incomeTaxExpense": 228000000, "netIncome": 425000000, "netIncomeRatio": 0.0169884478555, "eps": 0.97, "epsdiluted": 0.96, "weightedAverageShsOut": 437970000, "weightedAverageShsOutDil": 442420000, "link": "https://www.sec.gov/Archives/edgar/data/909832/000090983213000011/0000909832-13-000011-index.htm", "finalLink": "https://www.sec.gov/Archives/edgar/data/909832/000144530513002422/cost10k2013.htm"}, {"date": "2013-09-01", "symbol": "COST", "fillingDate": "2013-10-16", "acceptedDate": "2013-10-16 15:39:54", "period": "FY", "revenue": 32487000000, "costOfRevenue": 28418000000, "grossProfit": 4069000000, "grossProfitRatio": 0.125250100040016, "researchAndDevelopmentExpenses": 0.0, "generalAndAdministrativeExpenses": 3098000000, "sellingAndMarketingExpenses": 0.0, "otherExpenses": 0.0, "operatingExpenses": 3098000000, "costAndExpenses": 31516000000, "interestExpense": 36000000, "depreciationAndAmortization": 295000000, "ebitda": 1249000000, "ebitdaratio": 0.0384461476898, "operatingIncome": 954000000, "operatingIncomeRatio": 0.0293655923908, "totalOtherIncomeExpensesNet": 82000000, "incomeBeforeTax": 954000000, "incomeBeforeTaxRatio": 0.0293655923908, "incomeTaxExpense": 332000000, "netIncome": 617000000, "netIncomeRatio": 0.0189922122695, "eps": 1.41, "epsdiluted": 1.4, "weightedAverageShsOut": 435741000, "weightedAverageShsOutDil": 440512000, "link": "https://www.sec.gov/Archives/edgar/data/909832/000144530513002422/0001445305-13-002422-index.htm", "finalLink": "https://www.sec.gov/Archives/edgar/data/909832/000144530513002422/cost10k2013.htm"}, {"date": "2013-05-12", "symbol": "COST", "fillingDate": "2013-06-11", "acceptedDate": "2013-06-11 17:22:05", "period": "Q3", "revenue": 24083000000, "costOfRevenue": 21038000000, "grossProfit": 3045000000, "grossProfitRatio": 0.12643773616243822, "researchAndDevelopmentExpenses": 0.0, "generalAndAdministrativeExpenses": 2313000000, "sellingAndMarketingExpenses": 0.0, "otherExpenses": 0.0, "operatingExpenses": 2313000000, "costAndExpenses": 23351000000, "interestExpense": 25000000, "depreciationAndAmortization": 221000000, "ebitda": 943000000, "ebitdaratio": 0.0391562512976, "operatingIncome": 722000000, "operatingIncomeRatio": 0.0299796536976, "totalOtherIncomeExpensesNet": 15000000, "incomeBeforeTax": 712000000, "incomeBeforeTaxRatio": 0.029564423037, "incomeTaxExpense": 248000000, "netIncome": 459000000, "netIncomeRatio": 0.019059087323, "eps": 1.05, "epsdiluted": 1.04, "weightedAverageShsOut": 435293000, "weightedAverageShsOutDil": 439738000, "link": "https://www.sec.gov/Archives/edgar/data/909832/000144530513001463/0001445305-13-001463-index.htm", "finalLink": "https://www.sec.gov/Archives/edgar/data/909832/000144530513001463/cost-51213x10q.htm"}, {"date": "2013-02-17", "symbol": "COST", "fillingDate": "2013-03-20", "acceptedDate": "2013-03-20 15:22:38", "period": "Q2", "revenue": 24871000000, "costOfRevenue": 21766000000, "grossProfit": 3105000000, "grossProfitRatio": 0.12484419605162639, "researchAndDevelopmentExpenses": 0.0, "generalAndAdministrativeExpenses": 2361000000, "sellingAndMarketingExpenses": 0.0, "otherExpenses": 0.0, "operatingExpenses": 2361000000, "costAndExpenses": 24127000000, "interestExpense": 25000000, "depreciationAndAmortization": 217000000, "ebitda": 955000000, "ebitdaratio": 0.0383981343734, "operatingIncome": 738000000, "operatingIncomeRatio": 0.0296731132644, "totalOtherIncomeExpensesNet": 6000000.0, "incomeBeforeTax": 739000000, "incomeBeforeTaxRatio": 0.029713320735, "incomeTaxExpense": 185000000, "netIncome": 547000000, "netIncomeRatio": 0.0219934863898, "eps": 1.26, "epsdiluted": 1.24, "weightedAverageShsOut": 434698000, "weightedAverageShsOutDil": 439222000, "link": "https://www.sec.gov/Archives/edgar/data/909832/000119312513117085/0001193125-13-117085-index.htm", "finalLink": "https://www.sec.gov/Archives/edgar/data/909832/000119312513117085/d462859d10q.htm"}, {"date": "2012-11-25", "symbol": "COST", "fillingDate": "2012-12-21", "acceptedDate": "2012-12-21 16:05:04", "period": "Q1", "revenue": 23715000000, "costOfRevenue": 20726000000, "grossProfit": 2989000000, "grossProfitRatio": 0.12603837233818257, "researchAndDevelopmentExpenses": 0.0, "generalAndAdministrativeExpenses": 2332000000, "sellingAndMarketingExpenses": 0.0, "otherExpenses": 0.0, "operatingExpenses": 2332000000, "costAndExpenses": 23058000000, "interestExpense": 13000000, "depreciationAndAmortization": 213000000, "ebitda": 852000000, "ebitdaratio": 0.035926628716, "operatingIncome": 639000000, "operatingIncomeRatio": 0.026944971537, "totalOtherIncomeExpensesNet": 20000000, "incomeBeforeTax": 646000000, "incomeBeforeTaxRatio": 0.0272401433692, "incomeTaxExpense": 225000000, "netIncome": 416000000, "netIncomeRatio": 0.017541640312, "eps": 0.96, "epsdiluted": 0.95, "weightedAverageShsOut": 433423000, "weightedAverageShsOutDil": 438643000, "link": "https://www.sec.gov/Archives/edgar/data/909832/000119312512512914/0001193125-12-512914-index.htm", "finalLink": "https://www.sec.gov/Archives/edgar/data/909832/000119312512428890/d388097d10k.htm"}, {"date": "2012-09-02", "symbol": "COST", "fillingDate": "2012-10-19", "acceptedDate": "2012-10-19 17:26:26", "period": "FY", "revenue": 32218000000, "costOfRevenue": 28210000000, "grossProfit": 4008000000, "grossProfitRatio": 0.12440250791483022, "researchAndDevelopmentExpenses": 0.0, "generalAndAdministrativeExpenses": 3046000000, "sellingAndMarketingExpenses": 0.0, "otherExpenses": 0.0, "operatingExpenses": 3046000000, "costAndExpenses": 31256000000, "interestExpense": 22000000, "depreciationAndAmortization": 292000000, "ebitda": 1241000000, "ebitdaratio": 0.0385188403998, "operatingIncome": 949000000, "operatingIncomeRatio": 0.0294555838351, "totalOtherIncomeExpensesNet": 85000000, "incomeBeforeTax": 965000000, "incomeBeforeTaxRatio": 0.0299522006332, "incomeTaxExpense": 343000000, "netIncome": 609000000, "netIncomeRatio": 0.0189024768763, "eps": 1.41, "epsdiluted": 1.39, "weightedAverageShsOut": 433620000, "weightedAverageShsOutDil": 439373000, "link": "https://www.sec.gov/Archives/edgar/data/909832/000119312512428890/0001193125-12-428890-index.htm", "finalLink": "https://www.sec.gov/Archives/edgar/data/909832/000119312512428890/d388097d10k.htm"}, {"date": "2012-05-06", "symbol": "COST", "fillingDate": "2012-06-06", "acceptedDate": "2012-06-06 16:30:23", "period": "Q3", "revenue": 22324000000, "costOfRevenue": 19543000000, "grossProfit": 2781000000, "grossProfitRatio": 0.12457444902347249, "researchAndDevelopmentExpenses": 0.0, "generalAndAdministrativeExpenses": 2151000000, "sellingAndMarketingExpenses": 0.0, "otherExpenses": 0.0, "operatingExpenses": 2151000000, "costAndExpenses": 21694000000, "interestExpense": 19000000, "depreciationAndAmortization": 202000000, "ebitda": 825000000, "ebitdaratio": 0.0369557426984, "operatingIncome": 623000000, "operatingIncomeRatio": 0.0279071850923, "totalOtherIncomeExpensesNet": 18000000, "incomeBeforeTax": 622000000, "incomeBeforeTaxRatio": 0.0278623902526, "incomeTaxExpense": 217000000, "netIncome": 386000000, "netIncomeRatio": 0.0172908080989, "eps": 0.89, "epsdiluted": 0.88, "weightedAverageShsOut": 434180000, "weightedAverageShsOutDil": 439748000, "link": "https://www.sec.gov/Archives/edgar/data/909832/000119312512261925/0001193125-12-261925-index.htm", "finalLink": "https://www.sec.gov/Archives/edgar/data/909832/000119312512261925/d349098d10q.htm"}, {"date": "2012-02-12", "symbol": "COST", "fillingDate": "2012-03-15", "acceptedDate": "2012-03-14 18:00:30", "period": "Q2", "revenue": 22967000000, "costOfRevenue": 20139000000, "grossProfit": 2828000000, "grossProfitRatio": 0.1231331911002743, "researchAndDevelopmentExpenses": 0.0, "generalAndAdministrativeExpenses": 2176000000, "sellingAndMarketingExpenses": 0.0, "otherExpenses": 0.0, "operatingExpenses": 2176000000, "costAndExpenses": 22315000000, "interestExpense": 27000000, "depreciationAndAmortization": 209000000, "ebitda": 853000000, "ebitdaratio": 0.0371402446989, "operatingIncome": 644000000, "operatingIncomeRatio": 0.0280402316367, "totalOtherIncomeExpensesNet": -27000000, "incomeBeforeTax": 627000000, "incomeBeforeTaxRatio": 0.0273000391867, "incomeTaxExpense": 215000000, "netIncome": 394000000, "netIncomeRatio": 0.0171550485479, "eps": 0.9, "epsdiluted": 0.89, "weightedAverageShsOut": 434374000, "weightedAverageShsOutDil": 440036000, "link": "https://www.sec.gov/Archives/edgar/data/909832/000119312512115279/0001193125-12-115279-index.htm", "finalLink": "https://www.sec.gov/Archives/edgar/data/909832/000119312512115279/d288191d10q.htm"}, {"date": "2011-11-20", "symbol": "COST", "fillingDate": "2011-12-16", "acceptedDate": "2011-12-16 16:26:37", "period": "Q1", "revenue": 21628000000, "costOfRevenue": 18931000000, "grossProfit": 2697000000, "grossProfitRatio": 0.12469946365822082, "researchAndDevelopmentExpenses": 0.0, "generalAndAdministrativeExpenses": 2145000000, "sellingAndMarketingExpenses": 0.0, "otherExpenses": 0.0, "operatingExpenses": 2145000000, "costAndExpenses": 21076000000, "interestExpense": 27000000, "depreciationAndAmortization": 205000000, "ebitda": 748000000, "ebitdaratio": 0.0345847974847, "operatingIncome": 543000000, "operatingIncomeRatio": 0.0251063436286, "totalOtherIncomeExpensesNet": 37000000, "incomeBeforeTax": 553000000, "incomeBeforeTaxRatio": 0.0255687072314, "incomeTaxExpense": 225000000, "netIncome": 320000000, "netIncomeRatio": 0.0147956352876, "eps": 0.74, "epsdiluted": 0.73, "weightedAverageShsOut": 434222000, "weightedAverageShsOutDil": 440615000, "link": "https://www.sec.gov/Archives/edgar/data/909832/000119312511344028/0001193125-11-344028-index.htm", "finalLink": "https://www.sec.gov/Archives/edgar/data/909832/000119312511271844/d203874d10k.htm"}, {"date": "2011-08-28", "symbol": "COST", "fillingDate": "2011-10-14", "acceptedDate": "2011-10-14 17:04:24", "period": "FY", "revenue": 28178000000, "costOfRevenue": 24680000000, "grossProfit": 3498000000, "grossProfitRatio": 0.12413939953154944, "researchAndDevelopmentExpenses": 0.0, "generalAndAdministrativeExpenses": 2712000000, "sellingAndMarketingExpenses": 0.0, "otherExpenses": 0.0, "operatingExpenses": 2712000000, "costAndExpenses": 27392000000, "interestExpense": 36000000, "depreciationAndAmortization": 273000000, "ebitda": 1035000000, "ebitdaratio": 0.0367307828803, "operatingIncome": 762000000, "operatingIncomeRatio": 0.0270423734829, "totalOtherIncomeExpensesNet": 55000000, "incomeBeforeTax": 772000000, "incomeBeforeTaxRatio": 0.027397260274, "incomeTaxExpense": 272000000, "netIncome": 478000000, "netIncomeRatio": 0.0169635886152, "eps": 1.09, "epsdiluted": 1.08, "weightedAverageShsOut": 436119000, "weightedAverageShsOutDil": 443094000, "link": "https://www.sec.gov/Archives/edgar/data/909832/000119312511271844/0001193125-11-271844-index.htm", "finalLink": "https://www.sec.gov/Archives/edgar/data/909832/000119312511271844/d203874d10k.htm"}, {"date": "2011-05-08", "symbol": "COST", "fillingDate": "2011-06-09", "acceptedDate": "2011-06-08 19:40:52", "period": "Q3", "revenue": 20623000000, "costOfRevenue": 18067000000, "grossProfit": 2556000000, "grossProfitRatio": 0.12393929108277166, "researchAndDevelopmentExpenses": 0.0, "generalAndAdministrativeExpenses": 1991000000, "sellingAndMarketingExpenses": 0.0, "otherExpenses": 0.0, "operatingExpenses": 1991000000, "costAndExpenses": 20058000000, "interestExpense": 27000000, "depreciationAndAmortization": 196000000, "ebitda": 752000000, "ebitdaratio": 0.0364641419774, "operatingIncome": 556000000, "operatingIncomeRatio": 0.026960190079, "totalOtherIncomeExpensesNet": 5000000.0, "incomeBeforeTax": 534000000, "incomeBeforeTaxRatio": 0.025893419968, "incomeTaxExpense": 193000000, "netIncome": 324000000, "netIncomeRatio": 0.0157106143626, "eps": 0.74, "epsdiluted": 0.73, "weightedAverageShsOut": 435913000, "weightedAverageShsOutDil": 442727000, "link": "https://www.sec.gov/Archives/edgar/data/909832/000119312511161386/0001193125-11-161386-index.htm", "finalLink": "https://www.sec.gov/Archives/edgar/data/909832/000119312511161386/d10q.htm"}, {"date": "2011-02-13", "symbol": "COST", "fillingDate": "2011-03-17", "acceptedDate": "2011-03-17 12:13:54", "period": "Q2", "revenue": 20875000000, "costOfRevenue": 18235000000, "grossProfit": 2640000000, "grossProfitRatio": 0.12646706586826348, "researchAndDevelopmentExpenses": 0.0, "generalAndAdministrativeExpenses": 2038000000, "sellingAndMarketingExpenses": 0.0, "otherExpenses": 0.0, "operatingExpenses": 2038000000, "costAndExpenses": 20273000000, "interestExpense": 27000000, "depreciationAndAmortization": 195000000, "ebitda": 791000000, "ebitdaratio": 0.0378922155689, "operatingIncome": 596000000, "operatingIncomeRatio": 0.0285508982036, "totalOtherIncomeExpensesNet": -1000000.0, "incomeBeforeTax": 573000000, "incomeBeforeTaxRatio": 0.0274491017964, "incomeTaxExpense": 204000000, "netIncome": 348000000, "netIncomeRatio": 0.0166706586826, "eps": 0.8, "epsdiluted": 0.78, "weightedAverageShsOut": 435385000, "weightedAverageShsOutDil": 442283000, "link": "https://www.sec.gov/Archives/edgar/data/909832/000119312511069779/0001193125-11-069779-index.htm", "finalLink": "https://www.sec.gov/Archives/edgar/data/909832/000119312511069779/d10q.htm"}, {"date": "2010-11-21", "symbol": "COST", "fillingDate": "2010-12-17", "acceptedDate": "2010-12-17 16:49:25", "period": "Q1", "revenue": 19239000000, "costOfRevenue": 16757000000, "grossProfit": 2482000000, "grossProfitRatio": 0.12900878424034512, "researchAndDevelopmentExpenses": 0.0, "generalAndAdministrativeExpenses": 1941000000, "sellingAndMarketingExpenses": 0.0, "otherExpenses": 0.0, "operatingExpenses": 1941000000, "costAndExpenses": 18698000000, "interestExpense": 26000000, "depreciationAndAmortization": 191000000, "ebitda": 716000000, "ebitdaratio": 0.0372160715214, "operatingIncome": 525000000, "operatingIncomeRatio": 0.0272883205988, "totalOtherIncomeExpensesNet": 5000000.0, "incomeBeforeTax": 504000000, "incomeBeforeTaxRatio": 0.0261967877748, "incomeTaxExpense": 172000000, "netIncome": 312000000, "netIncomeRatio": 0.0162170590987, "eps": 0.72, "epsdiluted": 0.71, "weightedAverageShsOut": 434099000, "weightedAverageShsOutDil": 441360000, "link": "https://www.sec.gov/Archives/edgar/data/909832/000119312510283424/0001193125-10-283424-index.htm", "finalLink": "https://www.sec.gov/Archives/edgar/data/909832/000119312510230379/d10k.htm"}, {"date": "2010-08-29", "symbol": "COST", "fillingDate": "2010-10-18", "acceptedDate": "2010-10-15 18:40:36", "period": "FY", "revenue": 24125000000, "costOfRevenue": 21024000000, "grossProfit": 3101000000, "grossProfitRatio": 0.12853886010362695, "researchAndDevelopmentExpenses": 0.0, "generalAndAdministrativeExpenses": 2401000000, "sellingAndMarketingExpenses": 0.0, "otherExpenses": 0.0, "operatingExpenses": 2401000000, "costAndExpenses": 23425000000, "interestExpense": 34000000, "depreciationAndAmortization": 246000000, "ebitda": 934000000, "ebitdaratio": 0.0387150259067, "operatingIncome": 688000000, "operatingIncomeRatio": 0.028518134715, "totalOtherIncomeExpensesNet": 78000000, "incomeBeforeTax": 684000000, "incomeBeforeTaxRatio": 0.0283523316062, "incomeTaxExpense": 247000000, "netIncome": 432000000, "netIncomeRatio": 0.0179067357513, "eps": 0.99, "epsdiluted": 0.97, "weightedAverageShsOut": 438611000, "weightedAverageShsOutDil": 445970000, "link": "https://www.sec.gov/Archives/edgar/data/909832/000119312510230379/0001193125-10-230379-index.htm", "finalLink": "https://www.sec.gov/Archives/edgar/data/909832/000119312510230379/d10k.htm"}, {"date": "2010-05-09", "symbol": "COST", "fillingDate": "2010-06-10", "acceptedDate": "2010-06-10 14:48:48", "period": "Q3", "revenue": 53821000000, "costOfRevenue": 46971000000, "grossProfit": 6850000000, "grossProfitRatio": 0.12727374073317108, "researchAndDevelopmentExpenses": 0.0, "generalAndAdministrativeExpenses": 5439000000, "sellingAndMarketingExpenses": 0.0, "otherExpenses": 0.0, "operatingExpenses": 5439000000, "costAndExpenses": 52410000000, "interestExpense": 77000000, "depreciationAndAmortization": 549000000, "ebitda": 1938000000, "ebitdaratio": 0.036008249568, "operatingIncome": 1389000000, "operatingIncomeRatio": 0.0258077702012, "totalOtherIncomeExpensesNet": 10000000, "incomeBeforeTax": 1370000000, "incomeBeforeTaxRatio": 0.0254547481466, "incomeTaxExpense": 484000000, "netIncome": 871000000, "netIncomeRatio": 0.0161832741867, "eps": 1.98, "epsdiluted": 1.95, "weightedAverageShsOut": 439306000, "weightedAverageShsOutDil": 446709000, "link": "https://www.sec.gov/Archives/edgar/data/909832/000119312510137013/0001193125-10-137013-index.htm", "finalLink": "https://www.sec.gov/Archives/edgar/data/909832/000119312510137013/d10q.htm"}, {"date": "2010-02-14", "symbol": "COST", "fillingDate": "2010-03-17", "acceptedDate": "2010-03-17 13:53:28", "period": "Q", "revenue": 1443000000, "costOfRevenue": 1315000000, "grossProfit": 128000000, "grossProfitRatio": 0.0887040887040887, "researchAndDevelopmentExpenses": 0.0, "generalAndAdministrativeExpenses": 96000000, "sellingAndMarketingExpenses": 0.0, "otherExpenses": -45891000, "operatingExpenses": 96000000, "costAndExpenses": 1411000000, "interestExpense": -337000.0, "depreciationAndAmortization": -2092000.0, "ebitda": 4092000.0, "ebitdaratio": 0.027656271656271655, "operatingIncome": 6184000.0, "operatingIncomeRatio": 0.029106029106029108, "totalOtherIncomeExpensesNet": 12000000, "incomeBeforeTax": 6561000.0, "incomeBeforeTaxRatio": 0.036036036036036036, "incomeTaxExpense": 17000000, "netIncome": 6662000.0, "netIncomeRatio": 0.024255024255024255, "eps": -0.14, "epsdiluted": -0.14, "weightedAverageShsOut": 439306000, "weightedAverageShsOutDil": 446709000, "link": "https://www.sec.gov/Archives/edgar/data/909832/000119312510059399/0001193125-10-059399-index.htm", "finalLink": "https://www.sec.gov/Archives/edgar/data/909832/000119312510059399/d10q.htm"}, {"date": "2009-11-22", "symbol": "COST", "fillingDate": "2009-12-18", "acceptedDate": "2009-12-18 12:50:27", "period": "Q1", "revenue": 17299000000, "costOfRevenue": 15081000000, "grossProfit": 2218000000, "grossProfitRatio": 0.12821550378634602, "researchAndDevelopmentExpenses": 0.0, "generalAndAdministrativeExpenses": 1777000000, "sellingAndMarketingExpenses": 0.0, "otherExpenses": 0.0, "operatingExpenses": 1777000000, "costAndExpenses": 16858000000, "interestExpense": 24000000, "depreciationAndAmortization": 184000000, "ebitda": 612000000, "ebitdaratio": 0.03537776750101162, "operatingIncome": 428000000, "operatingIncomeRatio": 0.024741314526851264, "totalOtherIncomeExpensesNet": 18000000, "incomeBeforeTax": 422000000, "incomeBeforeTaxRatio": 0.024394473668998207, "incomeTaxExpense": 152000000, "netIncome": 270000000, "netIncomeRatio": 0.01560783860338748, "eps": 0.61, "epsdiluted": 0.6, "weightedAverageShsOut": 439306000, "weightedAverageShsOutDil": 446709000, "link": "https://www.sec.gov/Archives/edgar/data/909832/000119312509255610/0001193125-09-255610-index.htm", "finalLink": "https://www.sec.gov/Archives/edgar/data/909832/000119312509208963/d10k.htm"}, {"date": "2009-08-30", "symbol": "COST", "fillingDate": "2009-10-16", "acceptedDate": "2009-10-16 12:41:07", "period": "FY", "revenue": 55616000000, "costOfRevenue": 48559000000, "grossProfit": 7057000000, "grossProfitRatio": 0.12688794591484465, "researchAndDevelopmentExpenses": 0.0, "generalAndAdministrativeExpenses": 5597000000, "sellingAndMarketingExpenses": 0.0, "otherExpenses": 0.0, "operatingExpenses": 5597000000, "costAndExpenses": 54156000000, "interestExpense": 83000000, "depreciationAndAmortization": 241000000, "ebitda": 1659000000, "ebitdaratio": 0.029829545454545456, "operatingIncome": 1418000000, "operatingIncomeRatio": 0.02549626006904488, "totalOtherIncomeExpensesNet": 41000000, "incomeBeforeTax": 1376000000, "incomeBeforeTaxRatio": 0.02474108170310702, "incomeTaxExpense": 500000000, "netIncome": 876000000, "netIncomeRatio": 0.015750863060989644, "eps": 2.5, "epsdiluted": 2.47, "weightedAverageShsOut": 433988000, "weightedAverageShsOutDil": 440454000, "link": "https://www.sec.gov/Archives/edgar/data/909832/000119312509208963/0001193125-09-208963-index.htm", "finalLink": "https://www.sec.gov/Archives/edgar/data/909832/000119312509208963/d10k.htm"}, {"date": "2009-05-10", "symbol": "COST", "fillingDate": "2009-06-12", "acceptedDate": "2009-06-12 14:35:06", "period": "", "revenue": 15806000000, "costOfRevenue": 13776000000, "grossProfit": 2030000000, "grossProfitRatio": 0.12843224092116917, "researchAndDevelopmentExpenses": 0.0, "generalAndAdministrativeExpenses": 1655000000, "sellingAndMarketingExpenses": 0.0, "otherExpenses": 0.0, "operatingExpenses": 1655000000, "costAndExpenses": 15431000000, "interestExpense": 25000000, "depreciationAndAmortization": 171000000, "ebitda": 530000000, "ebitdaratio": 0.033531570289763384, "operatingIncome": 359000000, "operatingIncomeRatio": 0.022712893837783122, "totalOtherIncomeExpensesNet": 4000000.0, "incomeBeforeTax": 338000000, "incomeBeforeTaxRatio": 0.021384284448943438, "incomeTaxExpense": 128000000, "netIncome": 210000000, "netIncomeRatio": 0.013286093888396812, "eps": 0.48, "epsdiluted": 0.48, "weightedAverageShsOut": 434354000, "weightedAverageShsOutDil": 439997000, "link": "https://www.sec.gov/Archives/edgar/data/909832/000119312509130084/0001193125-09-130084-index.htm", "finalLink": "https://www.sec.gov/Archives/edgar/data/909832/000119312509130084/d10q.htm"}, {"date": "2009-02-15", "symbol": "COST", "fillingDate": "2009-03-18", "acceptedDate": "2009-03-18 14:56:00", "period": "", "revenue": 448000000, "costOfRevenue": 495000000, "grossProfit": -47000000, "grossProfitRatio": -0.10491071428571429, "researchAndDevelopmentExpenses": 0.0, "generalAndAdministrativeExpenses": -11000000, "sellingAndMarketingExpenses": 0.0, "otherExpenses": 0.0, "operatingExpenses": -11000000, "costAndExpenses": 484000000, "interestExpense": 0.0, "depreciationAndAmortization": 161000000, "ebitda": 137000000, "ebitdaratio": 0.30580357142857145, "operatingIncome": -24000000, "operatingIncomeRatio": -0.05357142857142857, "totalOtherIncomeExpensesNet": -10000000, "incomeBeforeTax": -34000000, "incomeBeforeTaxRatio": -0.07589285714285714, "incomeTaxExpense": -10000000, "netIncome": -24000000, "netIncomeRatio": -0.05357142857142857, "eps": 0.55, "epsdiluted": 0.55, "weightedAverageShsOut": 433476000, "weightedAverageShsOutDil": 439688000, "link": "https://www.sec.gov/Archives/edgar/data/909832/000119312509057593/0001193125-09-057593-index.htm", "finalLink": "https://www.sec.gov/Archives/edgar/data/909832/000119312509057593/d10q.htm"}, {"date": "2008-11-23", "symbol": "COST", "fillingDate": "2008-12-19", "acceptedDate": "2008-12-19 16:15:01", "period": "Q1", "revenue": 16395000000, "costOfRevenue": 14276000000, "grossProfit": 2119000000, "grossProfitRatio": 0.12924672156145167, "researchAndDevelopmentExpenses": 0.0, "generalAndAdministrativeExpenses": 1677000000, "sellingAndMarketingExpenses": 0.0, "otherExpenses": 0.0, "operatingExpenses": 1677000000, "costAndExpenses": 15953000000, "interestExpense": 25000000, "depreciationAndAmortization": 155000000, "ebitda": 577000000, "ebitdaratio": 0.035193656602622754, "operatingIncome": 422000000, "operatingIncomeRatio": 0.02573955474229948, "totalOtherIncomeExpensesNet": 18000000, "incomeBeforeTax": 415000000, "incomeBeforeTaxRatio": 0.02531259530344617, "incomeTaxExpense": 152000000, "netIncome": 263000000, "netIncomeRatio": 0.01604147605977432, "eps": 0.61, "epsdiluted": 0.6, "weightedAverageShsOut": 432451000, "weightedAverageShsOutDil": 440533000, "link": "https://www.sec.gov/Archives/edgar/data/909832/000119312508257118/0001193125-08-257118-index.htm", "finalLink": "https://www.sec.gov/Archives/edgar/data/909832/000119312508211709/d10k.htm"}, {"date": "2008-08-31", "symbol": "COST", "fillingDate": "2008-10-16", "acceptedDate": "2008-10-16 17:27:27", "period": "FY", "revenue": 55869303000, "costOfRevenue": 48954728000, "grossProfit": 6914575000, "grossProfitRatio": 0.12376340188099358, "researchAndDevelopmentExpenses": 0.0, "generalAndAdministrativeExpenses": 5371316000, "sellingAndMarketingExpenses": 0.0, "otherExpenses": 0.0, "operatingExpenses": 5371316000, "costAndExpenses": 54326044000, "interestExpense": 78496000, "depreciationAndAmortization": 216560000, "ebitda": 1719820000, "ebitdaratio": 0.03078291490409322, "operatingIncome": 1503260000, "operatingIncomeRatio": 0.026906725505417527, "totalOtherIncomeExpensesNet": 108887000, "incomeBeforeTax": 1533651000, "incomeBeforeTaxRatio": 0.027450691482583917, "incomeTaxExpense": 545992000, "netIncome": 987659000, "netIncomeRatio": 0.017678026160448074, "eps": 2.95, "epsdiluted": 2.89, "weightedAverageShsOut": 434442000, "weightedAverageShsOutDil": 444240000, "link": "https://www.sec.gov/Archives/edgar/data/909832/000119312508211709/0001193125-08-211709-index.htm", "finalLink": "https://www.sec.gov/Archives/edgar/data/909832/000119312508211709/d10k.htm"}, {"date": "2008-05-11", "symbol": "COST", "fillingDate": "2008-06-13", "acceptedDate": "2008-06-13 15:40:40", "period": "", "revenue": 16613717000, "costOfRevenue": 14548022000, "grossProfit": 2065695000, "grossProfitRatio": 0.12433671525763922, "researchAndDevelopmentExpenses": 0.0, "generalAndAdministrativeExpenses": 1582488000, "sellingAndMarketingExpenses": 0.0, "otherExpenses": 0.0, "operatingExpenses": 1582488000, "costAndExpenses": 16130510000, "interestExpense": 24140000, "depreciationAndAmortization": 149980000, "ebitda": 615555000, "ebitdaratio": 0.037051010318762505, "operatingIncome": 465575000, "operatingIncomeRatio": 0.02802353019495878, "totalOtherIncomeExpensesNet": 23888000, "incomeBeforeTax": 465323000, "incomeBeforeTaxRatio": 0.028008362005925585, "incomeTaxExpense": 170257000, "netIncome": 295066000, "netIncomeRatio": 0.01776038438598659, "eps": 0.68, "epsdiluted": 0.67, "weightedAverageShsOut": 433678000, "weightedAverageShsOutDil": 443281000, "link": "https://www.sec.gov/Archives/edgar/data/909832/000119312508133548/0001193125-08-133548-index.htm", "finalLink": "https://www.sec.gov/Archives/edgar/data/909832/000119312508133548/d10q.htm"}, {"date": "2008-02-17", "symbol": "COST", "fillingDate": "2008-03-28", "acceptedDate": "2008-03-28 16:56:12", "period": "", "revenue": 1150356000, "costOfRevenue": 1009678000, "grossProfit": 140678000, "grossProfitRatio": 0.12229083866211851, "researchAndDevelopmentExpenses": 0.0, "generalAndAdministrativeExpenses": 45937000, "sellingAndMarketingExpenses": 0.0, "otherExpenses": 0.0, "operatingExpenses": 45937000, "costAndExpenses": 1055615000, "interestExpense": 503000.0, "depreciationAndAmortization": 145048000, "ebitda": 254526000, "ebitdaratio": 0.2212584625976654, "operatingIncome": 109478000, "operatingIncomeRatio": 0.09516879991932932, "totalOtherIncomeExpensesNet": 7327000.0, "incomeBeforeTax": 116302000, "incomeBeforeTaxRatio": 0.10110087659820091, "incomeTaxExpense": 50433000, "netIncome": 65869000, "netIncomeRatio": 0.057259665703486576, "eps": 0.75, "epsdiluted": 0.74, "weightedAverageShsOut": 434779000, "weightedAverageShsOutDil": 444925000, "link": "https://www.sec.gov/Archives/edgar/data/909832/000119312508069290/0001193125-08-069290-index.htm", "finalLink": "https://www.sec.gov/Archives/edgar/data/909832/000119312508069290/d10q.htm"}, {"date": "2007-11-25", "symbol": "COST", "fillingDate": "2007-12-21", "acceptedDate": "2007-12-21 15:41:54", "period": "Q1", "revenue": 15809530000, "costOfRevenue": 13823511000, "grossProfit": 1986019000, "grossProfitRatio": 0.12562163454574551, "researchAndDevelopmentExpenses": 0.0, "generalAndAdministrativeExpenses": 1569594000, "sellingAndMarketingExpenses": 0.0, "otherExpenses": 0.0, "operatingExpenses": 1569594000, "costAndExpenses": 15393105000, "interestExpense": 22968000, "depreciationAndAmortization": 141494000, "ebitda": 536348000, "ebitdaratio": 0.03392561322189844, "operatingIncome": 394854000, "operatingIncomeRatio": 0.024975695039637483, "totalOtherIncomeExpensesNet": 33277000, "incomeBeforeTax": 405163000, "incomeBeforeTaxRatio": 0.025627770085511713, "incomeTaxExpense": 143182000, "netIncome": 261981000, "netIncomeRatio": 0.01657108086072135, "eps": 0.6, "epsdiluted": 0.59, "weightedAverageShsOut": 435090000, "weightedAverageShsOutDil": 445717000, "link": "https://www.sec.gov/Archives/edgar/data/909832/000119312507270361/0001193125-07-270361-index.htm", "finalLink": "https://www.sec.gov/Archives/edgar/data/909832/000119312507225805/d10k.htm"}, {"date": "2007-09-02", "symbol": "COST", "fillingDate": "2007-10-25", "acceptedDate": "2007-10-25 15:39:49", "period": "FY", "revenue": 49740900000, "costOfRevenue": 43572115000, "grossProfit": 6168785000, "grossProfitRatio": 0.12401836315788416, "researchAndDevelopmentExpenses": 0.0, "generalAndAdministrativeExpenses": 4840446000, "sellingAndMarketingExpenses": 0.0, "otherExpenses": 0.0, "operatingExpenses": 4840446000, "costAndExpenses": 48412561000, "interestExpense": 38063000, "depreciationAndAmortization": 177960000, "ebitda": 1447481000, "ebitdaratio": 0.029100418367982887, "operatingIncome": 1269521000, "operatingIncomeRatio": 0.025522678520091113, "totalOtherIncomeExpensesNet": 122646000, "incomeBeforeTax": 1354104000, "incomeBeforeTaxRatio": 0.027223150365192426, "incomeTaxExpense": 495318000, "netIncome": 858786000, "netIncomeRatio": 0.01726518820527976, "eps": 2.42, "epsdiluted": 2.37, "weightedAverageShsOut": 447659000, "weightedAverageShsOutDil": 457641000, "link": "https://www.sec.gov/Archives/edgar/data/909832/000119312507225805/0001193125-07-225805-index.htm", "finalLink": "https://www.sec.gov/Archives/edgar/data/909832/000119312507225805/d10k.htm"}, {"date": "2007-05-13", "symbol": "COST", "fillingDate": "2007-06-15", "acceptedDate": "2007-06-15 16:50:36", "period": "", "revenue": 14659255000, "costOfRevenue": 12877587000, "grossProfit": 1781668000, "grossProfitRatio": 0.12153878215502766, "researchAndDevelopmentExpenses": 0.0, "generalAndAdministrativeExpenses": 1432650000, "sellingAndMarketingExpenses": 0.0, "otherExpenses": 0.0, "operatingExpenses": 1432650000, "costAndExpenses": 14310237000, "interestExpense": 26016000, "depreciationAndAmortization": 129830000, "ebitda": 468895000, "ebitdaratio": 0.03198627761097, "operatingIncome": 339065000, "operatingIncomeRatio": 0.023129756594042466, "totalOtherIncomeExpensesNet": 42838000, "incomeBeforeTax": 355887000, "incomeBeforeTaxRatio": 0.02427729103559492, "incomeTaxExpense": 131901000, "netIncome": 223986000, "netIncomeRatio": 0.015279494080701918, "eps": 0.5, "epsdiluted": 0.49, "weightedAverageShsOut": 445471000, "weightedAverageShsOutDil": 455889000, "link": "https://www.sec.gov/Archives/edgar/data/909832/000119312507136818/0001193125-07-136818-index.htm", "finalLink": "https://www.sec.gov/Archives/edgar/data/909832/000119312507136818/d10q.htm"}, {"date": "2007-02-18", "symbol": "COST", "fillingDate": "2007-03-30", "acceptedDate": "2007-03-30 15:53:56", "period": "", "revenue": 653072000, "costOfRevenue": 862794000, "grossProfit": -209722000, "grossProfitRatio": -0.3211315138300218, "researchAndDevelopmentExpenses": 0.0, "generalAndAdministrativeExpenses": 105524000, "sellingAndMarketingExpenses": 0.0, "otherExpenses": 0.0, "operatingExpenses": 105524000, "costAndExpenses": 968318000, "interestExpense": 1480000.0, "depreciationAndAmortization": 131619000, "ebitda": 139807000, "ebitdaratio": 0.2140759364970478, "operatingIncome": 8188000.0, "operatingIncomeRatio": 0.01253766812847588, "totalOtherIncomeExpensesNet": 9415000.0, "incomeBeforeTax": 16123000, "incomeBeforeTaxRatio": 0.024687936399049416, "incomeTaxExpense": 3531000.0, "netIncome": 12592000, "netIncomeRatio": 0.0192811818604993, "eps": 0.55, "epsdiluted": 0.54, "weightedAverageShsOut": 450901000, "weightedAverageShsOutDil": 461575000, "link": "https://www.sec.gov/Archives/edgar/data/909832/000119312507070474/0001193125-07-070474-index.htm", "finalLink": "https://www.sec.gov/Archives/edgar/data/909832/000119312507070474/d10q.htm"}, {"date": "2006-11-26", "symbol": "COST", "fillingDate": "2006-12-22", "acceptedDate": "2006-12-22 15:39:23", "period": "Q1", "revenue": 14151624000, "costOfRevenue": 12388958000, "grossProfit": 1762666000, "grossProfitRatio": 0.12455574003379401, "researchAndDevelopmentExpenses": 0.0, "generalAndAdministrativeExpenses": 1382467000, "sellingAndMarketingExpenses": 0.0, "otherExpenses": 0.0, "operatingExpenses": 1382467000, "costAndExpenses": 13771425000, "interestExpense": 2140000.0, "depreciationAndAmortization": 126976000, "ebitda": 480116000, "ebitdaratio": 0.03392656560123418, "operatingIncome": 353140000, "operatingIncomeRatio": 0.02495402647780919, "totalOtherIncomeExpensesNet": 27111000, "incomeBeforeTax": 378111000, "incomeBeforeTaxRatio": 0.026718558944189022, "incomeTaxExpense": 141225000, "netIncome": 236886000, "netIncomeRatio": 0.016739138914374774, "eps": 0.52, "epsdiluted": 0.51, "weightedAverageShsOut": 458873000, "weightedAverageShsOutDil": 467836000, "link": "https://www.sec.gov/Archives/edgar/data/909832/000119312506259149/0001193125-06-259149-index.htm", "finalLink": "https://www.sec.gov/Archives/edgar/data/909832/000119312506238399/d10k.htm"}, {"date": "2006-09-03", "symbol": "COST", "fillingDate": "2006-11-17", "acceptedDate": "2006-11-17 16:59:34", "period": "FY", "revenue": 46878052000, "costOfRevenue": 41110445000, "grossProfit": 5767607000, "grossProfitRatio": 0.12303427198724043, "researchAndDevelopmentExpenses": 0.0, "generalAndAdministrativeExpenses": 4460338000, "sellingAndMarketingExpenses": 0.0, "otherExpenses": 0.0, "operatingExpenses": 4460338000, "costAndExpenses": 45570783000, "interestExpense": 9891000.0, "depreciationAndAmortization": 178557000, "ebitda": 1449482000, "ebitdaratio": 0.030920269468535082, "operatingIncome": 1270925000, "operatingIncomeRatio": 0.027111301467902294, "totalOtherIncomeExpensesNet": 104604000, "incomeBeforeTax": 1365638000, "incomeBeforeTaxRatio": 0.029131713920194466, "incomeTaxExpense": 498018000, "netIncome": 867620000, "netIncomeRatio": 0.01850802162171756, "eps": 2.35, "epsdiluted": 2.3, "weightedAverageShsOut": 469718000, "weightedAverageShsOutDil": 480341000, "link": "https://www.sec.gov/Archives/edgar/data/909832/000119312506238399/0001193125-06-238399-index.htm", "finalLink": "https://www.sec.gov/Archives/edgar/data/909832/000119312506238399/d10k.htm"}, {"date": "2006-05-07", "symbol": "COST", "fillingDate": "2006-06-16", "acceptedDate": "2006-06-16 16:27:49", "period": "", "revenue": 13273175000, "costOfRevenue": 11635052000, "grossProfit": 1638123000, "grossProfitRatio": 0.12341606284856486, "researchAndDevelopmentExpenses": 0.0, "generalAndAdministrativeExpenses": 1271803000, "sellingAndMarketingExpenses": 0.0, "otherExpenses": 0.0, "operatingExpenses": 1271803000, "costAndExpenses": 12906855000, "interestExpense": 2679000.0, "depreciationAndAmortization": 112331000, "ebitda": 467038000, "ebitdaratio": 0.03518660757505269, "operatingIncome": 354707000, "operatingIncomeRatio": 0.02672359853614527, "totalOtherIncomeExpensesNet": 33751000, "incomeBeforeTax": 385779000, "incomeBeforeTaxRatio": 0.02906456066464881, "incomeTaxExpense": 150184000, "netIncome": 235595000, "netIncomeRatio": 0.017749709470416836, "eps": 0.5, "epsdiluted": 0.49, "weightedAverageShsOut": 470516000, "weightedAverageShsOutDil": 480533000, "link": "https://www.sec.gov/Archives/edgar/data/909832/000119312506131310/0001193125-06-131310-index.htm", "finalLink": "https://www.sec.gov/Archives/edgar/data/909832/000119312506131310/d10q.htm"}, {"date": "2006-02-12", "symbol": "COST", "fillingDate": "2006-03-23", "acceptedDate": "2006-03-23 16:49:39", "period": "", "revenue": 1127223000, "costOfRevenue": 973679000, "grossProfit": 153544000, "grossProfitRatio": 0.1362143959092389, "researchAndDevelopmentExpenses": 0.0, "generalAndAdministrativeExpenses": 55269000, "sellingAndMarketingExpenses": 0.0, "otherExpenses": 0.0, "operatingExpenses": 55269000, "costAndExpenses": 1028948000, "interestExpense": -801000.0, "depreciationAndAmortization": 109797000, "ebitda": 215618000, "ebitdaratio": 0.19128247028316492, "operatingIncome": 105821000, "operatingIncomeRatio": 0.09387760895581442, "totalOtherIncomeExpensesNet": 9685000.0, "incomeBeforeTax": 116307000, "incomeBeforeTaxRatio": 0.10318011609060497, "incomeTaxExpense": 35922000, "netIncome": 80385000, "netIncomeRatio": 0.07131241999143027, "eps": 0.63, "epsdiluted": 0.62, "weightedAverageShsOut": 471889000, "weightedAverageShsOutDil": 482127000, "link": "https://www.sec.gov/Archives/edgar/data/909832/000119312506061885/0001193125-06-061885-index.htm", "finalLink": "https://www.sec.gov/Archives/edgar/data/909832/000119312506061885/d10q.htm"}, {"date": "2005-11-20", "symbol": "COST", "fillingDate": "2005-12-21", "acceptedDate": "2005-12-21 17:11:23", "period": "Q1", "revenue": 12927353000, "costOfRevenue": 11330171000, "grossProfit": 1597182000, "grossProfitRatio": 0.12355058301571868, "researchAndDevelopmentExpenses": 0.0, "generalAndAdministrativeExpenses": 1258099000, "sellingAndMarketingExpenses": 0.0, "otherExpenses": 0.0, "operatingExpenses": 1258099000, "costAndExpenses": 12588270000, "interestExpense": 3724000.0, "depreciationAndAmortization": 114600000, "ebitda": 440095000, "ebitdaratio": 0.034043705621715444, "operatingIncome": 325495000, "operatingIncomeRatio": 0.025178781766073844, "totalOtherIncomeExpensesNet": 25540000, "incomeBeforeTax": 347311000, "incomeBeforeTaxRatio": 0.02686636622361902, "incomeTaxExpense": 131493000, "netIncome": 215818000, "netIncomeRatio": 0.0166946783305136, "eps": 0.46, "epsdiluted": 0.45, "weightedAverageShsOut": 472717000, "weightedAverageShsOutDil": 486367000, "link": "https://www.sec.gov/Archives/edgar/data/909832/000119312505246681/0001193125-05-246681-index.htm", "finalLink": "https://www.sec.gov/Archives/edgar/data/909832/000119312505223245/d10k.htm"}, {"date": "2005-08-28", "symbol": "COST", "fillingDate": "2005-11-10", "acceptedDate": "2005-11-10 17:04:17", "period": "FY", "revenue": 40938328000, "costOfRevenue": 35843300000, "grossProfit": 5095028000, "grossProfitRatio": 0.12445618199160455, "researchAndDevelopmentExpenses": 0.0, "generalAndAdministrativeExpenses": 3879716000, "sellingAndMarketingExpenses": 0.0, "otherExpenses": 0.0, "operatingExpenses": 3879716000, "costAndExpenses": 39723016000, "interestExpense": 25961000, "depreciationAndAmortization": 148283000, "ebitda": 1306447000, "ebitdaratio": 0.031912563698253626, "operatingIncome": 1158164000, "operatingIncomeRatio": 0.02829045680614997, "totalOtherIncomeExpensesNet": 78937000, "incomeBeforeTax": 1211140000, "incomeBeforeTaxRatio": 0.029584500861881805, "incomeTaxExpense": 357836000, "netIncome": 853304000, "netIncomeRatio": 0.02084364559295143, "eps": 2.24, "epsdiluted": 2.18, "weightedAverageShsOut": 473945000, "weightedAverageShsOutDil": 492035000, "link": "https://www.sec.gov/Archives/edgar/data/909832/000119312505223245/0001193125-05-223245-index.htm", "finalLink": "https://www.sec.gov/Archives/edgar/data/909832/000119312505223245/d10k.htm"}, {"date": "2005-05-08", "symbol": "COST", "fillingDate": "2005-06-16", "acceptedDate": "2005-06-16 16:51:03", "period": "", "revenue": 11996900000, "costOfRevenue": 10503661000, "grossProfit": 1493239000, "grossProfitRatio": 0.12446873775725396, "researchAndDevelopmentExpenses": 0.0, "generalAndAdministrativeExpenses": 1164625000, "sellingAndMarketingExpenses": 0.0, "otherExpenses": 0.0, "operatingExpenses": 1164625000, "costAndExpenses": 11668286000, "interestExpense": 8476000.0, "depreciationAndAmortization": 111411000, "ebitda": 427550000, "ebitdaratio": 0.035638373246421995, "operatingIncome": 316139000, "operatingIncomeRatio": 0.026351724195417148, "totalOtherIncomeExpensesNet": 30159000, "incomeBeforeTax": 337822000, "incomeBeforeTaxRatio": 0.028159107769507124, "incomeTaxExpense": 128034000, "netIncome": 209788000, "netIncomeRatio": 0.017486850769782195, "eps": 0.44, "epsdiluted": 0.43, "weightedAverageShsOut": 478248000, "weightedAverageShsOutDil": 493282000, "link": "https://www.sec.gov/Archives/edgar/data/909832/000119312505126488/0001193125-05-126488-index.htm", "finalLink": "https://www.sec.gov/Archives/edgar/data/909832/000119312505126488/d10q.htm"}, {"date": "2005-02-13", "symbol": "COST", "fillingDate": "2005-03-24", "acceptedDate": "2005-03-24 14:47:21", "period": "", "revenue": 1080074000, "costOfRevenue": 923577000, "grossProfit": 156497000, "grossProfitRatio": 0.14489470165933074, "researchAndDevelopmentExpenses": 0.0, "generalAndAdministrativeExpenses": 53436000, "sellingAndMarketingExpenses": 0.0, "otherExpenses": 0.0, "operatingExpenses": 53436000, "costAndExpenses": 977013000, "interestExpense": -662000.0, "depreciationAndAmortization": 110114000, "ebitda": 199364000, "ebitdaratio": 0.18458364889813106, "operatingIncome": 89250000, "operatingIncomeRatio": 0.08263322698259563, "totalOtherIncomeExpensesNet": 9189000.0, "incomeBeforeTax": 99101000, "incomeBeforeTaxRatio": 0.09175389834400235, "incomeTaxExpense": -13198000, "netIncome": 112299000, "netIncomeRatio": 0.10397343145006731, "eps": 0.64, "epsdiluted": 0.62, "weightedAverageShsOut": 474221000, "weightedAverageShsOutDil": 493700000, "link": "https://www.sec.gov/Archives/edgar/data/909832/000119312505059697/0001193125-05-059697-index.htm", "finalLink": "https://www.sec.gov/Archives/edgar/data/909832/000119312505059697/d10q.htm"}, {"date": "2004-11-21", "symbol": "COST", "fillingDate": "2004-12-17", "acceptedDate": "2004-12-17 17:25:35", "period": "Q1", "revenue": 11578003000, "costOfRevenue": 10132487000, "grossProfit": 1445516000, "grossProfitRatio": 0.12485020085069938, "researchAndDevelopmentExpenses": 0.0, "generalAndAdministrativeExpenses": 1131686000, "sellingAndMarketingExpenses": 0.0, "otherExpenses": 0.0, "operatingExpenses": 1131686000, "costAndExpenses": 11264173000, "interestExpense": 9642000.0, "depreciationAndAmortization": 108060000, "ebitda": 408705000, "ebitdaratio": 0.035300129046434, "operatingIncome": 300645000, "operatingIncomeRatio": 0.025966913292387296, "totalOtherIncomeExpensesNet": 15590000, "incomeBeforeTax": 306593000, "incomeBeforeTaxRatio": 0.02648064610105905, "incomeTaxExpense": 113440000, "netIncome": 193153000, "netIncomeRatio": 0.016682756084965604, "eps": 0.41, "epsdiluted": 0.4, "weightedAverageShsOut": 465869000, "weightedAverageShsOutDil": 489284000, "link": "https://www.sec.gov/Archives/edgar/data/909832/000119312504215754/0001193125-04-215754-index.htm", "finalLink": "https://www.sec.gov/Archives/edgar/data/909832/000119312504195535/d10k.htm"}, {"date": "2004-08-29", "symbol": "COST", "fillingDate": "2004-11-12", "acceptedDate": "2004-11-12 17:15:28", "period": "FY", "revenue": 37209753000, "costOfRevenue": 9540312000, "grossProfit": 27669441000, "grossProfitRatio": 0.7436072203972974, "researchAndDevelopmentExpenses": 0.0, "generalAndAdministrativeExpenses": 3547149000, "sellingAndMarketingExpenses": 0.0, "otherExpenses": 0.0, "operatingExpenses": 3547149000, "costAndExpenses": -5993163000, "interestExpense": 27647000, "depreciationAndAmortization": 137147000, "ebitda": 1212648000, "ebitdaratio": 0.03258952027980406, "operatingIncome": 1075501000, "operatingIncomeRatio": 0.028903739296522606, "totalOtherIncomeExpensesNet": 37439000, "incomeBeforeTax": 1085293000, "incomeBeforeTaxRatio": 0.02916689610920019, "incomeTaxExpense": 401558000, "netIncome": 683735000, "netIncomeRatio": 0.018375155567412663, "eps": 1.92, "epsdiluted": 1.85, "weightedAverageShsOut": 459223000, "weightedAverageShsOutDil": 482459000, "link": "https://www.sec.gov/Archives/edgar/data/909832/000119312504195535/0001193125-04-195535-index.htm", "finalLink": "https://www.sec.gov/Archives/edgar/data/909832/000119312504195535/d10k.htm"}, {"date": "2004-05-09", "symbol": "COST", "fillingDate": "2004-06-17", "acceptedDate": "2004-06-17 14:52:15", "period": "", "revenue": 10897239000, "costOfRevenue": 9540312000, "grossProfit": 1356927000, "grossProfitRatio": 0.12452025692012444, "researchAndDevelopmentExpenses": 0.0, "generalAndAdministrativeExpenses": 1050728000, "sellingAndMarketingExpenses": 0.0, "otherExpenses": 0.0, "operatingExpenses": 1050728000, "costAndExpenses": 10591040000, "interestExpense": 9004000.0, "depreciationAndAmortization": 303574000, "ebitda": 613721000, "ebitdaratio": 0.05631894464276685, "operatingIncome": 310147000, "operatingIncomeRatio": 0.028461062476467663, "totalOtherIncomeExpensesNet": 14188000, "incomeBeforeTax": 315331000, "incomeBeforeTaxRatio": 0.02893677930712541, "incomeTaxExpense": 116673000, "netIncome": 198658000, "netIncomeRatio": 0.01823012232731612, "eps": 0.43, "epsdiluted": 0.42, "weightedAverageShsOut": 459074000, "weightedAverageShsOutDil": 482485000, "link": "https://www.sec.gov/Archives/edgar/data/909832/000119312504104454/0001193125-04-104454-index.htm", "finalLink": "https://www.sec.gov/Archives/edgar/data/909832/000119312504104454/d10q.htm"}, {"date": "2004-02-15", "symbol": "COST", "fillingDate": "2004-03-25", "acceptedDate": "2004-03-25 16:46:45", "period": "", "revenue": 1027496000, "costOfRevenue": 10101977000, "grossProfit": -9074481000, "grossProfitRatio": -8.831646059936, "researchAndDevelopmentExpenses": 0.0, "generalAndAdministrativeExpenses": 52192000, "sellingAndMarketingExpenses": 0.0, "otherExpenses": 0.0, "operatingExpenses": 52192000, "costAndExpenses": 10154169000, "interestExpense": -214000.0, "depreciationAndAmortization": -97339000, "ebitda": 3019000.0, "ebitdaratio": 0.0029382109516728045, "operatingIncome": 100358000, "operatingIncomeRatio": 0.09767239969790636, "totalOtherIncomeExpensesNet": 5169000.0, "incomeBeforeTax": 105741000, "incomeBeforeTaxRatio": 0.10291134953323419, "incomeTaxExpense": 39124000, "netIncome": 66617000, "netIncomeRatio": 0.06483431565670329, "eps": 0.49, "epsdiluted": 0.48, "weightedAverageShsOut": 458228000, "weightedAverageShsOutDil": 481537000, "link": "https://www.sec.gov/Archives/edgar/data/909832/000119312504049346/0001193125-04-049346-index.htm", "finalLink": "https://www.sec.gov/Archives/edgar/data/909832/000119312504049346/d10q.htm"}, {"date": "2003-11-23", "symbol": "COST", "fillingDate": "2004-01-02", "acceptedDate": "2004-01-02 14:27:30", "period": "Q1", "revenue": 10521478000, "costOfRevenue": 0.0, "grossProfit": 10521478000, "grossProfitRatio": 1.0, "researchAndDevelopmentExpenses": 0.0, "generalAndAdministrativeExpenses": 1032413000, "sellingAndMarketingExpenses": 0.0, "otherExpenses": 0.0, "operatingExpenses": 1032413000, "costAndExpenses": 1032413000, "interestExpense": 8475000.0, "depreciationAndAmortization": 97339000, "ebitda": 352157000, "ebitdaratio": 0.033470297614080456, "operatingIncome": 254818000, "operatingIncomeRatio": 0.024218840737014323, "totalOtherIncomeExpensesNet": 7903000.0, "incomeBeforeTax": 254246000, "incomeBeforeTaxRatio": 0.02416447575141059, "incomeTaxExpense": 94071000, "netIncome": 160175000, "netIncomeRatio": 0.015223621624262294, "eps": 0.35, "epsdiluted": 0.34, "weightedAverageShsOut": 457632000, "weightedAverageShsOutDil": 480348000, "link": "https://www.sec.gov/Archives/edgar/data/909832/000119312504000178/0001193125-04-000178-index.htm", "finalLink": "https://www.sec.gov/Archives/edgar/data/909832/000119312503085292/d10k.htm"}, {"date": "2003-08-31", "symbol": "COST", "fillingDate": "2003-11-21", "acceptedDate": "2003-11-21 17:21:04", "period": "FY", "revenue": 33002481000, "costOfRevenue": 28877060000, "grossProfit": 4125421000, "grossProfitRatio": 0.1250033595959043, "researchAndDevelopmentExpenses": 0.0, "generalAndAdministrativeExpenses": 3174089000, "sellingAndMarketingExpenses": 0.0, "otherExpenses": 0.0, "operatingExpenses": 3174089000, "costAndExpenses": 32051149000, "interestExpense": 28205000, "depreciationAndAmortization": 124393000, "ebitda": 1031435000, "ebitdaratio": 0.03125325638396701, "operatingIncome": 907042000, "operatingIncomeRatio": 0.027484054910902, "totalOtherIncomeExpensesNet": 29346000, "incomeBeforeTax": 908183000, "incomeBeforeTaxRatio": 0.027518628069204857, "incomeTaxExpense": 340963000, "netIncome": 567220000, "netIncomeRatio": 0.017187192684089417, "eps": 1.58, "epsdiluted": 1.53, "weightedAverageShsOut": 456335000, "weightedAverageShsOutDil": 479326000, "link": "https://www.sec.gov/Archives/edgar/data/909832/000119312503085292/0001193125-03-085292-index.htm", "finalLink": "https://www.sec.gov/Archives/edgar/data/909832/000119312503085292/d10k.htm"}, {"date": "2003-05-11", "symbol": "COST", "fillingDate": "2003-06-24", "acceptedDate": "2003-06-24 16:24:30", "period": "", "revenue": 9543071000, "costOfRevenue": 8358323000, "grossProfit": 1184748000, "grossProfitRatio": 0.12414745735413683, "researchAndDevelopmentExpenses": 0.0, "generalAndAdministrativeExpenses": 923309000, "sellingAndMarketingExpenses": 0.0, "otherExpenses": 0.0, "operatingExpenses": 923309000, "costAndExpenses": 9281632000, "interestExpense": 8715000.0, "depreciationAndAmortization": 91899000, "ebitda": 341485000, "ebitdaratio": 0.0357835543715435, "operatingIncome": 249586000, "operatingIncomeRatio": 0.026153635449217554, "totalOtherIncomeExpensesNet": 9179000.0, "incomeBeforeTax": 250050000, "incomeBeforeTaxRatio": 0.026202257114088325, "incomeTaxExpense": 96270000, "netIncome": 153780000, "netIncomeRatio": 0.01611430953411119, "eps": 0.34, "epsdiluted": 0.33, "weightedAverageShsOut": 456370000, "weightedAverageShsOutDil": 479183000, "link": "https://www.sec.gov/Archives/edgar/data/909832/000119312503012407/0001193125-03-012407-index.htm", "finalLink": "https://www.sec.gov/Archives/edgar/data/909832/000119312503012407/d10q.htm"}, {"date": "2003-02-16", "symbol": "COST", "fillingDate": "2003-03-28", "acceptedDate": "2003-03-28 17:15:27", "period": "", "revenue": 915582000, "costOfRevenue": 791514000, "grossProfit": 124068000, "grossProfitRatio": 0.1355072511255136, "researchAndDevelopmentExpenses": 0.0, "generalAndAdministrativeExpenses": 78272000, "sellingAndMarketingExpenses": 0.0, "otherExpenses": 0.0, "operatingExpenses": 78272000, "costAndExpenses": 869786000, "interestExpense": -465000.0, "depreciationAndAmortization": 89389000, "ebitda": 146657000, "ebitdaratio": 0.16017898997577498, "operatingIncome": 57268000, "operatingIncomeRatio": 0.06254819338955986, "totalOtherIncomeExpensesNet": 1349000.0, "incomeBeforeTax": 59082000, "incomeBeforeTaxRatio": 0.06452944684364699, "incomeTaxExpense": 22746000, "netIncome": 36336000, "netIncomeRatio": 0.039686232363676875, "eps": 0.4, "epsdiluted": 0.39, "weightedAverageShsOut": 455927000, "weightedAverageShsOutDil": 478564000, "link": "https://www.sec.gov/Archives/edgar/data/909832/000103221003000495/0001032210-03-000495-index.htm", "finalLink": "https://www.sec.gov/Archives/edgar/data/909832/000103221003000495/d10q.htm"}, {"date": "2002-11-24", "symbol": "COST", "fillingDate": "2002-12-20", "acceptedDate": "2002-12-20 17:19:35", "period": "Q1", "revenue": 9198585000, "costOfRevenue": 8048897000, "grossProfit": 1149688000, "grossProfitRatio": 0.12498531024065114, "researchAndDevelopmentExpenses": 0.0, "generalAndAdministrativeExpenses": 888779000, "sellingAndMarketingExpenses": 0.0, "otherExpenses": 0.0, "operatingExpenses": 888779000, "costAndExpenses": 8937676000, "interestExpense": 8468000.0, "depreciationAndAmortization": 85621000, "ebitda": 323413000, "ebitdaratio": 0.035158994562750685, "operatingIncome": 237792000, "operatingIncomeRatio": 0.02585093250755415, "totalOtherIncomeExpensesNet": 7634000.0, "incomeBeforeTax": 236958000, "incomeBeforeTaxRatio": 0.02576026638879784, "incomeTaxExpense": 91229000, "netIncome": 145729000, "netIncomeRatio": 0.01584254534800733, "eps": 0.32, "epsdiluted": 0.31, "weightedAverageShsOut": 455570000, "weightedAverageShsOutDil": 478857000, "link": "https://www.sec.gov/Archives/edgar/data/909832/000103221002001711/0001032210-02-001711-index.htm", "finalLink": "https://www.sec.gov/Archives/edgar/data/909832/000103221002001631/d10k.htm"}, {"date": "2002-09-01", "symbol": "COST", "fillingDate": "2002-11-22", "acceptedDate": "2002-11-22 16:19:43", "period": "FY", "revenue": 30145752000, "costOfRevenue": 26399870000, "grossProfit": 3745882000, "grossProfitRatio": 0.12425903324620995, "researchAndDevelopmentExpenses": 0.0, "generalAndAdministrativeExpenses": 2768919000, "sellingAndMarketingExpenses": 0.0, "otherExpenses": 0.0, "operatingExpenses": 2768919000, "costAndExpenses": 29168789000, "interestExpense": 20453000, "depreciationAndAmortization": 112247000, "ebitda": 1027480000, "ebitdaratio": 0.03408374088660983, "operatingIncome": 915233000, "operatingIncomeRatio": 0.030360264358308263, "totalOtherIncomeExpensesNet": 26121000, "incomeBeforeTax": 920901000, "incomeBeforeTaxRatio": 0.030548284215965154, "incomeTaxExpense": 351288000, "netIncome": 569613000, "netIncomeRatio": 0.018895299078954805, "eps": 1.54, "epsdiluted": 1.48, "weightedAverageShsOut": 453650000, "weightedAverageShsOutDil": 479262000, "link": "https://www.sec.gov/Archives/edgar/data/909832/000103221002001631/0001032210-02-001631-index.htm", "finalLink": "https://www.sec.gov/Archives/edgar/data/909832/000103221002001631/d10k.htm"}, {"date": "2002-05-12", "symbol": "COST", "fillingDate": "2002-06-14", "acceptedDate": "2002-06-14 16:54:15", "period": "", "revenue": 8616747000, "costOfRevenue": 7583251000, "grossProfit": 1033496000, "grossProfitRatio": 0.11994039049771335, "researchAndDevelopmentExpenses": 0.0, "generalAndAdministrativeExpenses": 806617000, "sellingAndMarketingExpenses": 0.0, "otherExpenses": 0.0, "operatingExpenses": 806617000, "costAndExpenses": 8389868000, "interestExpense": 8643000.0, "depreciationAndAmortization": 95915000, "ebitda": 312217000, "ebitdaratio": 0.03623374343009027, "operatingIncome": 216302000, "operatingIncomeRatio": 0.02510251258392523, "totalOtherIncomeExpensesNet": 9624000.0, "incomeBeforeTax": 217283000, "incomeBeforeTaxRatio": 0.02521636065211152, "incomeTaxExpense": 86913000, "netIncome": 130370000, "netIncomeRatio": 0.015129839601882241, "eps": 0.29, "epsdiluted": 0.28, "weightedAverageShsOut": 454272000, "weightedAverageShsOutDil": 480256000, "link": "https://www.sec.gov/Archives/edgar/data/909832/000091205702024351/0000912057-02-024351-index.htm", "finalLink": "https://www.sec.gov/Archives/edgar/data/909832/000091205702024351/a2082276z10-q.htm"}, {"date": "2002-02-17", "symbol": "COST", "fillingDate": "2002-03-19", "acceptedDate": "2002-03-19 00:00:00", "period": "", "revenue": 916299000, "costOfRevenue": 777633000, "grossProfit": 138666000, "grossProfitRatio": 0.15133269816948397, "researchAndDevelopmentExpenses": 0.0, "generalAndAdministrativeExpenses": 53887000, "sellingAndMarketingExpenses": 0.0, "otherExpenses": 0.0, "operatingExpenses": 53887000, "costAndExpenses": 831520000, "interestExpense": -39000.0, "depreciationAndAmortization": 59502000, "ebitda": 163349000, "ebitdaratio": 0.17827041173241487, "operatingIncome": 103847000, "operatingIncomeRatio": 0.11333309323703289, "totalOtherIncomeExpensesNet": 949000.0, "incomeBeforeTax": 104835000, "incomeBeforeTaxRatio": 0.11441134389538786, "incomeTaxExpense": 41935000, "netIncome": 62900000, "netIncomeRatio": 0.06864571499041251, "eps": 0.43, "epsdiluted": 0.41, "weightedAverageShsOut": 452882000, "weightedAverageShsOutDil": 479931000, "link": "https://www.sec.gov/Archives/edgar/data/909832/000091205702010518/0000912057-02-010518-index.htm", "finalLink": "https://www.sec.gov/Archives/edgar/data/909832/000091205702010518/a2073653z10-q.htm"}, {"date": "2001-11-25", "symbol": "COST", "fillingDate": "2001-12-28", "acceptedDate": "2001-12-28 00:00:00", "period": "Q1", "revenue": 8466553000, "costOfRevenue": 7434397000, "grossProfit": 1032156000, "grossProfitRatio": 0.12190982563978517, "researchAndDevelopmentExpenses": 0.0, "generalAndAdministrativeExpenses": 786118000, "sellingAndMarketingExpenses": 0.0, "otherExpenses": 0.0, "operatingExpenses": 786118000, "costAndExpenses": 8220515000, "interestExpense": 6238000.0, "depreciationAndAmortization": 74117000, "ebitda": 289471000, "ebitdaratio": 0.034189947195747784, "operatingIncome": 215354000, "operatingIncomeRatio": 0.02543585329236113, "totalOtherIncomeExpensesNet": 6977000.0, "incomeBeforeTax": 216093000, "incomeBeforeTaxRatio": 0.025523137928741484, "incomeTaxExpense": 86437000, "netIncome": 129656000, "netIncomeRatio": 0.01531390637960927, "eps": 0.29, "epsdiluted": 0.28, "weightedAverageShsOut": 451990000, "weightedAverageShsOutDil": 477395000, "link": "https://www.sec.gov/Archives/edgar/data/909832/000091205701544832/0000912057-01-544832-index.htm", "finalLink": "https://www.sec.gov/Archives/edgar/data/909832/000091205701544832/a2066746z10-q.htm"}]