[{"date": "2020-03-31", "symbol": "PCAR", "fillingDate": "2020-05-04", "acceptedDate": "2020-05-04 16:07:15", "period": "Q1", "revenue": 5161700000, "costOfRevenue": 4189600000, "grossProfit": 972100000, "grossProfitRatio": 0.18832942635178332, "researchAndDevelopmentExpenses": 71000000, "generalAndAdministrativeExpenses": 32600000, "sellingAndMarketingExpenses": 0.0, "otherExpenses": 285800000, "operatingExpenses": 389400000, "costAndExpenses": 335400000, "interestExpense": 0.0, "depreciationAndAmortization": 272000000, "ebitda": 734200000, "ebitdaratio": 0.142239959703, "operatingIncome": 462200000, "operatingIncomeRatio": 0.0895441424337, "totalOtherIncomeExpensesNet": -13000000, "incomeBeforeTax": 462200000, "incomeBeforeTaxRatio": 0.0895441424337, "incomeTaxExpense": 102800000, "netIncome": 359400000, "netIncomeRatio": 0.0696282232598, "eps": 1.04, "epsdiluted": 1.03, "weightedAverageShsOut": 346900000, "weightedAverageShsOutDil": 347300000, "link": "https://www.sec.gov/Archives/edgar/data/75362/000156459020020820/0001564590-20-020820-index.htm", "finalLink": "https://www.sec.gov/Archives/edgar/data/75362/000156459020020820/pcar-10q_20200331.htm"}, {"date": "2019-12-31", "symbol": "PCAR", "fillingDate": "2020-02-19", "acceptedDate": "2020-02-19 16:08:44", "period": "FY", "revenue": 6117200000, "costOfRevenue": 4890000000, "grossProfit": 1227200000, "grossProfitRatio": 0.200614660302099, "researchAndDevelopmentExpenses": 83600000, "generalAndAdministrativeExpenses": 35200000, "sellingAndMarketingExpenses": 0.0, "otherExpenses": 299400000, "operatingExpenses": 418200000, "costAndExpenses": 338200000, "interestExpense": 0.0, "depreciationAndAmortization": 284900000, "ebitda": 972700000, "ebitdaratio": 0.159010658471, "operatingIncome": 687800000, "operatingIncomeRatio": 0.112437062708, "totalOtherIncomeExpensesNet": -11000000, "incomeBeforeTax": 687800000, "incomeBeforeTaxRatio": 0.112437062708, "incomeTaxExpense": 156500000, "netIncome": 531300000, "netIncomeRatio": 0.0868534623684, "eps": 1.53, "epsdiluted": 1.53, "weightedAverageShsOut": 346900000, "weightedAverageShsOutDil": 347500000, "link": "https://www.sec.gov/Archives/edgar/data/75362/000156459020005276/0001564590-20-005276-index.htm", "finalLink": "https://www.sec.gov/Archives/edgar/data/75362/000156459020005276/pcar-10k_20191231.htm"}, {"date": "2019-09-30", "symbol": "PCAR", "fillingDate": "2019-10-30", "acceptedDate": "2019-10-30 16:38:50", "period": "Q3", "revenue": 6367000000, "costOfRevenue": 5106800000, "grossProfit": 1260200000, "grossProfitRatio": 0.19792681011465368, "researchAndDevelopmentExpenses": 82200000, "generalAndAdministrativeExpenses": 35800000, "sellingAndMarketingExpenses": 0.0, "otherExpenses": 254900000, "operatingExpenses": 372900000, "costAndExpenses": 296300000, "interestExpense": 0.0, "depreciationAndAmortization": 272100000, "ebitda": 1049700000, "ebitdaratio": 0.164865713837, "operatingIncome": 777600000, "operatingIncomeRatio": 0.122129731428, "totalOtherIncomeExpensesNet": -11000000, "incomeBeforeTax": 777600000, "incomeBeforeTaxRatio": 0.122129731428, "incomeTaxExpense": 169700000, "netIncome": 607900000, "netIncomeRatio": 0.0954766766138, "eps": 1.75, "epsdiluted": 1.75, "weightedAverageShsOut": 346900000, "weightedAverageShsOutDil": 347600000, "link": "https://www.sec.gov/Archives/edgar/data/75362/000156459019038819/0001564590-19-038819-index.htm", "finalLink": "https://www.sec.gov/Archives/edgar/data/75362/000156459019038819/pcar-10q_20190930.htm"}, {"date": "2019-06-30", "symbol": "PCAR", "fillingDate": "2019-08-02", "acceptedDate": "2019-08-02 16:08:18", "period": "Q2", "revenue": 6627900000, "costOfRevenue": 5341700000, "grossProfit": 1286200000, "grossProfitRatio": 0.1940584498860876, "researchAndDevelopmentExpenses": 82500000, "generalAndAdministrativeExpenses": 33500000, "sellingAndMarketingExpenses": 0.0, "otherExpenses": 243600000, "operatingExpenses": 359600000, "costAndExpenses": 281100000, "interestExpense": 0.0, "depreciationAndAmortization": 261200000, "ebitda": 1075600000, "ebitdaratio": 0.162283679597, "operatingIncome": 814400000, "operatingIncomeRatio": 0.122874515307, "totalOtherIncomeExpensesNet": -10000000, "incomeBeforeTax": 814400000, "incomeBeforeTaxRatio": 0.122874515307, "incomeTaxExpense": 194700000, "netIncome": 619700000, "netIncomeRatio": 0.0934986949109, "eps": 1.79, "epsdiluted": 1.78, "weightedAverageShsOut": 347.1, "weightedAverageShsOutDil": 347.8, "link": "https://www.sec.gov/Archives/edgar/data/75362/000156459019028370/0001564590-19-028370-index.htm", "finalLink": "https://www.sec.gov/Archives/edgar/data/75362/000156459019028370/pcar-10q_20190630.htm"}, {"date": "2019-03-31", "symbol": "PCAR", "fillingDate": "2019-05-02", "acceptedDate": "2019-05-02 16:07:43", "period": "Q1", "revenue": 6487600000, "costOfRevenue": 5217100000, "grossProfit": 1270500000, "grossProfitRatio": 0.19583513163573588, "researchAndDevelopmentExpenses": 78300000, "generalAndAdministrativeExpenses": 32500000, "sellingAndMarketingExpenses": 0.0, "otherExpenses": 230800000, "operatingExpenses": 341600000, "costAndExpenses": 265500000, "interestExpense": 0.0, "depreciationAndAmortization": 259100000, "ebitda": 1078500000, "ebitdaratio": 0.166240212097, "operatingIncome": 819400000, "operatingIncomeRatio": 0.12630248474, "totalOtherIncomeExpensesNet": -10000000, "incomeBeforeTax": 819400000, "incomeBeforeTaxRatio": 0.12630248474, "incomeTaxExpense": 190400000, "netIncome": 629000000, "netIncomeRatio": 0.0969541895308, "eps": 1.81, "epsdiluted": 1.81, "weightedAverageShsOut": 347.2, "weightedAverageShsOutDil": 347.8, "link": "https://www.sec.gov/Archives/edgar/data/75362/000156459019015329/0001564590-19-015329-index.htm", "finalLink": "https://www.sec.gov/Archives/edgar/data/75362/000156459019015329/pcar-10q_20190331.htm"}, {"date": "2018-12-31", "symbol": "PCAR", "fillingDate": "2019-02-21", "acceptedDate": "2019-02-21 16:07:58", "period": "FY", "revenue": 6279700000, "costOfRevenue": 5088600000, "grossProfit": 1191100000, "grossProfitRatio": 0.18967466598722868, "researchAndDevelopmentExpenses": 80500000, "generalAndAdministrativeExpenses": 29600000, "sellingAndMarketingExpenses": 0.0, "otherExpenses": 228500000, "operatingExpenses": 338600000, "costAndExpenses": 259800000, "interestExpense": 0.0, "depreciationAndAmortization": 259700000, "ebitda": 1012100000, "ebitdaratio": 0.161170119592, "operatingIncome": 752400000, "operatingIncomeRatio": 0.119814640827, "totalOtherIncomeExpensesNet": -18000000, "incomeBeforeTax": 752400000, "incomeBeforeTaxRatio": 0.119814640827, "incomeTaxExpense": 174300000, "netIncome": 578100000, "netIncomeRatio": 0.0920585378282, "eps": 1.65, "epsdiluted": 1.65, "weightedAverageShsOut": 351.0, "weightedAverageShsOutDil": 351.8, "link": "https://www.sec.gov/Archives/edgar/data/75362/000156459019003670/0001564590-19-003670-index.htm", "finalLink": "https://www.sec.gov/Archives/edgar/data/75362/000156459019003670/pcar-10k_20181231.htm"}, {"date": "2018-09-30", "symbol": "PCAR", "fillingDate": "2018-11-02", "acceptedDate": "2018-11-02 16:07:34", "period": "Q3", "revenue": 5756800000, "costOfRevenue": 4653600000, "grossProfit": 1103200000, "grossProfitRatio": 0.1916342412451362, "researchAndDevelopmentExpenses": 72900000, "generalAndAdministrativeExpenses": 29300000, "sellingAndMarketingExpenses": 0.0, "otherExpenses": 227500000, "operatingExpenses": 329700000, "costAndExpenses": 261100000, "interestExpense": 0.0, "depreciationAndAmortization": 252600000, "ebitda": 921400000, "ebitdaratio": 0.160054196776, "operatingIncome": 668800000, "operatingIncomeRatio": 0.116175653141, "totalOtherIncomeExpensesNet": -7000000.0, "incomeBeforeTax": 668800000, "incomeBeforeTaxRatio": 0.116175653141, "incomeTaxExpense": 123500000, "netIncome": 545300000, "netIncomeRatio": 0.0947227626459, "eps": 1.56, "epsdiluted": 1.55, "weightedAverageShsOut": 351600000, "weightedAverageShsOutDil": 352500000, "link": "https://www.sec.gov/Archives/edgar/data/75362/000156459018026487/0001564590-18-026487-index.htm", "finalLink": "https://www.sec.gov/Archives/edgar/data/75362/000156459018026487/pcar-10q_20180930.htm"}, {"date": "2018-06-30", "symbol": "PCAR", "fillingDate": "2018-08-03", "acceptedDate": "2018-08-03 16:07:27", "period": "Q2", "revenue": 6137400000, "costOfRevenue": 4647300000, "grossProfit": 1490100000, "grossProfitRatio": 0.242790106559781, "researchAndDevelopmentExpenses": 76700000, "generalAndAdministrativeExpenses": 29800000, "sellingAndMarketingExpenses": 0.0, "otherExpenses": 231200000, "operatingExpenses": 337700000, "costAndExpenses": 265600000, "interestExpense": 0.0, "depreciationAndAmortization": 268300000, "ebitda": 987900000, "ebitdaratio": 0.160963926092, "operatingIncome": 719600000, "operatingIncomeRatio": 0.117248346205, "totalOtherIncomeExpensesNet": -17000000, "incomeBeforeTax": 719600000, "incomeBeforeTaxRatio": 0.117248346205, "incomeTaxExpense": 160000000, "netIncome": 559600000, "netIncomeRatio": 0.091178675009, "eps": 1.59, "epsdiluted": 1.59, "weightedAverageShsOut": 352100000, "weightedAverageShsOutDil": 353000000, "link": "https://www.sec.gov/Archives/edgar/data/75362/000156459018019160/0001564590-18-019160-index.htm", "finalLink": "https://www.sec.gov/Archives/edgar/data/75362/000156459018019160/pcar-10q_20180630.htm"}, {"date": "2018-03-31", "symbol": "PCAR", "fillingDate": "2018-05-04", "acceptedDate": "2018-05-04 08:01:41", "period": "Q1", "revenue": 5321800000, "costOfRevenue": 4535500000, "grossProfit": 786300000, "grossProfitRatio": 0.14775076102070728, "researchAndDevelopmentExpenses": 76000000, "generalAndAdministrativeExpenses": 31100000, "sellingAndMarketingExpenses": 0.0, "otherExpenses": 227700000, "operatingExpenses": 334800000, "costAndExpenses": 264700000, "interestExpense": 0.0, "depreciationAndAmortization": 273500000, "ebitda": 942900000, "ebitdaratio": 0.177176895036, "operatingIncome": 669400000, "operatingIncomeRatio": 0.125784509001, "totalOtherIncomeExpensesNet": -18000000, "incomeBeforeTax": 669400000, "incomeBeforeTaxRatio": 0.125784509001, "incomeTaxExpense": 157300000, "netIncome": 512100000, "netIncomeRatio": 0.0962268405427, "eps": 1.45, "epsdiluted": 1.45, "weightedAverageShsOut": 352500000, "weightedAverageShsOutDil": 353500000, "link": "https://www.sec.gov/Archives/edgar/data/75362/000156459018010845/0001564590-18-010845-index.htm", "finalLink": "https://www.sec.gov/Archives/edgar/data/75362/000156459018010845/pcar-10q_20180331.htm"}, {"date": "2017-12-31", "symbol": "PCAR", "fillingDate": "2018-02-21", "acceptedDate": "2018-02-21 16:12:28", "period": "FY", "revenue": 5122400000, "costOfRevenue": 4409500000, "grossProfit": 712900000, "grossProfitRatio": 0.13917304388567858, "researchAndDevelopmentExpenses": 70600000, "generalAndAdministrativeExpenses": 26200000, "sellingAndMarketingExpenses": 0.0, "otherExpenses": 228600000, "operatingExpenses": 325400000, "costAndExpenses": 259700000, "interestExpense": 0.0, "depreciationAndAmortization": 293200000, "ebitda": 897500000, "ebitdaratio": 0.175210838669, "operatingIncome": 604300000, "operatingIncomeRatio": 0.117972044354, "totalOtherIncomeExpensesNet": 523000000, "incomeBeforeTax": 604300000, "incomeBeforeTaxRatio": 0.117972044354, "incomeTaxExpense": 15100000, "netIncome": 589200000, "netIncomeRatio": 0.115024207403, "eps": 1.67, "epsdiluted": 1.67, "weightedAverageShsOut": 351900000, "weightedAverageShsOutDil": 352900000, "link": "https://www.sec.gov/Archives/edgar/data/75362/000156459018002675/0001564590-18-002675-index.htm", "finalLink": "https://www.sec.gov/Archives/edgar/data/75362/000156459018002675/pcar-10k_20171231.htm"}, {"date": "2017-09-30", "symbol": "PCAR", "fillingDate": "2017-11-03", "acceptedDate": "2017-11-03 16:06:59", "period": "Q3", "revenue": 4731500000, "costOfRevenue": 4046800000, "grossProfit": 684700000, "grossProfitRatio": 0.1447109796047765, "researchAndDevelopmentExpenses": 67000000, "generalAndAdministrativeExpenses": 113000000, "sellingAndMarketingExpenses": 0.0, "otherExpenses": 224500000, "operatingExpenses": 151700000, "costAndExpenses": 4227000000, "interestExpense": 0.0, "depreciationAndAmortization": 286100000, "ebitda": 867900000, "ebitdaratio": 0.183430201839, "operatingIncome": 581800000, "operatingIncomeRatio": 0.122963119518, "totalOtherIncomeExpensesNet": 501000000, "incomeBeforeTax": 581800000, "incomeBeforeTaxRatio": 0.122963119518, "incomeTaxExpense": 179100000, "netIncome": 402700000, "netIncomeRatio": 0.0851104300962, "eps": 1.15, "epsdiluted": 1.14, "weightedAverageShsOut": 351700000, "weightedAverageShsOutDil": 352800000, "link": "https://www.sec.gov/Archives/edgar/data/75362/000156459017021522/0001564590-17-021522-index.htm", "finalLink": "https://www.sec.gov/Archives/edgar/data/75362/000156459017021522/pcar-10q_20170930.htm"}, {"date": "2017-06-30", "symbol": "PCAR", "fillingDate": "2017-08-04", "acceptedDate": "2017-08-04 16:26:48", "period": "Q2", "revenue": 4397900000, "costOfRevenue": 3755200000, "grossProfit": 642700000, "grossProfitRatio": 0.14613792946633622, "researchAndDevelopmentExpenses": 66100000, "generalAndAdministrativeExpenses": 107800000, "sellingAndMarketingExpenses": 0.0, "otherExpenses": 210200000, "operatingExpenses": 384100000, "costAndExpenses": 3930600000, "interestExpense": 0.0, "depreciationAndAmortization": 269000000, "ebitda": 808000000, "ebitdaratio": 0.183724050115, "operatingIncome": 539000000, "operatingIncomeRatio": 0.122558493827, "totalOtherIncomeExpensesNet": 851000000, "incomeBeforeTax": 539000000, "incomeBeforeTaxRatio": 0.122558493827, "incomeTaxExpense": 166000000, "netIncome": 373000000, "netIncomeRatio": 0.084813206303, "eps": 1.06, "epsdiluted": 1.06, "weightedAverageShsOut": 351700000, "weightedAverageShsOutDil": 352700000, "link": "https://www.sec.gov/Archives/edgar/data/75362/000119312517248773/0001193125-17-248773-index.htm", "finalLink": "https://www.sec.gov/Archives/edgar/data/75362/000119312517248773/d417922d10q.htm"}, {"date": "2017-03-31", "symbol": "PCAR", "fillingDate": "2017-05-04", "acceptedDate": "2017-05-04 16:22:27", "period": "Q1", "revenue": 3935700000, "costOfRevenue": 3382200000, "grossProfit": 553500000, "grossProfitRatio": 0.14063571918591355, "researchAndDevelopmentExpenses": 61000000, "generalAndAdministrativeExpenses": 111300000, "sellingAndMarketingExpenses": 0.0, "otherExpenses": 213800000, "operatingExpenses": 386100000, "costAndExpenses": 3552900000, "interestExpense": 0.0, "depreciationAndAmortization": 259200000, "ebitda": 707400000, "ebitdaratio": 0.179739309399, "operatingIncome": 448200000, "operatingIncomeRatio": 0.113880631146, "totalOtherIncomeExpensesNet": -1000000.0, "incomeBeforeTax": 448200000, "incomeBeforeTaxRatio": 0.113880631146, "incomeTaxExpense": 137900000, "netIncome": 310300000, "netIncomeRatio": 0.0788423914424, "eps": 0.88, "epsdiluted": 0.88, "weightedAverageShsOut": 351600000, "weightedAverageShsOutDil": 352700000, "link": "https://www.sec.gov/Archives/edgar/data/75362/000119312517158733/0001193125-17-158733-index.htm", "finalLink": "https://www.sec.gov/Archives/edgar/data/75362/000119312517158733/d362415d10q.htm"}, {"date": "2016-12-31", "symbol": "PCAR", "fillingDate": "2017-02-21", "acceptedDate": "2017-02-21 16:14:38", "period": "FY", "revenue": 3767000000, "costOfRevenue": 3243200000, "grossProfit": 523800000, "grossProfitRatio": 0.13904964162463498, "researchAndDevelopmentExpenses": 67600000, "generalAndAdministrativeExpenses": 114800000, "sellingAndMarketingExpenses": 0.0, "otherExpenses": 197400000, "operatingExpenses": 379800000, "costAndExpenses": 3433000000, "interestExpense": 0.0, "depreciationAndAmortization": 247500000, "ebitda": 666400000, "ebitdaratio": 0.176904698699, "operatingIncome": 418900000, "operatingIncomeRatio": 0.111202548447, "totalOtherIncomeExpensesNet": 334000000, "incomeBeforeTax": 418900000, "incomeBeforeTaxRatio": 0.111202548447, "incomeTaxExpense": 130100000, "netIncome": 288800000, "netIncomeRatio": 0.0766657817892, "eps": 0.83, "epsdiluted": 0.82, "weightedAverageShsOut": 351100000, "weightedAverageShsOutDil": 351800000, "link": "https://www.sec.gov/Archives/edgar/data/75362/000119312517050405/0001193125-17-050405-index.htm", "finalLink": "https://www.sec.gov/Archives/edgar/data/75362/000119312517050405/d283100d10k.htm"}, {"date": "2016-09-30", "symbol": "PCAR", "fillingDate": "2016-11-04", "acceptedDate": "2016-11-04 16:12:19", "period": "Q3", "revenue": 3953200000, "costOfRevenue": 3371500000, "grossProfit": 581700000, "grossProfitRatio": 0.14714661540018212, "researchAndDevelopmentExpenses": 59200000, "generalAndAdministrativeExpenses": 105500000, "sellingAndMarketingExpenses": 0.0, "otherExpenses": 194800000, "operatingExpenses": 359500000, "costAndExpenses": 3537800000, "interestExpense": 0.0, "depreciationAndAmortization": 250200000, "ebitda": 745100000, "ebitdaratio": 0.188480218557, "operatingIncome": 494900000, "operatingIncomeRatio": 0.125189719721, "totalOtherIncomeExpensesNet": 416000000, "incomeBeforeTax": 494900000, "incomeBeforeTaxRatio": 0.125189719721, "incomeTaxExpense": 148700000, "netIncome": 346200000, "netIncomeRatio": 0.0875746230902, "eps": 0.98, "epsdiluted": 0.98, "weightedAverageShsOut": 351100000, "weightedAverageShsOutDil": 351800000, "link": "https://www.sec.gov/Archives/edgar/data/75362/000119312516760179/0001193125-16-760179-index.htm", "finalLink": "https://www.sec.gov/Archives/edgar/data/75362/000119312516760179/d245955d10q.htm"}, {"date": "2016-06-30", "symbol": "PCAR", "fillingDate": "2016-08-03", "acceptedDate": "2016-08-03 16:09:19", "period": "Q2", "revenue": 4115800000, "costOfRevenue": 3489400000, "grossProfit": 626400000, "grossProfitRatio": 0.1521939841586083, "researchAndDevelopmentExpenses": 60800000, "generalAndAdministrativeExpenses": 110200000, "sellingAndMarketingExpenses": 0.0, "otherExpenses": 79400000, "operatingExpenses": 250400000, "costAndExpenses": 3553300000, "interestExpense": 0.0, "depreciationAndAmortization": 252900000, "ebitda": 899100000, "ebitdaratio": 0.218450847952, "operatingIncome": 646200000, "operatingIncomeRatio": 0.157004713543, "totalOtherIncomeExpensesNet": 561000000, "incomeBeforeTax": 646200000, "incomeBeforeTaxRatio": 0.157004713543, "incomeTaxExpense": 164900000, "netIncome": 481300000, "netIncomeRatio": 0.11693959862, "eps": 1.37, "epsdiluted": 1.37, "weightedAverageShsOut": 351100000, "weightedAverageShsOutDil": 351100000, "link": "https://www.sec.gov/Archives/edgar/data/75362/000119312516670077/0001193125-16-670077-index.htm", "finalLink": "https://www.sec.gov/Archives/edgar/data/75362/000119312516670077/d207462d10q.htm"}, {"date": "2016-03-31", "symbol": "PCAR", "fillingDate": "2016-05-04", "acceptedDate": "2016-05-04 16:15:23", "period": "Q1", "revenue": 4010600000, "costOfRevenue": 3413600000, "grossProfit": 597000000, "grossProfitRatio": 0.14885553283797937, "researchAndDevelopmentExpenses": 59600000, "generalAndAdministrativeExpenses": 110300000, "sellingAndMarketingExpenses": 0.0, "otherExpenses": 1123800000, "operatingExpenses": 1293700000, "costAndExpenses": 4526200000, "interestExpense": 0.0, "depreciationAndAmortization": 242500000, "ebitda": -272500000, "ebitdaratio": -0.06795511221945137, "operatingIncome": -515000000, "operatingIncomeRatio": -0.128428927680798, "totalOtherIncomeExpensesNet": -515000000, "incomeBeforeTax": -515000000, "incomeBeforeTaxRatio": -0.128428927680798, "incomeTaxExpense": 165000000, "netIncome": -515000000, "netIncomeRatio": -0.128428927680798, "eps": -1.69, "epsdiluted": -1.69, "weightedAverageShsOut": 351300000, "weightedAverageShsOutDil": 351300000, "link": "https://www.sec.gov/Archives/edgar/data/75362/000119312516577596/0001193125-16-577596-index.htm", "finalLink": "https://www.sec.gov/Archives/edgar/data/75362/000119312516577596/d159266d10q.htm"}, {"date": "2015-12-31", "symbol": "PCAR", "fillingDate": "2016-02-16", "acceptedDate": "2016-02-16 16:14:11", "period": "FY", "revenue": 4062500000, "costOfRevenue": 3469400000, "grossProfit": 593100000, "grossProfitRatio": 0.14599384615384614, "researchAndDevelopmentExpenses": 66700000, "generalAndAdministrativeExpenses": 121200000, "sellingAndMarketingExpenses": 0.0, "otherExpenses": 175000000, "operatingExpenses": 362900000, "costAndExpenses": 3658900000, "interestExpense": 0.0, "depreciationAndAmortization": 227800000, "ebitda": 726500000, "ebitdaratio": 0.178830769231, "operatingIncome": 498700000, "operatingIncomeRatio": 0.122756923077, "totalOtherIncomeExpensesNet": 403000000, "incomeBeforeTax": 498700000, "incomeBeforeTaxRatio": 0.122756923077, "incomeTaxExpense": 151500000, "netIncome": 347200000, "netIncomeRatio": 0.0854646153846, "eps": 0.98, "epsdiluted": 0.98, "weightedAverageShsOut": 354600000, "weightedAverageShsOutDil": 355600000, "link": "https://www.sec.gov/Archives/edgar/data/75362/000119312516465258/0001193125-16-465258-index.htm", "finalLink": "https://www.sec.gov/Archives/edgar/data/75362/000119312516465258/d45361d10k.htm"}, {"date": "2015-09-30", "symbol": "PCAR", "fillingDate": "2015-11-05", "acceptedDate": "2015-11-05 16:14:19", "period": "Q3", "revenue": 13827900000, "costOfRevenue": 3851300000, "grossProfit": 9976600000, "grossProfitRatio": 0.7214833778086333, "researchAndDevelopmentExpenses": 57600000, "generalAndAdministrativeExpenses": 107000000, "sellingAndMarketingExpenses": 0.0, "otherExpenses": 181700000, "operatingExpenses": 346300000, "costAndExpenses": 4020800000, "interestExpense": 0.0, "depreciationAndAmortization": 230900000, "ebitda": 855400000, "ebitdaratio": 0.061860441571, "operatingIncome": 624500000, "operatingIncomeRatio": 0.0451623167654, "totalOtherIncomeExpensesNet": 1544000000, "incomeBeforeTax": 624500000, "incomeBeforeTaxRatio": 0.0451623167654, "incomeTaxExpense": 193300000, "netIncome": 431200000, "netIncomeRatio": 0.0311833322486, "eps": 1.22, "epsdiluted": 1.21, "weightedAverageShsOut": 355100000, "weightedAverageShsOutDil": 356100000, "link": "https://www.sec.gov/Archives/edgar/data/75362/000119312515368291/0001193125-15-368291-index.htm", "finalLink": "https://www.sec.gov/Archives/edgar/data/75362/000119312515368291/d53439d10q.htm"}, {"date": "2015-06-30", "symbol": "PCAR", "fillingDate": "2015-08-06", "acceptedDate": "2015-08-06 16:13:42", "period": "Q2", "revenue": 4786000000, "costOfRevenue": 4061200000, "grossProfit": 724800000, "grossProfitRatio": 0.15144170497283743, "researchAndDevelopmentExpenses": 59300000, "generalAndAdministrativeExpenses": 194200000, "sellingAndMarketingExpenses": 0.0, "otherExpenses": 175500000, "operatingExpenses": 429000000, "costAndExpenses": 8114700000, "interestExpense": 0.0, "depreciationAndAmortization": 227300000, "ebitda": 879500000, "ebitdaratio": 0.16366485582950271, "operatingIncome": 652200000, "operatingIncomeRatio": 0.11617216882574175, "totalOtherIncomeExpensesNet": -462000000, "incomeBeforeTax": 652200000, "incomeBeforeTaxRatio": 0.11617216882574175, "incomeTaxExpense": 205000000, "netIncome": 447200000, "netIncomeRatio": 0.09339740910990389, "eps": 1.25, "epsdiluted": 1.26, "weightedAverageShsOut": 355200000, "weightedAverageShsOutDil": 356200000, "link": "https://www.sec.gov/Archives/edgar/data/75362/000119312515281040/0001193125-15-281040-index.htm", "finalLink": "https://www.sec.gov/Archives/edgar/data/75362/000119312515281040/d928606d10q.htm"}, {"date": "2015-03-31", "symbol": "PCAR", "fillingDate": "2015-05-06", "acceptedDate": "2015-05-06 16:11:39", "period": "Q1", "revenue": 3980800000, "costOfRevenue": 3910200000, "grossProfit": 70600000, "grossProfitRatio": 0.017735128617363344, "researchAndDevelopmentExpenses": 56200000, "generalAndAdministrativeExpenses": 23500000, "sellingAndMarketingExpenses": 0.0, "otherExpenses": 169500000, "operatingExpenses": 249200000, "costAndExpenses": 195700000, "interestExpense": 0.0, "depreciationAndAmortization": 221100000, "ebitda": 782800000, "ebitdaratio": 0.196643890675, "operatingIncome": 561700000, "operatingIncomeRatio": 0.141102290997, "totalOtherIncomeExpensesNet": 467000000, "incomeBeforeTax": 561700000, "incomeBeforeTaxRatio": 0.141102290997, "incomeTaxExpense": 183300000, "netIncome": 378400000, "netIncomeRatio": 0.0950562700965, "eps": 1.07, "epsdiluted": 1.06, "weightedAverageShsOut": 355100000, "weightedAverageShsOutDil": 356100000, "link": "https://www.sec.gov/Archives/edgar/data/75362/000119312515174512/0001193125-15-174512-index.htm", "finalLink": "https://www.sec.gov/Archives/edgar/data/75362/000119312515174512/d886745d10q.htm"}, {"date": "2014-12-31", "symbol": "PCAR", "fillingDate": "2015-02-26", "acceptedDate": "2015-02-26 16:20:55", "period": "FY", "revenue": 1452500000, "costOfRevenue": 4160400000, "grossProfit": -2707900000, "grossProfitRatio": -1.864302925989673, "researchAndDevelopmentExpenses": 62500000, "generalAndAdministrativeExpenses": 23500000, "sellingAndMarketingExpenses": 0.0, "otherExpenses": 179300000, "operatingExpenses": 265300000, "costAndExpenses": 205700000, "interestExpense": 0.0, "depreciationAndAmortization": 240100000, "ebitda": 817800000, "ebitdaratio": 0.563029259897, "operatingIncome": 577700000, "operatingIncomeRatio": 0.397728055077, "totalOtherIncomeExpensesNet": -1143000000, "incomeBeforeTax": 577700000, "incomeBeforeTaxRatio": 0.397728055077, "incomeTaxExpense": 183400000, "netIncome": 394300000, "netIncomeRatio": 0.271462994836, "eps": 1.11, "epsdiluted": 1.11, "weightedAverageShsOut": 355000000, "weightedAverageShsOutDil": 356100000, "link": "https://www.sec.gov/Archives/edgar/data/75362/000119312515065702/0001193125-15-065702-index.htm", "finalLink": "https://www.sec.gov/Archives/edgar/data/75362/000119312515065702/d823556d10k.htm"}, {"date": "2014-09-30", "symbol": "PCAR", "fillingDate": "2014-11-06", "acceptedDate": "2014-11-06 16:16:32", "period": "Q3", "revenue": 4928400000, "costOfRevenue": 4006300000, "grossProfit": 922100000, "grossProfitRatio": 0.18709926142358574, "researchAndDevelopmentExpenses": 50500000, "generalAndAdministrativeExpenses": 24300000, "sellingAndMarketingExpenses": 0.0, "otherExpenses": 179900000, "operatingExpenses": 254700000, "costAndExpenses": 209000000, "interestExpense": 0.0, "depreciationAndAmortization": 230100000, "ebitda": 782500000, "ebitdaratio": 0.158773638503, "operatingIncome": 552400000, "operatingIncomeRatio": 0.112085058031, "totalOtherIncomeExpensesNet": 449000000, "incomeBeforeTax": 552400000, "incomeBeforeTaxRatio": 0.112085058031, "incomeTaxExpense": 181000000, "netIncome": 371400000, "netIncomeRatio": 0.0753591429267, "eps": 1.05, "epsdiluted": 1.04, "weightedAverageShsOut": 355100000, "weightedAverageShsOutDil": 356200000, "link": "https://www.sec.gov/Archives/edgar/data/75362/000119312514401045/0001193125-14-401045-index.htm", "finalLink": "https://www.sec.gov/Archives/edgar/data/75362/000119312514401045/d776048d10q.htm"}, {"date": "2014-06-30", "symbol": "PCAR", "fillingDate": "2014-08-07", "acceptedDate": "2014-08-07 16:51:32", "period": "Q2", "revenue": 4569600000, "costOfRevenue": 3719400000, "grossProfit": 850200000, "grossProfitRatio": 0.18605567226890757, "researchAndDevelopmentExpenses": 49900000, "generalAndAdministrativeExpenses": 115000000, "sellingAndMarketingExpenses": 0.0, "otherExpenses": 182100000, "operatingExpenses": 159000000, "costAndExpenses": 3884000000, "interestExpense": 0.0, "depreciationAndAmortization": 227700000, "ebitda": 708700000, "ebitdaratio": 0.155090161064, "operatingIncome": 481000000, "operatingIncomeRatio": 0.105260854342, "totalOtherIncomeExpensesNet": 384000000, "incomeBeforeTax": 481000000, "incomeBeforeTaxRatio": 0.105260854342, "incomeTaxExpense": 161800000, "netIncome": 319200000, "netIncomeRatio": 0.0698529411765, "eps": 0.9, "epsdiluted": 0.9, "weightedAverageShsOut": 355000000, "weightedAverageShsOutDil": 356200000, "link": "https://www.sec.gov/Archives/edgar/data/75362/000119312514300871/0001193125-14-300871-index.htm", "finalLink": "https://www.sec.gov/Archives/edgar/data/75362/000119312514300871/d729503d10q.htm"}, {"date": "2014-03-31", "symbol": "PCAR", "fillingDate": "2014-05-07", "acceptedDate": "2014-05-07 16:19:40", "period": "Q1", "revenue": 4379900000, "costOfRevenue": 3595500000, "grossProfit": 784400000, "grossProfitRatio": 0.17909084682298682, "researchAndDevelopmentExpenses": 52700000, "generalAndAdministrativeExpenses": 121400000, "sellingAndMarketingExpenses": 0.0, "otherExpenses": 180900000, "operatingExpenses": 355000000, "costAndExpenses": 3771000000, "interestExpense": 0.0, "depreciationAndAmortization": 219800000, "ebitda": 626300000, "ebitdaratio": 0.142994132286, "operatingIncome": 406500000, "operatingIncomeRatio": 0.0928103381356, "totalOtherIncomeExpensesNet": 315000000, "incomeBeforeTax": 406500000, "incomeBeforeTaxRatio": 0.0928103381356, "incomeTaxExpense": 132600000, "netIncome": 273900000, "netIncomeRatio": 0.0625356743305, "eps": 0.77, "epsdiluted": 0.77, "weightedAverageShsOut": 354900000, "weightedAverageShsOutDil": 356000000, "link": "https://www.sec.gov/Archives/edgar/data/75362/000119312514187511/0001193125-14-187511-index.htm", "finalLink": "https://www.sec.gov/Archives/edgar/data/75362/000119312514187511/d686623d10q.htm"}, {"date": "2013-12-31", "symbol": "PCAR", "fillingDate": "2014-02-27", "acceptedDate": "2014-02-27 16:27:31", "period": "FY", "revenue": 4598900000, "costOfRevenue": 3725700000, "grossProfit": 873200000, "grossProfitRatio": 0.18987149100871947, "researchAndDevelopmentExpenses": 60900000, "generalAndAdministrativeExpenses": 124200000, "sellingAndMarketingExpenses": 0.0, "otherExpenses": 304400000, "operatingExpenses": 489500000, "costAndExpenses": 3911700000, "interestExpense": -116200000, "depreciationAndAmortization": 222000000, "ebitda": 706900000, "ebitdaratio": 0.153710669943, "operatingIncome": 484900000, "operatingIncomeRatio": 0.105438256974, "totalOtherIncomeExpensesNet": 1000000.0, "incomeBeforeTax": 484900000, "incomeBeforeTaxRatio": 0.105438256974, "incomeTaxExpense": 150700000, "netIncome": 334200000, "netIncomeRatio": 0.0726695514145, "eps": 0.95, "epsdiluted": 0.94, "weightedAverageShsOut": 354200000, "weightedAverageShsOutDil": 355200000, "link": "https://www.sec.gov/Archives/edgar/data/75362/000119312514073103/0001193125-14-073103-index.htm", "finalLink": "https://www.sec.gov/Archives/edgar/data/75362/000119312514073103/d628678d10k.htm"}, {"date": "2013-09-30", "symbol": "PCAR", "fillingDate": "2013-11-07", "acceptedDate": "2013-11-07 16:38:39", "period": "Q3", "revenue": 4300100000, "costOfRevenue": 3491100000, "grossProfit": 809000000, "grossProfitRatio": 0.18813515964745006, "researchAndDevelopmentExpenses": 56600000, "generalAndAdministrativeExpenses": 111100000, "sellingAndMarketingExpenses": 0.0, "otherExpenses": 140200000, "operatingExpenses": 307900000, "costAndExpenses": 3662100000, "interestExpense": 37900000, "depreciationAndAmortization": 206400000, "ebitda": 646400000, "ebitdaratio": 0.150322085533, "operatingIncome": 440000000, "operatingIncomeRatio": 0.102323201786, "totalOtherIncomeExpensesNet": 3000000.0, "incomeBeforeTax": 440000000, "incomeBeforeTaxRatio": 0.102323201786, "incomeTaxExpense": 130600000, "netIncome": 309400000, "netIncomeRatio": 0.0719518150741, "eps": 0.87, "epsdiluted": 0.87, "weightedAverageShsOut": 354100000, "weightedAverageShsOutDil": 355000000, "link": "https://www.sec.gov/Archives/edgar/data/75362/000119312513432974/0001193125-13-432974-index.htm", "finalLink": "https://www.sec.gov/Archives/edgar/data/75362/000119312513432974/d586294d10q.htm"}, {"date": "2013-06-30", "symbol": "PCAR", "fillingDate": "2013-08-07", "acceptedDate": "2013-08-07 16:12:33", "period": "Q2", "revenue": 4300500000, "costOfRevenue": 3494600000, "grossProfit": 805900000, "grossProfitRatio": 0.18739681432391583, "researchAndDevelopmentExpenses": 61800000, "generalAndAdministrativeExpenses": 206500000, "sellingAndMarketingExpenses": 0.0, "otherExpenses": 138900000, "operatingExpenses": 407200000, "costAndExpenses": 6835900000, "interestExpense": 39400000, "depreciationAndAmortization": 197600000, "ebitda": 630500000, "ebitdaratio": 0.146610859202, "operatingIncome": 432900000, "operatingIncomeRatio": 0.100662713638, "totalOtherIncomeExpensesNet": 0.0, "incomeBeforeTax": 432900000, "incomeBeforeTaxRatio": 0.100662713638, "incomeTaxExpense": 141300000, "netIncome": 291600000, "netIncomeRatio": 0.0678060690617, "eps": 0.82, "epsdiluted": 0.82, "weightedAverageShsOut": 354000000, "weightedAverageShsOutDil": 354800000, "link": "https://www.sec.gov/Archives/edgar/data/75362/000119312513324177/0001193125-13-324177-index.htm", "finalLink": "https://www.sec.gov/Archives/edgar/data/75362/000119312513324177/d542389d10q.htm"}, {"date": "2013-03-31", "symbol": "PCAR", "fillingDate": "2013-05-08", "acceptedDate": "2013-05-08 16:16:31", "period": "Q1", "revenue": 3924300000, "costOfRevenue": 3189300000, "grossProfit": 735000000, "grossProfitRatio": 0.18729454934638023, "researchAndDevelopmentExpenses": 72100000, "generalAndAdministrativeExpenses": 23500000, "sellingAndMarketingExpenses": 0.0, "otherExpenses": 144100000, "operatingExpenses": 239700000, "costAndExpenses": 213000000, "interestExpense": 38900000, "depreciationAndAmortization": 184700000, "ebitda": 521900000, "ebitdaratio": 0.132991871162, "operatingIncome": 337200000, "operatingIncomeRatio": 0.0859261524348, "totalOtherIncomeExpensesNet": 1000000.0, "incomeBeforeTax": 337200000, "incomeBeforeTaxRatio": 0.0859261524348, "incomeTaxExpense": 101100000, "netIncome": 236100000, "netIncomeRatio": 0.0601635960553, "eps": 0.67, "epsdiluted": 0.67, "weightedAverageShsOut": 354000000, "weightedAverageShsOutDil": 354800000, "link": "https://www.sec.gov/Archives/edgar/data/75362/000119312513207512/0001193125-13-207512-index.htm", "finalLink": "https://www.sec.gov/Archives/edgar/data/75362/000119312513207512/d497329d10q.htm"}, {"date": "2012-12-31", "symbol": "PCAR", "fillingDate": "2013-02-27", "acceptedDate": "2013-02-27 16:53:38", "period": "FY", "revenue": 4798000000, "costOfRevenue": 3247400000, "grossProfit": 1550600000, "grossProfitRatio": 0.3231763234681117, "researchAndDevelopmentExpenses": 66400000, "generalAndAdministrativeExpenses": 114000000, "sellingAndMarketingExpenses": 0.0, "otherExpenses": 149900000, "operatingExpenses": 181000000, "costAndExpenses": 3429000000, "interestExpense": 40000000, "depreciationAndAmortization": 178500000, "ebitda": 536700000, "ebitdaratio": 0.111859107962, "operatingIncome": 358200000, "operatingIncomeRatio": 0.0746561067111, "totalOtherIncomeExpensesNet": 272000000, "incomeBeforeTax": 358200000, "incomeBeforeTaxRatio": 0.0746561067111, "incomeTaxExpense": 104700000, "netIncome": 253500000, "netIncomeRatio": 0.052834514381, "eps": 0.72, "epsdiluted": 0.71, "weightedAverageShsOut": 355100000, "weightedAverageShsOutDil": 355800000, "link": "https://www.sec.gov/Archives/edgar/data/75362/000119312513080215/0001193125-13-080215-index.htm", "finalLink": "https://www.sec.gov/Archives/edgar/data/75362/000119312513080215/d446518d10k.htm"}, {"date": "2012-09-30", "symbol": "PCAR", "fillingDate": "2012-11-07", "acceptedDate": "2012-11-07 16:21:28", "period": "Q3", "revenue": 3546700000, "costOfRevenue": 3108500000, "grossProfit": 438200000, "grossProfitRatio": 0.12355147038091747, "researchAndDevelopmentExpenses": 66800000, "generalAndAdministrativeExpenses": 113900000, "sellingAndMarketingExpenses": 0.0, "otherExpenses": 127200000, "operatingExpenses": 307900000, "costAndExpenses": 3289500000, "interestExpense": 40600000, "depreciationAndAmortization": 176200000, "ebitda": 521600000, "ebitdaratio": 0.147066286971, "operatingIncome": 345400000, "operatingIncomeRatio": 0.0973863027603, "totalOtherIncomeExpensesNet": 257000000, "incomeBeforeTax": 345400000, "incomeBeforeTaxRatio": 0.0973863027603, "incomeTaxExpense": 111800000, "netIncome": 233600000, "netIncomeRatio": 0.0658640426312, "eps": 0.66, "epsdiluted": 0.66, "weightedAverageShsOut": 355500000, "weightedAverageShsOutDil": 356300000, "link": "https://www.sec.gov/Archives/edgar/data/75362/000119312512457500/0001193125-12-457500-index.htm", "finalLink": "https://www.sec.gov/Archives/edgar/data/75362/000119312512457500/d401434d10q.htm"}, {"date": "2012-06-30", "symbol": "PCAR", "fillingDate": "2012-08-08", "acceptedDate": "2012-08-08 16:56:17", "period": "Q2", "revenue": 4191100000, "costOfRevenue": 3632500000, "grossProfit": 558600000, "grossProfitRatio": 0.13328243181980864, "researchAndDevelopmentExpenses": 73800000, "generalAndAdministrativeExpenses": 122500000, "sellingAndMarketingExpenses": 0.0, "otherExpenses": 121500000, "operatingExpenses": 317800000, "costAndExpenses": 3830400000, "interestExpense": 38100000, "depreciationAndAmortization": 175600000, "ebitda": 621900000, "ebitdaratio": 0.148385865286, "operatingIncome": 446300000, "operatingIncomeRatio": 0.106487556966, "totalOtherIncomeExpensesNet": 761000000, "incomeBeforeTax": 446300000, "incomeBeforeTaxRatio": 0.106487556966, "incomeTaxExpense": 149100000, "netIncome": 297200000, "netIncomeRatio": 0.0709121710291, "eps": 0.83, "epsdiluted": 0.84, "weightedAverageShsOut": 356500000, "weightedAverageShsOutDil": 357300000, "link": "https://www.sec.gov/Archives/edgar/data/75362/000119312512344247/0001193125-12-344247-index.htm", "finalLink": "https://www.sec.gov/Archives/edgar/data/75362/000119312512344247/d362696d10q.htm"}, {"date": "2012-03-31", "symbol": "PCAR", "fillingDate": "2012-05-10", "acceptedDate": "2012-05-10 14:23:52", "period": "Q1", "revenue": 4514700000, "costOfRevenue": 3919900000, "grossProfit": 594800000, "grossProfitRatio": 0.13174740292821227, "researchAndDevelopmentExpenses": 72300000, "generalAndAdministrativeExpenses": 125800000, "sellingAndMarketingExpenses": 0.0, "otherExpenses": 118800000, "operatingExpenses": 316900000, "costAndExpenses": 4115900000, "interestExpense": 39700000, "depreciationAndAmortization": 170600000, "ebitda": 649600000, "ebitdaratio": 0.143885529493, "operatingIncome": 479000000, "operatingIncomeRatio": 0.106097858108, "totalOtherIncomeExpensesNet": -2000000.0, "incomeBeforeTax": 479000000, "incomeBeforeTaxRatio": 0.106097858108, "incomeTaxExpense": 151700000, "netIncome": 327300000, "netIncomeRatio": 0.0724965113961, "eps": 0.92, "epsdiluted": 0.91, "weightedAverageShsOut": 357000000, "weightedAverageShsOutDil": 357800000, "link": "https://www.sec.gov/Archives/edgar/data/75362/000119312512224972/0001193125-12-224972-index.htm", "finalLink": "https://www.sec.gov/Archives/edgar/data/75362/000119312512224972/d311298d10q.htm"}, {"date": "2011-12-31", "symbol": "PCAR", "fillingDate": "2012-02-29", "acceptedDate": "2012-02-29 06:12:25", "period": "FY", "revenue": 5616900000, "costOfRevenue": 3994400000, "grossProfit": 1622500000, "grossProfitRatio": 0.288860403425377, "researchAndDevelopmentExpenses": 72300000, "generalAndAdministrativeExpenses": 121300000, "sellingAndMarketingExpenses": 0.0, "otherExpenses": 123300000, "operatingExpenses": 316900000, "costAndExpenses": 4191600000, "interestExpense": 44100000, "depreciationAndAmortization": 168100000, "ebitda": 640800000, "ebitdaratio": 0.114084281365, "operatingIncome": 472700000, "operatingIncomeRatio": 0.084156741263, "totalOtherIncomeExpensesNet": 396000000, "incomeBeforeTax": 472700000, "incomeBeforeTaxRatio": 0.084156741263, "incomeTaxExpense": 145000000, "netIncome": 327700000, "netIncomeRatio": 0.0583417899553, "eps": 0.91, "epsdiluted": 0.91, "weightedAverageShsOut": 363300000, "weightedAverageShsOutDil": 364400000, "link": "https://www.sec.gov/Archives/edgar/data/75362/000119312512086978/0001193125-12-086978-index.htm", "finalLink": "https://www.sec.gov/Archives/edgar/data/75362/000119312512086978/d261646d10k.htm"}, {"date": "2011-09-30", "symbol": "PCAR", "fillingDate": "2011-11-07", "acceptedDate": "2011-11-07 16:27:23", "period": "Q3", "revenue": 3993000000, "costOfRevenue": 3484000000, "grossProfit": 509000000, "grossProfitRatio": 0.12747307788630102, "researchAndDevelopmentExpenses": 70000000, "generalAndAdministrativeExpenses": 113100000, "sellingAndMarketingExpenses": 0.0, "otherExpenses": 123000000, "operatingExpenses": 306100000, "costAndExpenses": 3671100000, "interestExpense": 44600000, "depreciationAndAmortization": 174300000, "ebitda": 569000000, "ebitdaratio": 0.142499373904, "operatingIncome": 394700000, "operatingIncomeRatio": 0.098847983972, "totalOtherIncomeExpensesNet": 833000000, "incomeBeforeTax": 394700000, "incomeBeforeTaxRatio": 0.098847983972, "incomeTaxExpense": 113100000, "netIncome": 281600000, "netIncomeRatio": 0.070523415978, "eps": 0.78, "epsdiluted": 0.77, "weightedAverageShsOut": 365000000, "weightedAverageShsOutDil": 366200000, "link": "https://www.sec.gov/Archives/edgar/data/75362/000119312511299857/0001193125-11-299857-index.htm", "finalLink": "https://www.sec.gov/Archives/edgar/data/75362/000119312511299857/d231440d10q.htm"}, {"date": "2011-06-30", "symbol": "PCAR", "fillingDate": "2011-08-08", "acceptedDate": "2011-08-08 16:34:37", "period": "Q2", "revenue": 3702700000, "costOfRevenue": 3231100000, "grossProfit": 471600000, "grossProfitRatio": 0.12736651632592433, "researchAndDevelopmentExpenses": 77500000, "generalAndAdministrativeExpenses": 108600000, "sellingAndMarketingExpenses": 0.0, "otherExpenses": 119400000, "operatingExpenses": 305500000, "costAndExpenses": 3416300000, "interestExpense": 46100000, "depreciationAndAmortization": 169000000, "ebitda": 522200000, "ebitdaratio": 0.141032219732, "operatingIncome": 353200000, "operatingIncomeRatio": 0.0953898506495, "totalOtherIncomeExpensesNet": -225000000, "incomeBeforeTax": 353200000, "incomeBeforeTaxRatio": 0.0953898506495, "incomeTaxExpense": 113500000, "netIncome": 239700000, "netIncomeRatio": 0.0647365436033, "eps": 0.65, "epsdiluted": 0.65, "weightedAverageShsOut": 365800000, "weightedAverageShsOutDil": 367200000, "link": "https://www.sec.gov/Archives/edgar/data/75362/000119312511214310/0001193125-11-214310-index.htm", "finalLink": "https://www.sec.gov/Archives/edgar/data/75362/000119312511214310/d10q.htm"}, {"date": "2011-03-31", "symbol": "PCAR", "fillingDate": "2011-05-06", "acceptedDate": "2011-05-06 12:03:04", "period": "Q1", "revenue": 3042600000, "costOfRevenue": 2632300000, "grossProfit": 410300000, "grossProfitRatio": 0.13485177151120753, "researchAndDevelopmentExpenses": 68400000, "generalAndAdministrativeExpenses": 109900000, "sellingAndMarketingExpenses": 0.0, "otherExpenses": 110500000, "operatingExpenses": 288800000, "costAndExpenses": 2814600000, "interestExpense": 46500000, "depreciationAndAmortization": 162400000, "ebitda": 448700000, "ebitdaratio": 0.147472556366, "operatingIncome": 286300000, "operatingIncomeRatio": 0.0940971537501, "totalOtherIncomeExpensesNet": 228000000, "incomeBeforeTax": 286300000, "incomeBeforeTaxRatio": 0.0940971537501, "incomeTaxExpense": 93000000, "netIncome": 193300000, "netIncomeRatio": 0.0635311904292, "eps": 0.53, "epsdiluted": 0.53, "weightedAverageShsOut": 365800000, "weightedAverageShsOutDil": 367200000, "link": "https://www.sec.gov/Archives/edgar/data/75362/000119312511130097/0001193125-11-130097-index.htm", "finalLink": "https://www.sec.gov/Archives/edgar/data/75362/000119312511130097/d10q.htm"}, {"date": "2010-12-31", "symbol": "PCAR", "fillingDate": "2011-03-01", "acceptedDate": "2011-03-01 13:49:29", "period": "FY", "revenue": 3779600000, "costOfRevenue": 2456900000, "grossProfit": 1322700000, "grossProfitRatio": 0.34995766747804, "researchAndDevelopmentExpenses": 65400000, "generalAndAdministrativeExpenses": 107100000, "sellingAndMarketingExpenses": 0.0, "otherExpenses": 116100000, "operatingExpenses": 288600000, "costAndExpenses": 2629600000, "interestExpense": 49600000, "depreciationAndAmortization": 161700000, "ebitda": 400600000, "ebitdaratio": 0.105990051857, "operatingIncome": 238900000, "operatingIncomeRatio": 0.0632077468515, "totalOtherIncomeExpensesNet": -294000000, "incomeBeforeTax": 238900000, "incomeBeforeTaxRatio": 0.0632077468515, "incomeTaxExpense": 69100000, "netIncome": 169800000, "netIncomeRatio": 0.04492538893, "eps": 0.46, "epsdiluted": 0.46, "weightedAverageShsOut": 365000000, "weightedAverageShsOutDil": 366200000, "link": "https://www.sec.gov/Archives/edgar/data/75362/000119312511051678/0001193125-11-051678-index.htm", "finalLink": "https://www.sec.gov/Archives/edgar/data/75362/000119312511051678/d10k.htm"}, {"date": "2010-09-30", "symbol": "PCAR", "fillingDate": "2010-11-08", "acceptedDate": "2010-11-08 13:50:45", "period": "Q3", "revenue": 2304200000, "costOfRevenue": 2019200000, "grossProfit": 285000000, "grossProfitRatio": 0.12368717993229754, "researchAndDevelopmentExpenses": 59900000, "generalAndAdministrativeExpenses": 94300000, "sellingAndMarketingExpenses": 0.0, "otherExpenses": 109400000, "operatingExpenses": 263600000, "costAndExpenses": 2174400000, "interestExpense": 51800000, "depreciationAndAmortization": 150800000, "ebitda": 327600000, "ebitdaratio": 0.142175158406, "operatingIncome": 176800000, "operatingIncomeRatio": 0.0767294505685, "totalOtherIncomeExpensesNet": 130000000, "incomeBeforeTax": 176800000, "incomeBeforeTaxRatio": 0.0767294505685, "incomeTaxExpense": 56900000, "netIncome": 119900000, "netIncomeRatio": 0.0520354135926, "eps": 0.33, "epsdiluted": 0.33, "weightedAverageShsOut": 364800000, "weightedAverageShsOutDil": 365900000, "link": "https://www.sec.gov/Archives/edgar/data/75362/000119312510251749/0001193125-10-251749-index.htm", "finalLink": "https://www.sec.gov/Archives/edgar/data/75362/000119312510251749/d10q.htm"}, {"date": "2010-06-30", "symbol": "PCAR", "fillingDate": "2010-08-06", "acceptedDate": "2010-08-06 16:12:30", "period": "Q2", "revenue": 2224800000, "costOfRevenue": 1954900000, "grossProfit": 269900000, "grossProfitRatio": 0.12131427544048903, "researchAndDevelopmentExpenses": 58400000, "generalAndAdministrativeExpenses": 97300000, "sellingAndMarketingExpenses": 0.0, "otherExpenses": 108100000, "operatingExpenses": 263800000, "costAndExpenses": 2114500000, "interestExpense": 54500000, "depreciationAndAmortization": 148600000, "ebitda": 297200000, "ebitdaratio": 0.133585041352, "operatingIncome": 148600000, "operatingIncomeRatio": 0.066792520676, "totalOtherIncomeExpensesNet": 110000000, "incomeBeforeTax": 148600000, "incomeBeforeTaxRatio": 0.066792520676, "incomeTaxExpense": 49000000, "netIncome": 99600000, "netIncomeRatio": 0.0447680690399, "eps": 0.27, "epsdiluted": 0.27, "weightedAverageShsOut": 364700000, "weightedAverageShsOutDil": 365900000, "link": "https://www.sec.gov/Archives/edgar/data/75362/000119312510181384/0001193125-10-181384-index.htm", "finalLink": "https://www.sec.gov/Archives/edgar/data/75362/000119312510181384/d10q.htm"}, {"date": "2010-03-31", "symbol": "PCAR", "fillingDate": "2010-05-05", "acceptedDate": "2010-05-05 12:25:44", "period": "Q1", "revenue": 1984300000, "costOfRevenue": 1767800000, "grossProfit": 216500000, "grossProfitRatio": 0.10910648591442826, "researchAndDevelopmentExpenses": 54800000, "generalAndAdministrativeExpenses": 94100000, "sellingAndMarketingExpenses": 0.0, "otherExpenses": 118000000, "operatingExpenses": 266900000, "costAndExpenses": 1920900000, "interestExpense": 57100000, "depreciationAndAmortization": 162100000, "ebitda": 258100000, "ebitdaratio": 0.130071057804, "operatingIncome": 96000000, "operatingIncomeRatio": 0.0483797812831, "totalOtherIncomeExpensesNet": 63000000, "incomeBeforeTax": 96000000, "incomeBeforeTaxRatio": 0.0483797812831, "incomeTaxExpense": 27700000, "netIncome": 68300000, "netIncomeRatio": 0.0344201985587, "eps": 0.19, "epsdiluted": 0.19, "weightedAverageShsOut": 364600000, "weightedAverageShsOutDil": 365700000, "link": "https://www.sec.gov/Archives/edgar/data/75362/000119312510108284/0001193125-10-108284-index.htm", "finalLink": "https://www.sec.gov/Archives/edgar/data/75362/000119312510108284/d10q.htm"}, {"date": "2009-12-31", "symbol": "PCAR", "fillingDate": "2010-02-26", "acceptedDate": "2010-02-26 14:58:49", "period": "FY", "revenue": 1985000000, "costOfRevenue": 1783000000, "grossProfit": 202000000, "grossProfitRatio": 0.1017632241813602, "researchAndDevelopmentExpenses": 51000000, "generalAndAdministrativeExpenses": 93000000, "sellingAndMarketingExpenses": 0.0, "otherExpenses": 5000000.0, "operatingExpenses": 144000000, "costAndExpenses": 1927000000, "interestExpense": -5000000.0, "depreciationAndAmortization": 0.0, "ebitda": 147000000, "ebitdaratio": 0.07405541561712846, "operatingIncome": 147000000, "operatingIncomeRatio": 0.07405541561712846, "totalOtherIncomeExpensesNet": 5000000.0, "incomeBeforeTax": 54000000, "incomeBeforeTaxRatio": 0.027204030226700253, "incomeTaxExpense": 0.0, "netIncome": 46000000, "netIncomeRatio": 0.023173803526448364, "eps": 0.31, "epsdiluted": 0.31, "weightedAverageShsOut": 363800000, "weightedAverageShsOutDil": 364900000, "link": "https://www.sec.gov/Archives/edgar/data/75362/000119312510042642/0001193125-10-042642-index.htm", "finalLink": "https://www.sec.gov/Archives/edgar/data/75362/000119312510042642/d10k.htm"}, {"date": "2009-09-30", "symbol": "PCAR", "fillingDate": "2009-11-05", "acceptedDate": "2009-11-05 14:05:32", "period": "Q3", "revenue": 1759000000, "costOfRevenue": 1647000000, "grossProfit": 112000000, "grossProfitRatio": 0.06367254121660035, "researchAndDevelopmentExpenses": 43000000, "generalAndAdministrativeExpenses": 88000000, "sellingAndMarketingExpenses": 0.0, "otherExpenses": 5000000.0, "operatingExpenses": 131000000, "costAndExpenses": 1778000000, "interestExpense": -5000000.0, "depreciationAndAmortization": 0.0, "ebitda": 120000000, "ebitdaratio": 0.06822057987492894, "operatingIncome": 120000000, "operatingIncomeRatio": 0.06822057987492894, "totalOtherIncomeExpensesNet": 5000000.0, "incomeBeforeTax": -6000000.0, "incomeBeforeTaxRatio": -0.0034110289937464467, "incomeTaxExpense": 0.0, "netIncome": 13000000, "netIncomeRatio": 0.007390562819783968, "eps": 0.18, "epsdiluted": 0.18, "weightedAverageShsOut": 363800000, "weightedAverageShsOutDil": 364900000, "link": "https://www.sec.gov/Archives/edgar/data/75362/000119312509225269/0001193125-09-225269-index.htm", "finalLink": "https://www.sec.gov/Archives/edgar/data/75362/000119312509225269/d10q.htm"}, {"date": "2009-06-30", "symbol": "PCAR", "fillingDate": "2009-08-10", "acceptedDate": "2009-08-10 15:38:29", "period": "Q2", "revenue": 1602000000, "costOfRevenue": 1492000000, "grossProfit": 110000000, "grossProfitRatio": 0.0686641697877653, "researchAndDevelopmentExpenses": 53000000, "generalAndAdministrativeExpenses": 79000000, "sellingAndMarketingExpenses": 0.0, "otherExpenses": 18000000, "operatingExpenses": 132000000, "costAndExpenses": 1624000000, "interestExpense": -18000000, "depreciationAndAmortization": 0.0, "ebitda": 228000000, "ebitdaratio": 0.14232209737827714, "operatingIncome": 228000000, "operatingIncomeRatio": 0.14232209737827714, "totalOtherIncomeExpensesNet": 20000000, "incomeBeforeTax": 7000000.0, "incomeBeforeTaxRatio": 0.004369538077403246, "incomeTaxExpense": 0.0, "netIncome": 26000000, "netIncomeRatio": 0.016229712858926344, "eps": 0.15, "epsdiluted": 0.14, "weightedAverageShsOut": 363800000, "weightedAverageShsOutDil": 364900000, "link": "https://www.sec.gov/Archives/edgar/data/75362/000119312509170531/0001193125-09-170531-index.htm", "finalLink": "https://www.sec.gov/Archives/edgar/data/75362/000119312509170531/d10q.htm"}, {"date": "2009-03-31", "symbol": "PCAR", "fillingDate": "2009-05-07", "acceptedDate": "2009-05-07 13:18:38", "period": "Q1", "revenue": 1730000000, "costOfRevenue": 1561000000, "grossProfit": 169000000, "grossProfitRatio": 0.09768786127167631, "researchAndDevelopmentExpenses": 52000000, "generalAndAdministrativeExpenses": 88000000, "sellingAndMarketingExpenses": 0.0, "otherExpenses": 15000000, "operatingExpenses": 140000000, "costAndExpenses": 1701000000, "interestExpense": -15000000, "depreciationAndAmortization": 0.0, "ebitda": 13000000, "ebitdaratio": 0.007514450867052023, "operatingIncome": 13000000, "operatingIncomeRatio": 0.007514450867052023, "totalOtherIncomeExpensesNet": 13000000, "incomeBeforeTax": 13000000, "incomeBeforeTaxRatio": 0.007514450867052023, "incomeTaxExpense": 0.0, "netIncome": 26000000, "netIncomeRatio": 0.015028901734104046, "eps": 0.07, "epsdiluted": 0.07, "weightedAverageShsOut": 363000000, "weightedAverageShsOutDil": 364000000, "link": "https://www.sec.gov/Archives/edgar/data/75362/000110465909030380/0001104659-09-030380-index.htm", "finalLink": "https://www.sec.gov/Archives/edgar/data/75362/000110465909030380/a09-12456_110q.htm"}, {"date": "2008-12-31", "symbol": "PCAR", "fillingDate": "2009-02-27", "acceptedDate": "2009-02-27 14:10:05", "period": "FY", "revenue": 2624000000, "costOfRevenue": 2341000000, "grossProfit": 283000000, "grossProfitRatio": 0.10785060975609756, "researchAndDevelopmentExpenses": 80000000, "generalAndAdministrativeExpenses": 98000000, "sellingAndMarketingExpenses": 0.0, "otherExpenses": 1000000.0, "operatingExpenses": 178000000, "costAndExpenses": 2519000000, "interestExpense": -1000000.0, "depreciationAndAmortization": 0.0, "ebitda": 105000000, "ebitdaratio": 0.040015243902439025, "operatingIncome": 105000000, "operatingIncomeRatio": 0.040015243902439025, "totalOtherIncomeExpensesNet": 0.0, "incomeBeforeTax": 105000000, "incomeBeforeTaxRatio": 0.040015243902439025, "incomeTaxExpense": 0.0, "netIncome": 113000000, "netIncomeRatio": 0.0430640243902439, "eps": 2.79, "epsdiluted": 2.78, "weightedAverageShsOut": 364000000, "weightedAverageShsOutDil": 365000000, "link": "https://www.sec.gov/Archives/edgar/data/75362/000110465909012954/0001104659-09-012954-index.htm", "finalLink": "https://www.sec.gov/Archives/edgar/data/75362/000110465909012954/a09-1261_110k.htm"}, {"date": "2008-09-30", "symbol": "PCAR", "fillingDate": "2008-10-27", "acceptedDate": "2008-10-27 16:26:51", "period": "Q3", "revenue": 3682000000, "costOfRevenue": 3114000000, "grossProfit": 568000000, "grossProfitRatio": 0.15426398696360674, "researchAndDevelopmentExpenses": 88000000, "generalAndAdministrativeExpenses": 119000000, "sellingAndMarketingExpenses": 0.0, "otherExpenses": 1000000.0, "operatingExpenses": 207000000, "costAndExpenses": 3321000000, "interestExpense": -1000000.0, "depreciationAndAmortization": 0.0, "ebitda": 361000000, "ebitdaratio": 0.09804454101032048, "operatingIncome": 361000000, "operatingIncomeRatio": 0.09804454101032048, "totalOtherIncomeExpensesNet": 1000000.0, "incomeBeforeTax": 361000000, "incomeBeforeTaxRatio": 0.09804454101032048, "incomeTaxExpense": 0.0, "netIncome": 299000000, "netIncomeRatio": 0.08120586637696904, "eps": 2.48, "epsdiluted": 2.47, "weightedAverageShsOut": 364000000, "weightedAverageShsOutDil": 366000000, "link": "https://www.sec.gov/Archives/edgar/data/75362/000110465908065948/0001104659-08-065948-index.htm", "finalLink": "https://www.sec.gov/Archives/edgar/data/75362/000110465908065948/a08-25318_110q.htm"}, {"date": "2008-06-30", "symbol": "PCAR", "fillingDate": "2008-08-01", "acceptedDate": "2008-08-01 13:31:52", "period": "Q2", "revenue": 3782000000, "costOfRevenue": 3202000000, "grossProfit": 580000000, "grossProfitRatio": 0.15335801163405605, "researchAndDevelopmentExpenses": 91000000, "generalAndAdministrativeExpenses": 127000000, "sellingAndMarketingExpenses": 0.0, "otherExpenses": -3000000.0, "operatingExpenses": 218000000, "costAndExpenses": 3420000000, "interestExpense": 3000000.0, "depreciationAndAmortization": 0.0, "ebitda": 365000000, "ebitdaratio": 0.0965097831835008, "operatingIncome": 365000000, "operatingIncomeRatio": 0.0965097831835008, "totalOtherIncomeExpensesNet": -3000000.0, "incomeBeforeTax": 365000000, "incomeBeforeTaxRatio": 0.0965097831835008, "incomeTaxExpense": 0.0, "netIncome": 313000000, "netIncomeRatio": 0.082760444209413, "eps": 1.66, "epsdiluted": 1.65, "weightedAverageShsOut": 365000000, "weightedAverageShsOutDil": 367000000, "link": "https://www.sec.gov/Archives/edgar/data/75362/000110465908049197/0001104659-08-049197-index.htm", "finalLink": "https://www.sec.gov/Archives/edgar/data/75362/000110465908049197/a08-18614_110q.htm"}, {"date": "2008-03-31", "symbol": "PCAR", "fillingDate": "2008-05-02", "acceptedDate": "2008-05-02 13:05:37", "period": "Q1", "revenue": 3621000000, "costOfRevenue": 3079000000, "grossProfit": 542000000, "grossProfitRatio": 0.14968240817453743, "researchAndDevelopmentExpenses": 82000000, "generalAndAdministrativeExpenses": 126000000, "sellingAndMarketingExpenses": 0.0, "otherExpenses": 1000000.0, "operatingExpenses": 208000000, "costAndExpenses": 3287000000, "interestExpense": -1000000.0, "depreciationAndAmortization": 0.0, "ebitda": 331000000, "ebitdaratio": 0.09141121237227286, "operatingIncome": 331000000, "operatingIncomeRatio": 0.09141121237227286, "totalOtherIncomeExpensesNet": 1000000.0, "incomeBeforeTax": 331000000, "incomeBeforeTaxRatio": 0.09141121237227286, "incomeTaxExpense": 0.0, "netIncome": 292000000, "netIncomeRatio": 0.08064070698702017, "eps": 0.8, "epsdiluted": 0.79, "weightedAverageShsOut": 366000000, "weightedAverageShsOutDil": 368000000, "link": "https://www.sec.gov/Archives/edgar/data/75362/000110465908029403/0001104659-08-029403-index.htm", "finalLink": "https://www.sec.gov/Archives/edgar/data/75362/000110465908029403/a08-11219_110q.htm"}, {"date": "2007-12-31", "symbol": "PCAR", "fillingDate": "2008-02-27", "acceptedDate": "2008-02-27 13:16:16", "period": "FY", "revenue": 3432000000, "costOfRevenue": 2776000000, "grossProfit": 656000000, "grossProfitRatio": 0.19114219114219114, "researchAndDevelopmentExpenses": 255000000, "generalAndAdministrativeExpenses": 128000000, "sellingAndMarketingExpenses": 0.0, "otherExpenses": 3000000.0, "operatingExpenses": 383000000, "costAndExpenses": 3159000000, "interestExpense": -3000000.0, "depreciationAndAmortization": 0.0, "ebitda": 269000000, "ebitdaratio": 0.07837995337995338, "operatingIncome": 269000000, "operatingIncomeRatio": 0.07837995337995338, "totalOtherIncomeExpensesNet": 3000000.0, "incomeBeforeTax": 269000000, "incomeBeforeTaxRatio": 0.07837995337995338, "incomeTaxExpense": 0.0, "netIncome": 261000000, "netIncomeRatio": 0.07604895104895106, "eps": 3.31, "epsdiluted": 3.29, "weightedAverageShsOut": 371000000, "weightedAverageShsOutDil": 373000000, "link": "https://www.sec.gov/Archives/edgar/data/75362/000110465908013201/0001104659-08-013201-index.htm", "finalLink": "https://www.sec.gov/Archives/edgar/data/75362/000110465908013201/a08-2420_110k.htm"}, {"date": "2007-09-30", "symbol": "PCAR", "fillingDate": "2007-11-02", "acceptedDate": "2007-11-02 14:04:36", "period": "Q3", "revenue": 3449000000, "costOfRevenue": 2998000000, "grossProfit": 451000000, "grossProfitRatio": 0.130762539866628, "researchAndDevelopmentExpenses": 0.0, "generalAndAdministrativeExpenses": 123000000, "sellingAndMarketingExpenses": 0.0, "otherExpenses": 0.0, "operatingExpenses": 123000000, "costAndExpenses": 3121000000, "interestExpense": 0.0, "depreciationAndAmortization": 0.0, "ebitda": 328000000, "ebitdaratio": 0.09510002899391128, "operatingIncome": 328000000, "operatingIncomeRatio": 0.09510002899391128, "totalOtherIncomeExpensesNet": 0.0, "incomeBeforeTax": 328000000, "incomeBeforeTaxRatio": 0.09510002899391128, "incomeTaxExpense": 0.0, "netIncome": 303000000, "netIncomeRatio": 0.0878515511742534, "eps": 2.6, "epsdiluted": 2.58, "weightedAverageShsOut": 372000000, "weightedAverageShsOutDil": 374000000, "link": "https://www.sec.gov/Archives/edgar/data/75362/000110465907079233/0001104659-07-079233-index.htm", "finalLink": "https://www.sec.gov/Archives/edgar/data/75362/000110465907079233/a07-25438_110q.htm"}, {"date": "2007-06-30", "symbol": "PCAR", "fillingDate": "2007-08-03", "acceptedDate": "2007-08-03 12:00:41", "period": "Q2", "revenue": 3429000000, "costOfRevenue": 2971000000, "grossProfit": 458000000, "grossProfitRatio": 0.1335666375036454, "researchAndDevelopmentExpenses": 0.0, "generalAndAdministrativeExpenses": 120000000, "sellingAndMarketingExpenses": 0.0, "otherExpenses": 1000000.0, "operatingExpenses": 120000000, "costAndExpenses": 3091000000, "interestExpense": -1000000.0, "depreciationAndAmortization": 0.0, "ebitda": 337000000, "ebitdaratio": 0.09827938174394868, "operatingIncome": 337000000, "operatingIncomeRatio": 0.09827938174394868, "totalOtherIncomeExpensesNet": 1000000.0, "incomeBeforeTax": 337000000, "incomeBeforeTaxRatio": 0.09827938174394868, "incomeTaxExpense": 0.0, "netIncome": 298000000, "netIncomeRatio": 0.08690580344123651, "eps": 2.67, "epsdiluted": 2.65, "weightedAverageShsOut": 248000000, "weightedAverageShsOutDil": 250000000, "link": "https://www.sec.gov/Archives/edgar/data/75362/000110465907058623/0001104659-07-058623-index.htm", "finalLink": "https://www.sec.gov/Archives/edgar/data/75362/000110465907058623/a07-18737_110q.htm"}, {"date": "2007-03-31", "symbol": "PCAR", "fillingDate": "2007-05-04", "acceptedDate": "2007-05-04 11:49:00", "period": "Q1", "revenue": 3720000000, "costOfRevenue": 3172000000, "grossProfit": 548000000, "grossProfitRatio": 0.14731182795698924, "researchAndDevelopmentExpenses": 0.0, "generalAndAdministrativeExpenses": 120000000, "sellingAndMarketingExpenses": 0.0, "otherExpenses": -22000000, "operatingExpenses": 120000000, "costAndExpenses": 3292000000, "interestExpense": 22000000, "depreciationAndAmortization": 0.0, "ebitda": 450000000, "ebitdaratio": 0.12096774193548387, "operatingIncome": 450000000, "operatingIncomeRatio": 0.12096774193548387, "totalOtherIncomeExpensesNet": -22000000, "incomeBeforeTax": 450000000, "incomeBeforeTaxRatio": 0.12096774193548387, "incomeTaxExpense": 0.0, "netIncome": 365000000, "netIncomeRatio": 0.09811827956989247, "eps": 1.47, "epsdiluted": 1.46, "weightedAverageShsOut": 248000000, "weightedAverageShsOutDil": 250000000, "link": "https://www.sec.gov/Archives/edgar/data/75362/000110465907035836/0001104659-07-035836-index.htm", "finalLink": "https://www.sec.gov/Archives/edgar/data/75362/000110465907035836/a07-10674_110q.htm"}, {"date": "2006-12-31", "symbol": "PCAR", "fillingDate": "2007-02-26", "acceptedDate": "2007-02-26 15:48:13", "period": "FY", "revenue": 3968000000, "costOfRevenue": 3382000000, "grossProfit": 586000000, "grossProfitRatio": 0.14768145161290322, "researchAndDevelopmentExpenses": 0.0, "generalAndAdministrativeExpenses": 124000000, "sellingAndMarketingExpenses": 0.0, "otherExpenses": -1000000.0, "operatingExpenses": 124000000, "costAndExpenses": 3506000000, "interestExpense": 1000000.0, "depreciationAndAmortization": 0.0, "ebitda": 464000000, "ebitdaratio": 0.11693548387096774, "operatingIncome": 464000000, "operatingIncomeRatio": 0.11693548387096774, "totalOtherIncomeExpensesNet": 464000000, "incomeBeforeTax": 464000000, "incomeBeforeTaxRatio": 0.11693548387096774, "incomeTaxExpense": 0.0, "netIncome": 381000000, "netIncomeRatio": 0.09601814516129033, "eps": 5.98, "epsdiluted": 5.95, "weightedAverageShsOut": 250000000, "weightedAverageShsOutDil": 251000000, "link": "https://www.sec.gov/Archives/edgar/data/75362/000110465907013855/0001104659-07-013855-index.htm", "finalLink": "https://www.sec.gov/Archives/edgar/data/75362/000110465907013855/a07-4930_110k.htm"}, {"date": "2006-09-30", "symbol": "PCAR", "fillingDate": "2006-11-02", "acceptedDate": "2006-11-02 11:42:09", "period": "Q3", "revenue": 3960000000, "costOfRevenue": 3365000000, "grossProfit": 595000000, "grossProfitRatio": 0.15025252525252525, "researchAndDevelopmentExpenses": 0.0, "generalAndAdministrativeExpenses": 111000000, "sellingAndMarketingExpenses": 0.0, "otherExpenses": 1000000.0, "operatingExpenses": 111000000, "costAndExpenses": 3476000000, "interestExpense": -1000000.0, "depreciationAndAmortization": 0.0, "ebitda": 482000000, "ebitdaratio": 0.12171717171717172, "operatingIncome": 482000000, "operatingIncomeRatio": 0.12171717171717172, "totalOtherIncomeExpensesNet": 482000000, "incomeBeforeTax": 482000000, "incomeBeforeTaxRatio": 0.12171717171717172, "incomeTaxExpense": 0.0, "netIncome": 404000000, "netIncomeRatio": 0.10202020202020202, "eps": 4.45, "epsdiluted": 4.43, "weightedAverageShsOut": 250000000, "weightedAverageShsOutDil": 251000000, "link": "https://www.sec.gov/Archives/edgar/data/75362/000110465906070576/0001104659-06-070576-index.htm", "finalLink": "https://www.sec.gov/Archives/edgar/data/75362/000110465906070576/a06-21521_110q.htm"}, {"date": "2006-06-30", "symbol": "PCAR", "fillingDate": "2006-07-28", "acceptedDate": "2006-07-28 11:15:44", "period": "Q2", "revenue": 3936000000, "costOfRevenue": 3354000000, "grossProfit": 582000000, "grossProfitRatio": 0.14786585365853658, "researchAndDevelopmentExpenses": 0.0, "generalAndAdministrativeExpenses": 113000000, "sellingAndMarketingExpenses": 0.0, "otherExpenses": 0.0, "operatingExpenses": 113000000, "costAndExpenses": 3467000000, "interestExpense": 0.0, "depreciationAndAmortization": 0.0, "ebitda": 470000000, "ebitdaratio": 0.11941056910569106, "operatingIncome": 470000000, "operatingIncomeRatio": 0.11941056910569106, "totalOtherIncomeExpensesNet": 470000000, "incomeBeforeTax": 470000000, "incomeBeforeTaxRatio": 0.11941056910569106, "incomeTaxExpense": 0.0, "netIncome": 369000000, "netIncomeRatio": 0.09375, "eps": 4.25, "epsdiluted": 4.23, "weightedAverageShsOut": 167000000, "weightedAverageShsOutDil": 168000000, "link": "https://www.sec.gov/Archives/edgar/data/75362/000110465906049491/0001104659-06-049491-index.htm", "finalLink": "https://www.sec.gov/Archives/edgar/data/75362/000110465906049491/a06-15167_110q.htm"}, {"date": "2006-03-31", "symbol": "PCAR", "fillingDate": "2006-05-05", "acceptedDate": "2006-05-05 11:14:29", "period": "Q1", "revenue": 3639000000, "costOfRevenue": 3098000000, "grossProfit": 541000000, "grossProfitRatio": 0.14866721626820556, "researchAndDevelopmentExpenses": 0.0, "generalAndAdministrativeExpenses": 109000000, "sellingAndMarketingExpenses": 0.0, "otherExpenses": 0.0, "operatingExpenses": 109000000, "costAndExpenses": 3207000000, "interestExpense": 0.0, "depreciationAndAmortization": 0.0, "ebitda": 430000000, "ebitdaratio": 0.11816433086012641, "operatingIncome": 430000000, "operatingIncomeRatio": 0.11816433086012641, "totalOtherIncomeExpensesNet": 430000000, "incomeBeforeTax": 430000000, "incomeBeforeTaxRatio": 0.11816433086012641, "incomeTaxExpense": 0.0, "netIncome": 342000000, "netIncomeRatio": 0.09398186314921682, "eps": 2.03, "epsdiluted": 2.02, "weightedAverageShsOut": 168000000, "weightedAverageShsOutDil": 169000000, "link": "https://www.sec.gov/Archives/edgar/data/75362/000110465906031442/0001104659-06-031442-index.htm", "finalLink": "https://www.sec.gov/Archives/edgar/data/75362/000110465906031442/a06-9224_110q.htm"}, {"date": "2005-12-31", "symbol": "PCAR", "fillingDate": "2006-02-27", "acceptedDate": "2006-02-27 14:20:53", "period": "FY", "revenue": 3426000000, "costOfRevenue": 2932000000, "grossProfit": 494000000, "grossProfitRatio": 0.14419147694103912, "researchAndDevelopmentExpenses": 0.0, "generalAndAdministrativeExpenses": 114000000, "sellingAndMarketingExpenses": 0.0, "otherExpenses": 2000000.0, "operatingExpenses": 114000000, "costAndExpenses": 3046000000, "interestExpense": -2000000.0, "depreciationAndAmortization": 0.0, "ebitda": 377000000, "ebitdaratio": 0.11004086398131932, "operatingIncome": 377000000, "operatingIncomeRatio": 0.11004086398131932, "totalOtherIncomeExpensesNet": 1516000000, "incomeBeforeTax": 377000000, "incomeBeforeTaxRatio": 0.11004086398131932, "incomeTaxExpense": 0.0, "netIncome": 313000000, "netIncomeRatio": 0.09136018680677174, "eps": 6.6, "epsdiluted": 6.56, "weightedAverageShsOut": 171000000, "weightedAverageShsOutDil": 172000000, "link": "https://www.sec.gov/Archives/edgar/data/75362/000110465906012138/0001104659-06-012138-index.htm", "finalLink": "https://www.sec.gov/Archives/edgar/data/75362/000110465906012138/a06-2326_110k.htm"}, {"date": "2005-09-30", "symbol": "PCAR", "fillingDate": "2005-11-04", "acceptedDate": "2005-11-04 11:03:21", "period": "Q3", "revenue": 3345000000, "costOfRevenue": 2842000000, "grossProfit": 503000000, "grossProfitRatio": 0.15037369207772794, "researchAndDevelopmentExpenses": 0.0, "generalAndAdministrativeExpenses": 102000000, "sellingAndMarketingExpenses": 0.0, "otherExpenses": 6000000.0, "operatingExpenses": 102000000, "costAndExpenses": 2944000000, "interestExpense": -6000000.0, "depreciationAndAmortization": 0.0, "ebitda": 394000000, "ebitdaratio": 0.11778774289985053, "operatingIncome": 394000000, "operatingIncomeRatio": 0.11778774289985053, "totalOtherIncomeExpensesNet": -745000000, "incomeBeforeTax": 394000000, "incomeBeforeTaxRatio": 0.11778774289985053, "incomeTaxExpense": 0.0, "netIncome": 305000000, "netIncomeRatio": 0.09118086696562033, "eps": 4.76, "epsdiluted": 4.73, "weightedAverageShsOut": 172000000, "weightedAverageShsOutDil": 173000000, "link": "https://www.sec.gov/Archives/edgar/data/75362/000110465905052547/0001104659-05-052547-index.htm", "finalLink": "https://www.sec.gov/Archives/edgar/data/75362/000110465905052547/a05-17917_110q.htm"}, {"date": "2005-06-30", "symbol": "PCAR", "fillingDate": "2005-07-29", "acceptedDate": "2005-07-29 11:32:03", "period": "Q2", "revenue": 3373000000, "costOfRevenue": 2877000000, "grossProfit": 496000000, "grossProfitRatio": 0.1470501037651942, "researchAndDevelopmentExpenses": 0.0, "generalAndAdministrativeExpenses": 106000000, "sellingAndMarketingExpenses": 0.0, "otherExpenses": 3000000.0, "operatingExpenses": 106000000, "costAndExpenses": 2983000000, "interestExpense": -3000000.0, "depreciationAndAmortization": 0.0, "ebitda": 388000000, "ebitdaratio": 0.11503112955825674, "operatingIncome": 388000000, "operatingIncomeRatio": 0.11503112955825674, "totalOtherIncomeExpensesNet": 388000000, "incomeBeforeTax": 388000000, "incomeBeforeTaxRatio": 0.11503112955825674, "incomeTaxExpense": 0.0, "netIncome": 241000000, "netIncomeRatio": 0.07144974799881411, "eps": 2.97, "epsdiluted": 2.95, "weightedAverageShsOut": 173000000, "weightedAverageShsOutDil": 174000000, "link": "https://www.sec.gov/Archives/edgar/data/75362/000110465905035011/0001104659-05-035011-index.htm", "finalLink": "https://www.sec.gov/Archives/edgar/data/75362/000110465905035011/a05-12527_110q.htm"}, {"date": "2005-03-31", "symbol": "PCAR", "fillingDate": "2005-05-03", "acceptedDate": "2005-05-03 11:21:20", "period": "Q1", "revenue": 3154000000, "costOfRevenue": 2689000000, "grossProfit": 465000000, "grossProfitRatio": 0.14743183259353201, "researchAndDevelopmentExpenses": 0.0, "generalAndAdministrativeExpenses": 107000000, "sellingAndMarketingExpenses": 0.0, "otherExpenses": 0.0, "operatingExpenses": 107000000, "costAndExpenses": 2796000000, "interestExpense": 0.0, "depreciationAndAmortization": 0.0, "ebitda": 357000000, "ebitdaratio": 0.11318960050729232, "operatingIncome": 357000000, "operatingIncomeRatio": 0.11318960050729232, "totalOtherIncomeExpensesNet": 357000000, "incomeBeforeTax": 357000000, "incomeBeforeTaxRatio": 0.11318960050729232, "incomeTaxExpense": 0.0, "netIncome": 274000000, "netIncomeRatio": 0.08687381103360811, "eps": 1.57, "epsdiluted": 1.56, "weightedAverageShsOut": 174000000, "weightedAverageShsOutDil": 175000000, "link": "https://www.sec.gov/Archives/edgar/data/75362/000110465905019880/0001104659-05-019880-index.htm", "finalLink": "https://www.sec.gov/Archives/edgar/data/75362/000110465905019880/a05-7503_110q.htm"}, {"date": "2004-12-31", "symbol": "PCAR", "fillingDate": "2005-03-04", "acceptedDate": "2005-03-04 11:53:42", "period": "FY", "revenue": 3031000000, "costOfRevenue": 2591000000, "grossProfit": 440000000, "grossProfitRatio": 0.14516661167931375, "researchAndDevelopmentExpenses": 0.0, "generalAndAdministrativeExpenses": 105000000, "sellingAndMarketingExpenses": 0.0, "otherExpenses": 34000000, "operatingExpenses": 105000000, "costAndExpenses": 2696000000, "interestExpense": -34000000, "depreciationAndAmortization": 0.0, "ebitda": 307000000, "ebitdaratio": 0.10128670405806664, "operatingIncome": 307000000, "operatingIncomeRatio": 0.10128670405806664, "totalOtherIncomeExpensesNet": 307000000, "incomeBeforeTax": 307000000, "incomeBeforeTaxRatio": 0.10128670405806664, "incomeTaxExpense": 0.0, "netIncome": 241000000, "netIncomeRatio": 0.07951171230616957, "eps": 5.19, "epsdiluted": 5.16, "weightedAverageShsOut": 174000000, "weightedAverageShsOutDil": 175000000, "link": "https://www.sec.gov/Archives/edgar/data/75362/000110465905009484/0001104659-05-009484-index.htm", "finalLink": "https://www.sec.gov/Archives/edgar/data/75362/000110465905009484/a05-1783_110k.htm"}, {"date": "2004-09-30", "symbol": "PCAR", "fillingDate": "2004-11-05", "acceptedDate": "2004-11-05 12:05:59", "period": "Q3", "revenue": 2775000000, "costOfRevenue": 2379000000, "grossProfit": 396000000, "grossProfitRatio": 0.14270270270270272, "researchAndDevelopmentExpenses": 0.0, "generalAndAdministrativeExpenses": 95000000, "sellingAndMarketingExpenses": 0.0, "otherExpenses": 0.0, "operatingExpenses": 95000000, "costAndExpenses": 2474000000, "interestExpense": 0.0, "depreciationAndAmortization": 0.0, "ebitda": 300000000, "ebitdaratio": 0.10810810810810811, "operatingIncome": 300000000, "operatingIncomeRatio": 0.10810810810810811, "totalOtherIncomeExpensesNet": 300000000, "incomeBeforeTax": 300000000, "incomeBeforeTaxRatio": 0.10810810810810811, "incomeTaxExpense": 0.0, "netIncome": 247000000, "netIncomeRatio": 0.08900900900900902, "eps": 3.81, "epsdiluted": 3.78, "weightedAverageShsOut": 174000000, "weightedAverageShsOutDil": 175000000, "link": "https://www.sec.gov/Archives/edgar/data/75362/000110465904033820/0001104659-04-033820-index.htm", "finalLink": "https://www.sec.gov/Archives/edgar/data/75362/000110465904033820/a04-12608_110q.htm"}, {"date": "2004-06-30", "symbol": "PCAR", "fillingDate": "2004-08-06", "acceptedDate": "2004-08-06 13:18:13", "period": "Q2", "revenue": 2653000000, "costOfRevenue": 2255000000, "grossProfit": 398000000, "grossProfitRatio": 0.15001884658876743, "researchAndDevelopmentExpenses": 0.0, "generalAndAdministrativeExpenses": 93000000, "sellingAndMarketingExpenses": 0.0, "otherExpenses": 0.0, "operatingExpenses": 93000000, "costAndExpenses": 2348000000, "interestExpense": 0.0, "depreciationAndAmortization": 0.0, "ebitda": 303000000, "ebitdaratio": 0.11421032793064455, "operatingIncome": 303000000, "operatingIncomeRatio": 0.11421032793064455, "totalOtherIncomeExpensesNet": 303000000, "incomeBeforeTax": 303000000, "incomeBeforeTaxRatio": 0.11421032793064455, "incomeTaxExpense": 0.0, "netIncome": 236000000, "netIncomeRatio": 0.0889558989822842, "eps": 2.39, "epsdiluted": 2.37, "weightedAverageShsOut": 175000000, "weightedAverageShsOutDil": 176000000, "link": "https://www.sec.gov/Archives/edgar/data/75362/000110465904022926/0001104659-04-022926-index.htm", "finalLink": "https://www.sec.gov/Archives/edgar/data/75362/000110465904022926/j9005-110q.htm"}, {"date": "2004-03-31", "symbol": "PCAR", "fillingDate": "2004-05-07", "acceptedDate": "2004-05-07 12:19:28", "period": "Q1", "revenue": 2374000000, "costOfRevenue": 2043000000, "grossProfit": 331000000, "grossProfitRatio": 0.13942712721145745, "researchAndDevelopmentExpenses": 0.0, "generalAndAdministrativeExpenses": 97000000, "sellingAndMarketingExpenses": 0.0, "otherExpenses": 0.0, "operatingExpenses": 97000000, "costAndExpenses": 2140000000, "interestExpense": 0.0, "depreciationAndAmortization": 0.0, "ebitda": 229000000, "ebitdaratio": 0.09646166807076664, "operatingIncome": 229000000, "operatingIncomeRatio": 0.09646166807076664, "totalOtherIncomeExpensesNet": 229000000, "incomeBeforeTax": 229000000, "incomeBeforeTaxRatio": 0.09646166807076664, "incomeTaxExpense": 0.0, "netIncome": 182000000, "netIncomeRatio": 0.07666385846672283, "eps": 1.04, "epsdiluted": 1.03, "weightedAverageShsOut": 175000000, "weightedAverageShsOutDil": 176000000, "link": "https://www.sec.gov/Archives/edgar/data/75362/000110465904013142/0001104659-04-013142-index.htm", "finalLink": "https://www.sec.gov/Archives/edgar/data/75362/000110465904013142/a5592-1ba.htm"}, {"date": "2003-12-31", "symbol": "PCAR", "fillingDate": "2004-03-12", "acceptedDate": "2004-03-12 14:52:34", "period": "FY", "revenue": 2083000000, "costOfRevenue": 1802000000, "grossProfit": 281000000, "grossProfitRatio": 0.13490158425348056, "researchAndDevelopmentExpenses": 0.0, "generalAndAdministrativeExpenses": 87000000, "sellingAndMarketingExpenses": 0.0, "otherExpenses": 3000000.0, "operatingExpenses": 87000000, "costAndExpenses": 1889000000, "interestExpense": -3000000.0, "depreciationAndAmortization": 0.0, "ebitda": 194000000, "ebitdaratio": 0.09313490158425348, "operatingIncome": 194000000, "operatingIncomeRatio": 0.09313490158425348, "totalOtherIncomeExpensesNet": 194000000, "incomeBeforeTax": 194000000, "incomeBeforeTaxRatio": 0.09313490158425348, "incomeTaxExpense": 0.0, "netIncome": 159000000, "netIncomeRatio": 0.07633221315410466, "eps": 3.01, "epsdiluted": 2.99, "weightedAverageShsOut": 174000000, "weightedAverageShsOutDil": 176000000, "link": "https://www.sec.gov/Archives/edgar/data/75362/000110465904007210/0001104659-04-007210-index.htm", "finalLink": "https://www.sec.gov/Archives/edgar/data/75362/000110465904007210/ba_10k.htm"}, {"date": "2003-09-30", "symbol": "PCAR", "fillingDate": "2003-11-07", "acceptedDate": "2003-11-07 14:21:25", "period": "Q3", "revenue": 1940000000, "costOfRevenue": 1696000000, "grossProfit": 244000000, "grossProfitRatio": 0.12577319587628866, "researchAndDevelopmentExpenses": 0.0, "generalAndAdministrativeExpenses": 83000000, "sellingAndMarketingExpenses": 0.0, "otherExpenses": 0.0, "operatingExpenses": 83000000, "costAndExpenses": 1779000000, "interestExpense": 0.0, "depreciationAndAmortization": 0.0, "ebitda": 160000000, "ebitdaratio": 0.08247422680412371, "operatingIncome": 160000000, "operatingIncomeRatio": 0.08247422680412371, "totalOtherIncomeExpensesNet": 160000000, "incomeBeforeTax": 160000000, "incomeBeforeTaxRatio": 0.08247422680412371, "incomeTaxExpense": 0.0, "netIncome": 133000000, "netIncomeRatio": 0.06855670103092784, "eps": 3.15, "epsdiluted": 3.13, "weightedAverageShsOut": 116000000, "weightedAverageShsOutDil": 117000000, "link": "https://www.sec.gov/Archives/edgar/data/75362/000110465903025115/0001104659-03-025115-index.htm", "finalLink": "https://www.sec.gov/Archives/edgar/data/75362/000110465903025115/j47861be.htm"}, {"date": "2003-06-30", "symbol": "PCAR", "fillingDate": "2003-08-08", "acceptedDate": "2003-08-08 16:10:35", "period": "Q2", "revenue": 1895000000, "costOfRevenue": 1657000000, "grossProfit": 238000000, "grossProfitRatio": 0.12559366754617415, "researchAndDevelopmentExpenses": 0.0, "generalAndAdministrativeExpenses": 87000000, "sellingAndMarketingExpenses": 0.0, "otherExpenses": 0.0, "operatingExpenses": 87000000, "costAndExpenses": 1744000000, "interestExpense": 0.0, "depreciationAndAmortization": 0.0, "ebitda": 152000000, "ebitdaratio": 0.08021108179419525, "operatingIncome": 152000000, "operatingIncomeRatio": 0.08021108179419525, "totalOtherIncomeExpensesNet": 152000000, "incomeBeforeTax": 152000000, "incomeBeforeTaxRatio": 0.08021108179419525, "incomeTaxExpense": 0.0, "netIncome": 124000000, "netIncomeRatio": 0.0654353562005277, "eps": 2.02, "epsdiluted": 2.01, "weightedAverageShsOut": 116000000, "weightedAverageShsOutDil": 117000000, "link": "https://www.sec.gov/Archives/edgar/data/75362/000110465903017249/0001104659-03-017249-index.htm", "finalLink": "https://www.sec.gov/Archives/edgar/data/75362/000110465903017249/a2108-1_ba.htm"}, {"date": "2003-03-31", "symbol": "PCAR", "fillingDate": "2003-05-12", "acceptedDate": "2003-05-12 11:28:21", "period": "Q1", "revenue": 1803000000, "costOfRevenue": 1577000000, "grossProfit": 226000000, "grossProfitRatio": 0.12534664448141986, "researchAndDevelopmentExpenses": 0.0, "generalAndAdministrativeExpenses": 88000000, "sellingAndMarketingExpenses": 0.0, "otherExpenses": 0.0, "operatingExpenses": 88000000, "costAndExpenses": 1665000000, "interestExpense": 0.0, "depreciationAndAmortization": 0.0, "ebitda": 134000000, "ebitdaratio": 0.07432057681641709, "operatingIncome": 134000000, "operatingIncomeRatio": 0.07432057681641709, "totalOtherIncomeExpensesNet": 134000000, "incomeBeforeTax": 134000000, "incomeBeforeTaxRatio": 0.07432057681641709, "incomeTaxExpense": 0.0, "netIncome": 110000000, "netIncomeRatio": 0.06100942872989462, "eps": 0.95, "epsdiluted": 0.95, "weightedAverageShsOut": 116000000, "weightedAverageShsOutDil": 116000000, "link": "https://www.sec.gov/Archives/edgar/data/75362/000110465903009030/0001104659-03-009030-index.htm", "finalLink": "https://www.sec.gov/Archives/edgar/data/75362/000110465903009030/j0457_10q.htm"}, {"date": "2002-12-31", "symbol": "PCAR", "fillingDate": "2003-03-10", "acceptedDate": "2003-03-10 15:36:47", "period": "FY", "revenue": 1809000000, "costOfRevenue": 1568000000, "grossProfit": 241000000, "grossProfitRatio": 0.1332227750138198, "researchAndDevelopmentExpenses": 0.0, "generalAndAdministrativeExpenses": 89000000, "sellingAndMarketingExpenses": 0.0, "otherExpenses": 10000000, "operatingExpenses": 89000000, "costAndExpenses": 1657000000, "interestExpense": -10000000, "depreciationAndAmortization": 0.0, "ebitda": 152000000, "ebitdaratio": 0.08402432283029299, "operatingIncome": 152000000, "operatingIncomeRatio": 0.08402432283029299, "totalOtherIncomeExpensesNet": 152000000, "incomeBeforeTax": 152000000, "incomeBeforeTaxRatio": 0.08402432283029299, "incomeTaxExpense": 0.0, "netIncome": 123000000, "netIncomeRatio": 0.06799336650082918, "eps": 3.22, "epsdiluted": 3.2, "weightedAverageShsOut": 115000000, "weightedAverageShsOutDil": 116000000, "link": "https://www.sec.gov/Archives/edgar/data/75362/000110465903003908/0001104659-03-003908-index.htm", "finalLink": "https://www.sec.gov/Archives/edgar/data/75362/000110465903003908/j8019_10k.htm"}, {"date": "2002-09-30", "symbol": "PCAR", "fillingDate": "2002-11-12", "acceptedDate": "2002-11-08 18:13:10", "period": "Q3", "revenue": 1886000000, "costOfRevenue": 1624000000, "grossProfit": 262000000, "grossProfitRatio": 0.13891834570519618, "researchAndDevelopmentExpenses": 0.0, "generalAndAdministrativeExpenses": 87000000, "sellingAndMarketingExpenses": 0.0, "otherExpenses": 0.0, "operatingExpenses": 87000000, "costAndExpenses": 1711000000, "interestExpense": 0.0, "depreciationAndAmortization": 0.0, "ebitda": 175000000, "ebitdaratio": 0.09278897136797455, "operatingIncome": 175000000, "operatingIncomeRatio": 0.09278897136797455, "totalOtherIncomeExpensesNet": 175000000, "incomeBeforeTax": 175000000, "incomeBeforeTaxRatio": 0.09278897136797455, "incomeTaxExpense": 0.0, "netIncome": 129000000, "netIncomeRatio": 0.06839872746553552, "eps": 2.16, "epsdiluted": 2.15, "weightedAverageShsOut": 115000000, "weightedAverageShsOutDil": 116000000, "link": "https://www.sec.gov/Archives/edgar/data/75362/000110465902005440/0001104659-02-005440-index.htm", "finalLink": "https://www.sec.gov/Archives/edgar/data/75362/000110465902005440/j5520_10q.htm"}, {"date": "2002-06-30", "symbol": "PCAR", "fillingDate": "2002-08-09", "acceptedDate": "2002-08-09 13:49:10", "period": "Q2", "revenue": 1695000000, "costOfRevenue": 1500000000, "grossProfit": 195000000, "grossProfitRatio": 0.11504424778761062, "researchAndDevelopmentExpenses": 0.0, "generalAndAdministrativeExpenses": 90000000, "sellingAndMarketingExpenses": 0.0, "otherExpenses": 0.0, "operatingExpenses": 90000000, "costAndExpenses": 1590000000, "interestExpense": 0.0, "depreciationAndAmortization": 0.0, "ebitda": 96000000, "ebitdaratio": 0.05663716814159292, "operatingIncome": 96000000, "operatingIncomeRatio": 0.05663716814159292, "totalOtherIncomeExpensesNet": 96000000, "incomeBeforeTax": 96000000, "incomeBeforeTaxRatio": 0.05663716814159292, "incomeTaxExpense": 0.0, "netIncome": 73000000, "netIncomeRatio": 0.043067846607669616, "eps": 1.05, "epsdiluted": 1.04, "weightedAverageShsOut": 115000000, "weightedAverageShsOutDil": 115000000, "link": "https://www.sec.gov/Archives/edgar/data/75362/000110465902003346/0001104659-02-003346-index.htm", "finalLink": "https://www.sec.gov/Archives/edgar/data/75362/000110465902003346/j4371_10q.htm"}, {"date": "2002-03-31", "symbol": "PCAR", "fillingDate": "2002-05-10", "acceptedDate": "2002-05-10 12:58:31", "period": "Q1", "revenue": 1396000000, "costOfRevenue": 1255000000, "grossProfit": 141000000, "grossProfitRatio": 0.1010028653295129, "researchAndDevelopmentExpenses": 0.0, "generalAndAdministrativeExpenses": 88000000, "sellingAndMarketingExpenses": 0.0, "otherExpenses": 0.0, "operatingExpenses": 88000000, "costAndExpenses": 1343000000, "interestExpense": 0.0, "depreciationAndAmortization": 0.0, "ebitda": 50000000, "ebitdaratio": 0.03581661891117478, "operatingIncome": 50000000, "operatingIncomeRatio": 0.03581661891117478, "totalOtherIncomeExpensesNet": 50000000, "incomeBeforeTax": 50000000, "incomeBeforeTaxRatio": 0.03581661891117478, "incomeTaxExpense": 0.0, "netIncome": 47000000, "netIncomeRatio": 0.0336676217765043, "eps": 0.61, "epsdiluted": 0.61, "weightedAverageShsOut": 76000000, "weightedAverageShsOutDil": 76000000, "link": "https://www.sec.gov/Archives/edgar/data/75362/000110465902001903/0001104659-02-001903-index.htm", "finalLink": "https://www.sec.gov/Archives/edgar/data/75362/000110465902001903/j3664_10q.htm"}, {"date": "2001-12-31", "symbol": "PCAR", "fillingDate": "2002-03-22", "acceptedDate": "2002-03-22 00:00:00", "period": "FY", "revenue": 5282000000, "costOfRevenue": 1274000000, "grossProfit": 4008000000, "grossProfitRatio": 0.7588034835289663, "researchAndDevelopmentExpenses": 0.0, "generalAndAdministrativeExpenses": 94000000, "sellingAndMarketingExpenses": 0.0, "otherExpenses": 0.0, "operatingExpenses": 94000000, "costAndExpenses": 1368000000, "interestExpense": 0.0, "depreciationAndAmortization": 179000000, "ebitda": 239000000, "ebitdaratio": 0.045248012116622494, "operatingIncome": 60000000, "operatingIncomeRatio": 0.011359333585762969, "totalOtherIncomeExpensesNet": 60000000, "incomeBeforeTax": 60000000, "incomeBeforeTaxRatio": 0.011359333585762969, "incomeTaxExpense": 0.0, "netIncome": 50000000, "netIncomeRatio": 0.00946611132146914, "eps": 2.27, "epsdiluted": 2.26, "weightedAverageShsOut": 76000000, "weightedAverageShsOutDil": 76000000, "link": "https://www.sec.gov/Archives/edgar/data/75362/000110465902000837/0001104659-02-000837-index.htm", "finalLink": "https://www.sec.gov/Archives/edgar/data/75362/000110465902000837/j3169_10k405.htm"}, {"date": "2001-09-30", "symbol": "PCAR", "fillingDate": "2001-11-09", "acceptedDate": "2001-11-09 00:00:00", "period": "Q3", "revenue": 112000000, "costOfRevenue": 1256000000, "grossProfit": -1144000000, "grossProfitRatio": -10.214285714285714, "researchAndDevelopmentExpenses": 0.0, "generalAndAdministrativeExpenses": 90000000, "sellingAndMarketingExpenses": 0.0, "otherExpenses": 0.0, "operatingExpenses": 90000000, "costAndExpenses": 1346000000, "interestExpense": 0.0, "depreciationAndAmortization": 0.0, "ebitda": 41000000, "ebitdaratio": 0.36607142857142855, "operatingIncome": 41000000, "operatingIncomeRatio": 0.36607142857142855, "totalOtherIncomeExpensesNet": 41000000, "incomeBeforeTax": 41000000, "incomeBeforeTaxRatio": 0.36607142857142855, "incomeTaxExpense": 0.0, "netIncome": 40000000, "netIncomeRatio": 0.35714285714285715, "eps": 1.61, "epsdiluted": 1.6, "weightedAverageShsOut": 76000000, "weightedAverageShsOutDil": 76000000, "link": "https://www.sec.gov/Archives/edgar/data/75362/000110465901502633/0001104659-01-502633-index.htm", "finalLink": "https://www.sec.gov/Archives/edgar/data/75362/000110465901502633/j2339_10q.htm"}, {"date": "2001-06-30", "symbol": "PCAR", "fillingDate": "2001-08-10", "acceptedDate": "2001-08-10 00:00:00", "period": "Q2", "revenue": 116000000, "costOfRevenue": 1275000000, "grossProfit": -1159000000, "grossProfitRatio": -9.991379310344827, "researchAndDevelopmentExpenses": 0.0, "generalAndAdministrativeExpenses": 92000000, "sellingAndMarketingExpenses": 0.0, "otherExpenses": 0.0, "operatingExpenses": 92000000, "costAndExpenses": 1367000000, "interestExpense": 0.0, "depreciationAndAmortization": 0.0, "ebitda": 40000000, "ebitdaratio": 0.3448275862068966, "operatingIncome": 40000000, "operatingIncomeRatio": 0.3448275862068966, "totalOtherIncomeExpensesNet": 40000000, "incomeBeforeTax": 40000000, "incomeBeforeTaxRatio": 0.3448275862068966, "incomeTaxExpense": 0.0, "netIncome": 39000000, "netIncomeRatio": 0.33620689655172414, "eps": 1.1, "epsdiluted": 1.09, "weightedAverageShsOut": 76000000, "weightedAverageShsOutDil": 76000000, "link": "https://www.sec.gov/Archives/edgar/data/75362/000110465901501346/0001104659-01-501346-index.htm", "finalLink": "https://www.sec.gov/Archives/edgar/data/75362/000110465901501346/j1276_10q.htm"}, {"date": "2001-03-31", "symbol": "PCAR", "fillingDate": "2001-05-11", "acceptedDate": "2001-05-11 00:00:00", "period": "Q1", "revenue": 120000000, "costOfRevenue": 1267000000, "grossProfit": -1147000000, "grossProfitRatio": -9.558333333333334, "researchAndDevelopmentExpenses": 0.0, "generalAndAdministrativeExpenses": 99000000, "sellingAndMarketingExpenses": 0.0, "otherExpenses": 0.0, "operatingExpenses": 99000000, "costAndExpenses": 1366000000, "interestExpense": 0.0, "depreciationAndAmortization": 0.0, "ebitda": 44000000, "ebitdaratio": 0.36666666666666664, "operatingIncome": 44000000, "operatingIncomeRatio": 0.36666666666666664, "totalOtherIncomeExpensesNet": 44000000, "incomeBeforeTax": 44000000, "incomeBeforeTaxRatio": 0.36666666666666664, "incomeTaxExpense": 0.0, "netIncome": 44000000, "netIncomeRatio": 0.36666666666666664, "eps": 0.3, "epsdiluted": 0.3, "weightedAverageShsOut": 76.0, "weightedAverageShsOutDil": 76.0, "link": "https://www.sec.gov/Archives/edgar/data/75362/000110465901500506/0001104659-01-500506-index.htm", "finalLink": "https://www.sec.gov/Archives/edgar/data/75362/000110465901500506/j0512_10q.htm"}, {"date": "2000-12-31", "symbol": "PCAR", "fillingDate": "2001-03-21", "acceptedDate": "2001-03-21 00:00:00", "period": "FY", "revenue": 354000000, "costOfRevenue": 5035000000, "grossProfit": -4681000000, "grossProfitRatio": -13.22316384180791, "researchAndDevelopmentExpenses": 0.0, "generalAndAdministrativeExpenses": 303000000, "sellingAndMarketingExpenses": 0.0, "otherExpenses": 0.0, "operatingExpenses": 303000000, "costAndExpenses": 5338000000, "interestExpense": 0.0, "depreciationAndAmortization": 60000000, "ebitda": 521000000, "ebitdaratio": 1.4717514124293785, "operatingIncome": 461000000, "operatingIncomeRatio": 1.3022598870056497, "totalOtherIncomeExpensesNet": 553000000, "incomeBeforeTax": 461000000, "incomeBeforeTaxRatio": 1.3022598870056497, "incomeTaxExpense": 0.0, "netIncome": 348000000, "netIncomeRatio": 0.9830508474576272, "eps": 5.76, "epsdiluted": 5.73, "weightedAverageShsOut": 76000000, "weightedAverageShsOutDil": 76000000, "link": "https://www.sec.gov/Archives/edgar/data/75362/000091205701504547/0000912057-01-504547-index.htm", "finalLink": "https://www.sec.gov/Archives/edgar/data/75362/000091205701504547/a2040860z10-k405.htm"}]