[{"date": "2019-12-31", "symbol": "EXC", "fillingDate": "2020-02-11", "acceptedDate": "2020-02-11 16:02:37", "period": "FY", "revenue": 8342000000, "costOfRevenue": 3766000000, "grossProfit": 4576000000, "grossProfitRatio": 0.5485495085111484, "researchAndDevelopmentExpenses": 0.0, "generalAndAdministrativeExpenses": 0.0, "sellingAndMarketingExpenses": 0.0, "otherExpenses": 7393000000, "operatingExpenses": 7393000000, "costAndExpenses": 11159000000, "interestExpense": 389000000, "depreciationAndAmortization": -265000000, "ebitda": 697000000, "ebitdaratio": 0.08355310477103813, "operatingIncome": 962000000, "operatingIncomeRatio": 0.11532006713018461, "totalOtherIncomeExpensesNet": 416000000, "incomeBeforeTax": 957000000, "incomeBeforeTaxRatio": 0.11472069048189883, "incomeTaxExpense": 0.0, "netIncome": 808000000, "netIncomeRatio": 0.0968592663629825, "eps": 0.973, "epsdiluted": 0.973, "weightedAverageShsOut": 3112024000, "weightedAverageShsOutDil": 3112024000, "link": "https://www.sec.gov/Archives/edgar/data/1109357/000110935720000053/0001109357-20-000053-index.htm", "finalLink": "https://www.sec.gov/Archives/edgar/data/1109357/000110935720000053/exc-20191231x10k.htm"}, {"date": "2019-09-30", "symbol": "EXC", "fillingDate": "2019-10-31", "acceptedDate": "2019-10-31 12:34:24", "period": "Q3", "revenue": 16619000000, "costOfRevenue": 3953000000, "grossProfit": 12666000000, "grossProfitRatio": 0.7621397195980504, "researchAndDevelopmentExpenses": 0.0, "generalAndAdministrativeExpenses": 0.0, "sellingAndMarketingExpenses": 0.0, "otherExpenses": 7561000000, "operatingExpenses": 7561000000, "costAndExpenses": 14441000000, "interestExpense": 805000000, "depreciationAndAmortization": 2933000000, "ebitda": 5127000000, "ebitdaratio": 0.308502316626, "operatingIncome": 2194000000, "operatingIncomeRatio": 0.132017570251, "totalOtherIncomeExpensesNet": 453000000, "incomeBeforeTax": 1746000000, "incomeBeforeTaxRatio": 0.105060472953, "incomeTaxExpense": 316000000, "netIncome": 365000000, "netIncomeRatio": 0.021962813647, "eps": 1.3, "epsdiluted": 1.29, "weightedAverageShsOut": 972000000, "weightedAverageShsOutDil": 973000000, "link": "https://www.sec.gov/Archives/edgar/data/1109357/000110935719000112/0001109357-19-000112-index.htm", "finalLink": "https://www.sec.gov/Archives/edgar/data/1109357/000110935719000112/exc-20190930x10q.htm"}, {"date": "2019-06-30", "symbol": "EXC", "fillingDate": "2019-08-01", "acceptedDate": "2019-08-01 13:36:56", "period": "Q2", "revenue": 7689000000, "costOfRevenue": 3225000000, "grossProfit": 4464000000, "grossProfitRatio": 0.5805696449473273, "researchAndDevelopmentExpenses": 0.0, "generalAndAdministrativeExpenses": 0.0, "sellingAndMarketingExpenses": 0.0, "otherExpenses": 6880000000, "operatingExpenses": 6880000000, "costAndExpenses": 10105000000, "interestExpense": 403000000, "depreciationAndAmortization": 257000000, "ebitda": 1099000000, "ebitdaratio": 0.14293146052802705, "operatingIncome": 842000000, "operatingIncomeRatio": 0.10950708804786058, "totalOtherIncomeExpensesNet": 418000000, "incomeBeforeTax": 644000000, "incomeBeforeTaxRatio": 0.0837560150864872, "incomeTaxExpense": 0.0, "netIncome": 494000000, "netIncomeRatio": 0.06424762647938613, "eps": 0.972, "epsdiluted": 0.972, "weightedAverageShsOut": 1502057000, "weightedAverageShsOutDil": 1502057000, "link": "https://www.sec.gov/Archives/edgar/data/1109357/000162828019009752/0001628280-19-009752-index.htm", "finalLink": "https://www.sec.gov/Archives/edgar/data/1109357/000162828019009752/exc-20190630x10q.htm"}, {"date": "2019-03-31", "symbol": "EXC", "fillingDate": "2019-05-02", "acceptedDate": "2019-05-02 16:29:24", "period": "Q1", "revenue": 9477000000, "costOfRevenue": 4553000000, "grossProfit": 4924000000, "grossProfitRatio": 0.51957370475889, "researchAndDevelopmentExpenses": 0.0, "generalAndAdministrativeExpenses": 0.0, "sellingAndMarketingExpenses": 0.0, "otherExpenses": 325000000, "operatingExpenses": 325000000, "costAndExpenses": 8262000000, "interestExpense": 397000000, "depreciationAndAmortization": 1460000000, "ebitda": 2678000000, "ebitdaratio": 0.282578875171, "operatingIncome": 1218000000, "operatingIncomeRatio": 0.128521684077, "totalOtherIncomeExpensesNet": 64000000, "incomeBeforeTax": 1282000000, "incomeBeforeTaxRatio": 0.135274876016, "incomeTaxExpense": 310000000, "netIncome": 363000000, "netIncomeRatio": 0.0383032605255, "eps": 0.93, "epsdiluted": 0.93, "weightedAverageShsOut": 971000000, "weightedAverageShsOutDil": 972000000, "link": "https://www.sec.gov/Archives/edgar/data/1109357/000162828019005692/0001628280-19-005692-index.htm", "finalLink": "https://www.sec.gov/Archives/edgar/data/1109357/000162828019005692/exc-20190331x10q.htm"}, {"date": "2018-12-31", "symbol": "EXC", "fillingDate": "2019-02-08", "acceptedDate": "2019-02-08 15:11:50", "period": "FY", "revenue": 8815000000, "costOfRevenue": 4296000000, "grossProfit": 4519000000, "grossProfitRatio": 0.5126488939307998, "researchAndDevelopmentExpenses": 0.0, "generalAndAdministrativeExpenses": 0.0, "sellingAndMarketingExpenses": 0.0, "otherExpenses": 282000000, "operatingExpenses": 282000000, "costAndExpenses": 8107000000, "interestExpense": 410000000, "depreciationAndAmortization": 1460000000, "ebitda": 2169000000, "ebitdaratio": 0.246057855927, "operatingIncome": 709000000, "operatingIncomeRatio": 0.0804310833806, "totalOtherIncomeExpensesNet": 441000000, "incomeBeforeTax": -31000000, "incomeBeforeTaxRatio": -0.003516732841747022, "incomeTaxExpense": -142000000, "netIncome": 105000000, "netIncomeRatio": 0.01191151446398185, "eps": 0.16, "epsdiluted": 0.15, "weightedAverageShsOut": 967000000, "weightedAverageShsOutDil": 969000000, "link": "https://www.sec.gov/Archives/edgar/data/1109357/000162828019001107/0001628280-19-001107-index.htm", "finalLink": "https://www.sec.gov/Archives/edgar/data/1109357/000162828019001107/exc-20181231x10k.htm"}, {"date": "2018-09-30", "symbol": "EXC", "fillingDate": "2018-11-01", "acceptedDate": "2018-11-01 12:14:53", "period": "Q3", "revenue": 9401000000, "costOfRevenue": 4332000000, "grossProfit": 5069000000, "grossProfitRatio": 0.5391979576640783, "researchAndDevelopmentExpenses": 0.0, "generalAndAdministrativeExpenses": 0.0, "sellingAndMarketingExpenses": 0.0, "otherExpenses": 264000000, "operatingExpenses": 264000000, "costAndExpenses": 8250000000, "interestExpense": 387000000, "depreciationAndAmortization": 1511000000, "ebitda": 2657000000, "ebitdaratio": 0.282629507499, "operatingIncome": 1146000000, "operatingIncomeRatio": 0.121901925327, "totalOtherIncomeExpensesNet": 468000000, "incomeBeforeTax": 948000000, "incomeBeforeTaxRatio": 0.100840336134, "incomeTaxExpense": 137000000, "netIncome": 233000000, "netIncomeRatio": 0.0247845973833, "eps": 0.76, "epsdiluted": 0.76, "weightedAverageShsOut": 967000000, "weightedAverageShsOutDil": 969000000, "link": "https://www.sec.gov/Archives/edgar/data/1109357/000162828018013257/0001628280-18-013257-index.htm", "finalLink": "https://www.sec.gov/Archives/edgar/data/1109357/000162828018013257/exc-20180930x10q.htm"}, {"date": "2018-06-30", "symbol": "EXC", "fillingDate": "2018-08-02", "acceptedDate": "2018-08-02 12:20:06", "period": "Q2", "revenue": 8076000000, "costOfRevenue": 3315000000, "grossProfit": 4761000000, "grossProfitRatio": 0.5895245170876672, "researchAndDevelopmentExpenses": 0.0, "generalAndAdministrativeExpenses": 0.0, "sellingAndMarketingExpenses": 0.0, "otherExpenses": 235000000, "operatingExpenses": 235000000, "costAndExpenses": 7138000000, "interestExpense": 367000000, "depreciationAndAmortization": 1499000000, "ebitda": 2441000000, "ebitdaratio": 0.302253590887, "operatingIncome": 942000000, "operatingIncomeRatio": 0.116641901932, "totalOtherIncomeExpensesNet": 428000000, "incomeBeforeTax": 613000000, "incomeBeforeTaxRatio": 0.0759039128281, "incomeTaxExpense": 66000000, "netIncome": 178000000, "netIncomeRatio": 0.0220406141654, "eps": 0.55, "epsdiluted": 0.56, "weightedAverageShsOut": 967000000, "weightedAverageShsOutDil": 968000000, "link": "https://www.sec.gov/Archives/edgar/data/1109357/000162828018010287/0001628280-18-010287-index.htm", "finalLink": "https://www.sec.gov/Archives/edgar/data/1109357/000162828018010287/exc-20180630x10q.htm"}, {"date": "2018-03-31", "symbol": "EXC", "fillingDate": "2018-05-02", "acceptedDate": "2018-05-02 13:21:52", "period": "Q1", "revenue": 9693000000, "costOfRevenue": 4727000000, "grossProfit": 4966000000, "grossProfitRatio": 0.5123284844733312, "researchAndDevelopmentExpenses": 0.0, "generalAndAdministrativeExpenses": 0.0, "sellingAndMarketingExpenses": 0.0, "otherExpenses": 339000000, "operatingExpenses": 339000000, "costAndExpenses": 8648000000, "interestExpense": 365000000, "depreciationAndAmortization": 1501000000, "ebitda": 2602000000, "ebitdaratio": 0.268441143093, "operatingIncome": 1101000000, "operatingIncomeRatio": 0.113587124729, "totalOtherIncomeExpensesNet": 446000000, "incomeBeforeTax": 702000000, "incomeBeforeTaxRatio": 0.0724233983287, "incomeTaxExpense": 59000000, "netIncome": 136000000, "netIncomeRatio": 0.0140307438358, "eps": 0.61, "epsdiluted": 0.6, "weightedAverageShsOut": 966000000, "weightedAverageShsOutDil": 968000000, "link": "https://www.sec.gov/Archives/edgar/data/1109357/000162828018005662/0001628280-18-005662-index.htm", "finalLink": "https://www.sec.gov/Archives/edgar/data/1109357/000162828018005662/exc-2018331x10q.htm"}, {"date": "2017-12-31", "symbol": "EXC", "fillingDate": "2018-02-09", "acceptedDate": "2018-02-09 08:40:06", "period": "FY", "revenue": 8382000000, "costOfRevenue": 3508000000, "grossProfit": 4874000000, "grossProfitRatio": 0.581484132665235, "researchAndDevelopmentExpenses": 0.0, "generalAndAdministrativeExpenses": 0.0, "sellingAndMarketingExpenses": 0.0, "otherExpenses": 267000000, "operatingExpenses": 267000000, "costAndExpenses": 7334000000, "interestExpense": 359000000, "depreciationAndAmortization": 1428000000, "ebitda": 2688000000, "ebitdaratio": 0.320687186829, "operatingIncome": 1260000000, "operatingIncomeRatio": 0.150322118826, "totalOtherIncomeExpensesNet": 418000000, "incomeBeforeTax": 1225000000, "incomeBeforeTaxRatio": 0.146146504414, "incomeTaxExpense": -720000000, "netIncome": 2215000000, "netIncomeRatio": 0.264256740635, "eps": 1.96, "epsdiluted": 1.96, "weightedAverageShsOut": 947000000, "weightedAverageShsOutDil": 949000000, "link": "https://www.sec.gov/Archives/edgar/data/1109357/000162828018001324/0001628280-18-001324-index.htm", "finalLink": "https://www.sec.gov/Archives/edgar/data/1109357/000162828018001324/exc-20171231x10k.htm"}, {"date": "2017-09-30", "symbol": "EXC", "fillingDate": "2017-11-02", "acceptedDate": "2017-11-02 11:12:41", "period": "Q3", "revenue": 8768000000, "costOfRevenue": 3542000000, "grossProfit": 5226000000, "grossProfitRatio": 0.5960310218978102, "researchAndDevelopmentExpenses": 0.0, "generalAndAdministrativeExpenses": 0.0, "sellingAndMarketingExpenses": 0.0, "otherExpenses": 7302000000, "operatingExpenses": 7302000000, "costAndExpenses": 7302000000, "interestExpense": 376000000, "depreciationAndAmortization": 1408000000, "ebitda": 2880000000, "ebitdaratio": 0.328467153285, "operatingIncome": 1472000000, "operatingIncomeRatio": 0.167883211679, "totalOtherIncomeExpensesNet": 456000000, "incomeBeforeTax": 1324000000, "incomeBeforeTaxRatio": 0.151003649635, "incomeTaxExpense": 452000000, "netIncome": 305000000, "netIncomeRatio": 0.0347855839416, "eps": 0.86, "epsdiluted": 0.86, "weightedAverageShsOut": 941000000, "weightedAverageShsOutDil": 943000000, "link": "https://www.sec.gov/Archives/edgar/data/1109357/000162828017010625/0001628280-17-010625-index.htm", "finalLink": "https://www.sec.gov/Archives/edgar/data/1109357/000162828017010625/exc-2017930x10q.htm"}, {"date": "2017-06-30", "symbol": "EXC", "fillingDate": "2017-08-02", "acceptedDate": "2017-08-02 14:49:37", "period": "Q2", "revenue": 7624000000, "costOfRevenue": 3086000000, "grossProfit": 4538000000, "grossProfitRatio": 0.5952256033578174, "researchAndDevelopmentExpenses": 0.0, "generalAndAdministrativeExpenses": 0.0, "sellingAndMarketingExpenses": 0.0, "otherExpenses": 3172000000, "operatingExpenses": 3172000000, "costAndExpenses": 7393000000, "interestExpense": 426000000, "depreciationAndAmortization": 1317000000, "ebitda": 1549000000, "ebitdaratio": 0.203174186779, "operatingIncome": 232000000, "operatingIncomeRatio": 0.0304302203568, "totalOtherIncomeExpensesNet": 421000000, "incomeBeforeTax": 1000000.0, "incomeBeforeTaxRatio": 0.000131164742917, "incomeTaxExpense": -72000000, "netIncome": 65000000, "netIncomeRatio": 0.008525708289611753, "eps": 0.09, "epsdiluted": 0.08, "weightedAverageShsOut": 931000000, "weightedAverageShsOutDil": 932000000, "link": "https://www.sec.gov/Archives/edgar/data/1109357/000119312517245630/0001193125-17-245630-index.htm", "finalLink": "https://www.sec.gov/Archives/edgar/data/1109357/000119312517245630/d426698d10q.htm"}, {"date": "2017-03-31", "symbol": "EXC", "fillingDate": "2017-05-03", "acceptedDate": "2017-05-03 13:51:53", "period": "Q1", "revenue": 8757000000, "costOfRevenue": 3899000000, "grossProfit": 4858000000, "grossProfitRatio": 0.5547561950439648, "researchAndDevelopmentExpenses": 0.0, "generalAndAdministrativeExpenses": 0.0, "sellingAndMarketingExpenses": 0.0, "otherExpenses": 2736000000, "operatingExpenses": 2736000000, "costAndExpenses": 7691000000, "interestExpense": 363000000, "depreciationAndAmortization": 1274000000, "ebitda": 2570000000, "ebitdaratio": 0.293479502113, "operatingIncome": 1296000000, "operatingIncomeRatio": 0.147995889003, "totalOtherIncomeExpensesNet": 436000000, "incomeBeforeTax": 1206000000, "incomeBeforeTaxRatio": 0.137718396711, "incomeTaxExpense": 215000000, "netIncome": 423000000, "netIncomeRatio": 0.0483042137718, "eps": 1.07, "epsdiluted": 1.07, "weightedAverageShsOut": 928000000, "weightedAverageShsOutDil": 930000000, "link": "https://www.sec.gov/Archives/edgar/data/1109357/000119312517155836/0001193125-17-155836-index.htm", "finalLink": "https://www.sec.gov/Archives/edgar/data/1109357/000119312517155836/d376014d10q.htm"}, {"date": "2016-12-31", "symbol": "EXC", "fillingDate": "2017-02-13", "acceptedDate": "2017-02-13 10:58:30", "period": "FY", "revenue": 7874000000, "costOfRevenue": 3178000000, "grossProfit": 4696000000, "grossProfitRatio": 0.5963931927863856, "researchAndDevelopmentExpenses": 0.0, "generalAndAdministrativeExpenses": 0.0, "sellingAndMarketingExpenses": 0.0, "otherExpenses": 2000000000, "operatingExpenses": 2000000000, "costAndExpenses": 7072000000, "interestExpense": 347000000, "depreciationAndAmortization": 1567000000, "ebitda": 2280000000, "ebitdaratio": 0.289560579121, "operatingIncome": 713000000, "operatingIncomeRatio": 0.0905511811024, "totalOtherIncomeExpensesNet": 408000000, "incomeBeforeTax": 392000000, "incomeBeforeTaxRatio": 0.0497840995682, "incomeTaxExpense": 136000000, "netIncome": 204000000, "netIncomeRatio": 0.0259080518161, "eps": 0.21, "epsdiluted": 0.22, "weightedAverageShsOut": 924000000, "weightedAverageShsOutDil": 927000000, "link": "https://www.sec.gov/Archives/edgar/data/1109357/000119312517039639/0001193125-17-039639-index.htm", "finalLink": "https://www.sec.gov/Archives/edgar/data/1109357/000119312517039639/d339405d10k.htm"}, {"date": "2016-09-30", "symbol": "EXC", "fillingDate": "2016-10-26", "acceptedDate": "2016-10-26 15:53:32", "period": "Q3", "revenue": 9001000000, "costOfRevenue": 3754000000, "grossProfit": 5247000000, "grossProfitRatio": 0.5829352294189535, "researchAndDevelopmentExpenses": 0.0, "generalAndAdministrativeExpenses": 0.0, "sellingAndMarketingExpenses": 0.0, "otherExpenses": 2548000000, "operatingExpenses": 2548000000, "costAndExpenses": 7733000000, "interestExpense": 505000000, "depreciationAndAmortization": 1613000000, "ebitda": 2882000000, "ebitdaratio": 0.320186645928, "operatingIncome": 1269000000, "operatingIncomeRatio": 0.140984335074, "totalOtherIncomeExpensesNet": 448000000, "incomeBeforeTax": 872000000, "incomeBeforeTaxRatio": 0.0968781246528, "incomeTaxExpense": 340000000, "netIncome": 490000000, "netIncomeRatio": 0.0544383957338, "eps": 0.53, "epsdiluted": 0.52, "weightedAverageShsOut": 924000000, "weightedAverageShsOutDil": 926000000, "link": "https://www.sec.gov/Archives/edgar/data/1109357/000119312516747892/0001193125-16-747892-index.htm", "finalLink": "https://www.sec.gov/Archives/edgar/data/1109357/000119312516747892/d275444d10q.htm"}, {"date": "2016-06-30", "symbol": "EXC", "fillingDate": "2016-08-09", "acceptedDate": "2016-08-09 12:46:17", "period": "Q2", "revenue": 6912000000, "costOfRevenue": 2454000000, "grossProfit": 4458000000, "grossProfitRatio": 0.6449652777777778, "researchAndDevelopmentExpenses": 0.0, "generalAndAdministrativeExpenses": 0.0, "sellingAndMarketingExpenses": 0.0, "otherExpenses": 2692000000, "operatingExpenses": 2692000000, "costAndExpenses": 6296000000, "interestExpense": 366000000, "depreciationAndAmortization": 1333000000, "ebitda": 1980000000, "ebitdaratio": 0.286458333333, "operatingIncome": 647000000, "operatingIncomeRatio": 0.0936053240741, "totalOtherIncomeExpensesNet": 395000000, "incomeBeforeTax": 415000000, "incomeBeforeTaxRatio": 0.0600405092593, "incomeTaxExpense": 101000000, "netIncome": 267000000, "netIncomeRatio": 0.0386284722222, "eps": 0.29, "epsdiluted": 0.29, "weightedAverageShsOut": 923000000, "weightedAverageShsOutDil": 926000000, "link": "https://www.sec.gov/Archives/edgar/data/1109357/000119312516676366/0001193125-16-676366-index.htm", "finalLink": "https://www.sec.gov/Archives/edgar/data/1109357/000119312516676366/d124776d10q.htm"}, {"date": "2016-03-31", "symbol": "EXC", "fillingDate": "2016-05-10", "acceptedDate": "2016-05-10 16:52:51", "period": "Q1", "revenue": 7573000000, "costOfRevenue": 3254000000, "grossProfit": 4319000000, "grossProfitRatio": 0.570315594876535, "researchAndDevelopmentExpenses": 0.0, "generalAndAdministrativeExpenses": 0.0, "sellingAndMarketingExpenses": 0.0, "otherExpenses": 3116000000, "operatingExpenses": 3116000000, "costAndExpenses": 7099000000, "interestExpense": 277000000, "depreciationAndAmortization": 1063000000, "ebitda": 1546000000, "ebitdaratio": 0.204146309257, "operatingIncome": 483000000, "operatingIncomeRatio": 0.0637792156345, "totalOtherIncomeExpensesNet": 325000000, "incomeBeforeTax": 310000000, "incomeBeforeTaxRatio": 0.0409349003037, "incomeTaxExpense": 184000000, "netIncome": 173000000, "netIncomeRatio": 0.0228443153308, "eps": 0.19, "epsdiluted": 0.19, "weightedAverageShsOut": 923000000, "weightedAverageShsOutDil": 925000000, "link": "https://www.sec.gov/Archives/edgar/data/1109357/000119312516585702/0001193125-16-585702-index.htm", "finalLink": "https://www.sec.gov/Archives/edgar/data/1109357/000119312516585702/d193978d10q.htm"}, {"date": "2015-12-31", "symbol": "EXC", "fillingDate": "2016-02-10", "acceptedDate": "2016-02-10 16:36:37", "period": "FY", "revenue": 6701000000, "costOfRevenue": 2874000000, "grossProfit": 3827000000, "grossProfitRatio": 0.5711087897328757, "researchAndDevelopmentExpenses": 0.0, "generalAndAdministrativeExpenses": 0.0, "sellingAndMarketingExpenses": 0.0, "otherExpenses": 3040000000, "operatingExpenses": 3040000000, "costAndExpenses": 6001000000, "interestExpense": 268000000, "depreciationAndAmortization": 1057000000, "ebitda": 1765000000, "ebitdaratio": 0.263393523355, "operatingIncome": 708000000, "operatingIncomeRatio": 0.105655872258, "totalOtherIncomeExpensesNet": 292000000, "incomeBeforeTax": 563000000, "incomeBeforeTaxRatio": 0.0840173108491, "incomeTaxExpense": 268000000, "netIncome": 310000000, "netIncomeRatio": 0.0462617519773, "eps": 0.31, "epsdiluted": 0.32, "weightedAverageShsOut": 890000000, "weightedAverageShsOutDil": 893000000, "link": "https://www.sec.gov/Archives/edgar/data/1109357/000119312516457652/0001193125-16-457652-index.htm", "finalLink": "https://www.sec.gov/Archives/edgar/data/1109357/000119312516457652/d129102d10k.htm"}, {"date": "2015-09-30", "symbol": "EXC", "fillingDate": "2015-10-30", "acceptedDate": "2015-10-30 15:32:21", "period": "Q3", "revenue": 7401000000, "costOfRevenue": 3291000000, "grossProfit": 4110000000, "grossProfitRatio": 0.5553303607620592, "researchAndDevelopmentExpenses": 0.0, "generalAndAdministrativeExpenses": 0.0, "sellingAndMarketingExpenses": 0.0, "otherExpenses": 2025000000, "operatingExpenses": 2025000000, "costAndExpenses": 6203000000, "interestExpense": 244000000, "depreciationAndAmortization": 973000000, "ebitda": 2173000000, "ebitdaratio": 0.293608971761, "operatingIncome": 1200000000, "operatingIncomeRatio": 0.162140251317, "totalOtherIncomeExpensesNet": 310000000, "incomeBeforeTax": 703000000, "incomeBeforeTaxRatio": 0.0949871638968, "incomeTaxExpense": 115000000, "netIncome": 628000000, "netIncomeRatio": 0.0848533981894, "eps": 0.69, "epsdiluted": 0.68, "weightedAverageShsOut": 879000000, "weightedAverageShsOutDil": 883000000, "link": "https://www.sec.gov/Archives/edgar/data/1109357/000119312515360115/0001193125-15-360115-index.htm", "finalLink": "https://www.sec.gov/Archives/edgar/data/1109357/000119312515360115/d59376d10q.htm"}, {"date": "2015-06-30", "symbol": "EXC", "fillingDate": "2015-07-29", "acceptedDate": "2015-07-29 14:29:26", "period": "Q2", "revenue": 6515000000, "costOfRevenue": 2449000000, "grossProfit": 4066000000, "grossProfitRatio": 0.6240982348426708, "researchAndDevelopmentExpenses": 0.0, "generalAndAdministrativeExpenses": 0.0, "sellingAndMarketingExpenses": 0.0, "otherExpenses": 2068000000, "operatingExpenses": 2068000000, "costAndExpenses": 5387000000, "interestExpense": 145000000, "depreciationAndAmortization": 1009000000, "ebitda": 2144000000, "ebitdaratio": 0.329086722947, "operatingIncome": 1135000000, "operatingIncomeRatio": 0.174213353799, "totalOtherIncomeExpensesNet": 294000000, "incomeBeforeTax": 963000000, "incomeBeforeTaxRatio": 0.147812739831, "incomeTaxExpense": 327000000, "netIncome": 638000000, "netIncomeRatio": 0.0979278587874, "eps": 0.74, "epsdiluted": 0.74, "weightedAverageShsOut": 862000000, "weightedAverageShsOutDil": 866000000, "link": "https://www.sec.gov/Archives/edgar/data/1109357/000119312515267928/0001193125-15-267928-index.htm", "finalLink": "https://www.sec.gov/Archives/edgar/data/1109357/000119312515267928/d28225d10q.htm"}, {"date": "2015-03-31", "symbol": "EXC", "fillingDate": "2015-04-29", "acceptedDate": "2015-04-29 15:03:10", "period": "Q1", "revenue": 8830000000, "costOfRevenue": 4470000000, "grossProfit": 4360000000, "grossProfitRatio": 0.49377123442808607, "researchAndDevelopmentExpenses": 0.0, "generalAndAdministrativeExpenses": 0.0, "sellingAndMarketingExpenses": 0.0, "otherExpenses": 2106000000, "operatingExpenses": 2106000000, "costAndExpenses": 7465000000, "interestExpense": 335000000, "depreciationAndAmortization": 948000000, "ebitda": 2314000000, "ebitdaratio": 0.262061155153, "operatingIncome": 1366000000, "operatingIncomeRatio": 0.15469988675, "totalOtherIncomeExpensesNet": 304000000, "incomeBeforeTax": 1101000000, "incomeBeforeTaxRatio": 0.124688561721, "incomeTaxExpense": 363000000, "netIncome": 693000000, "netIncomeRatio": 0.0784824462061, "eps": 0.8, "epsdiluted": 0.8, "weightedAverageShsOut": 862000000, "weightedAverageShsOutDil": 867000000, "link": "https://www.sec.gov/Archives/edgar/data/1109357/000119312515156143/0001193125-15-156143-index.htm", "finalLink": "https://www.sec.gov/Archives/edgar/data/1109357/000119312515156143/d913988d10q.htm"}, {"date": "2014-12-31", "symbol": "EXC", "fillingDate": "2015-02-13", "acceptedDate": "2015-02-13 16:15:37", "period": "FY", "revenue": 7256000000, "costOfRevenue": 3604000000, "grossProfit": 3652000000, "grossProfitRatio": 0.5033076074972437, "researchAndDevelopmentExpenses": 0.0, "generalAndAdministrativeExpenses": 0.0, "sellingAndMarketingExpenses": 0.0, "otherExpenses": 2591000000, "operatingExpenses": 2591000000, "costAndExpenses": 7016000000, "interestExpense": 333000000, "depreciationAndAmortization": 1012000000, "ebitda": 1717000000, "ebitdaratio": 0.236631753032, "operatingIncome": 705000000, "operatingIncomeRatio": 0.0971609702315, "totalOtherIncomeExpensesNet": 267000000, "incomeBeforeTax": 115000000, "incomeBeforeTaxRatio": 0.015848952591, "incomeTaxExpense": 20000000, "netIncome": 19000000, "netIncomeRatio": 0.00261852260198, "eps": 0.01, "epsdiluted": 0.02, "weightedAverageShsOut": 860000000, "weightedAverageShsOutDil": 864000000, "link": "https://www.sec.gov/Archives/edgar/data/1109357/000119312515049964/0001193125-15-049964-index.htm", "finalLink": "https://www.sec.gov/Archives/edgar/data/1109357/000119312515049964/d858551d10k.htm"}, {"date": "2014-09-30", "symbol": "EXC", "fillingDate": "2014-10-29", "acceptedDate": "2014-10-29 15:39:25", "period": "Q3", "revenue": 6912000000, "costOfRevenue": 9399000000, "grossProfit": -2487000000, "grossProfitRatio": -0.3598090277777778, "researchAndDevelopmentExpenses": 0.0, "generalAndAdministrativeExpenses": 0.0, "sellingAndMarketingExpenses": 0.0, "otherExpenses": 2004000000, "operatingExpenses": 2004000000, "costAndExpenses": 5513000000, "interestExpense": 246000000, "depreciationAndAmortization": 931000000, "ebitda": 2330000000, "ebitdaratio": 0.337094907407, "operatingIncome": 1399000000, "operatingIncomeRatio": 0.20240162037, "totalOtherIncomeExpensesNet": 97000000, "incomeBeforeTax": 1496000000, "incomeBeforeTaxRatio": 0.216435185185, "incomeTaxExpense": 422000000, "netIncome": 992000000, "netIncomeRatio": 0.143518518519, "eps": 1.16, "epsdiluted": 1.15, "weightedAverageShsOut": 860000000, "weightedAverageShsOutDil": 863000000, "link": "https://www.sec.gov/Archives/edgar/data/1109357/000119312514387050/0001193125-14-387050-index.htm", "finalLink": "https://www.sec.gov/Archives/edgar/data/1109357/000119312514387050/d809507d10q.htm"}, {"date": "2014-06-30", "symbol": "EXC", "fillingDate": "2014-07-31", "acceptedDate": "2014-07-31 15:45:52", "period": "Q2", "revenue": 6024000000, "costOfRevenue": 2412000000, "grossProfit": 3612000000, "grossProfitRatio": 0.599601593625498, "researchAndDevelopmentExpenses": 0.0, "generalAndAdministrativeExpenses": 0.0, "sellingAndMarketingExpenses": 0.0, "otherExpenses": 2190000000, "operatingExpenses": 2190000000, "costAndExpenses": 5455000000, "interestExpense": 228000000, "depreciationAndAmortization": 1017000000, "ebitda": 1846000000, "ebitdaratio": 0.306440903054, "operatingIncome": 829000000, "operatingIncomeRatio": 0.137616201859, "totalOtherIncomeExpensesNet": 7000000.0, "incomeBeforeTax": 836000000, "incomeBeforeTaxRatio": 0.138778220452, "incomeTaxExpense": 278000000, "netIncome": 522000000, "netIncomeRatio": 0.0866533864542, "eps": 0.61, "epsdiluted": 0.61, "weightedAverageShsOut": 860000000, "weightedAverageShsOutDil": 863000000, "link": "https://www.sec.gov/Archives/edgar/data/1109357/000119312514289535/0001193125-14-289535-index.htm", "finalLink": "https://www.sec.gov/Archives/edgar/data/1109357/000119312514289535/d762226d10q.htm"}, {"date": "2014-03-31", "symbol": "EXC", "fillingDate": "2014-04-30", "acceptedDate": "2014-04-30 15:49:52", "period": "Q1", "revenue": 7237000000, "costOfRevenue": 4340000000, "grossProfit": 2897000000, "grossProfitRatio": 0.40030399336741745, "researchAndDevelopmentExpenses": 0.0, "generalAndAdministrativeExpenses": 0.0, "sellingAndMarketingExpenses": 0.0, "otherExpenses": 1882000000, "operatingExpenses": 1882000000, "costAndExpenses": 7055000000, "interestExpense": 217000000, "depreciationAndAmortization": 908000000, "ebitda": 1071000000, "ebitdaratio": 0.147989498411, "operatingIncome": 163000000, "operatingIncomeRatio": 0.0225231449496, "totalOtherIncomeExpensesNet": 293000000, "incomeBeforeTax": 39000000, "incomeBeforeTaxRatio": 0.00538897333149, "incomeTaxExpense": -54000000, "netIncome": 90000000, "netIncomeRatio": 0.0124360923034, "eps": 0.1, "epsdiluted": 0.1, "weightedAverageShsOut": 858000000, "weightedAverageShsOutDil": 861000000, "link": "https://www.sec.gov/Archives/edgar/data/1109357/000119312514171878/0001193125-14-171878-index.htm", "finalLink": "https://www.sec.gov/Archives/edgar/data/1109357/000119312514171878/d714454d10q.htm"}, {"date": "2013-12-31", "symbol": "EXC", "fillingDate": "2014-02-14", "acceptedDate": "2014-02-13 19:23:41", "period": "FY", "revenue": 6163000000, "costOfRevenue": 2581000000, "grossProfit": 3582000000, "grossProfitRatio": 0.5812104494564335, "researchAndDevelopmentExpenses": 0.0, "generalAndAdministrativeExpenses": 0.0, "sellingAndMarketingExpenses": 0.0, "otherExpenses": 1906000000, "operatingExpenses": 1906000000, "costAndExpenses": 5277000000, "interestExpense": 224000000, "depreciationAndAmortization": 935000000, "ebitda": 1824000000, "ebitdaratio": 0.295959759857, "operatingIncome": 889000000, "operatingIncomeRatio": 0.144247931202, "totalOtherIncomeExpensesNet": 270000000, "incomeBeforeTax": 805000000, "incomeBeforeTaxRatio": 0.130618205419, "incomeTaxExpense": 311000000, "netIncome": 495000000, "netIncomeRatio": 0.0803180269349, "eps": 0.57, "epsdiluted": 0.58, "weightedAverageShsOut": 856000000, "weightedAverageShsOutDil": 860000000, "link": "https://www.sec.gov/Archives/edgar/data/1109357/000119312514051838/0001193125-14-051838-index.htm", "finalLink": "https://www.sec.gov/Archives/edgar/data/1109357/000119312514051838/d666092d10k.htm"}, {"date": "2013-09-30", "symbol": "EXC", "fillingDate": "2013-11-07", "acceptedDate": "2013-11-06 18:40:29", "period": "Q3", "revenue": 6502000000, "costOfRevenue": 2743000000, "grossProfit": 3759000000, "grossProfitRatio": 0.5781298062134728, "researchAndDevelopmentExpenses": 0.0, "generalAndAdministrativeExpenses": 0.0, "sellingAndMarketingExpenses": 0.0, "otherExpenses": 1759000000, "operatingExpenses": 1759000000, "costAndExpenses": 5285000000, "interestExpense": 228000000, "depreciationAndAmortization": 872000000, "ebitda": 2126000000, "ebitdaratio": 0.32697631498, "operatingIncome": 1254000000, "operatingIncomeRatio": 0.192863734236, "totalOtherIncomeExpensesNet": 277000000, "incomeBeforeTax": 1176000000, "incomeBeforeTaxRatio": 0.180867425408, "incomeTaxExpense": 439000000, "netIncome": 738000000, "netIncomeRatio": 0.113503537373, "eps": 0.86, "epsdiluted": 0.85, "weightedAverageShsOut": 856000000, "weightedAverageShsOutDil": 860000000, "link": "https://www.sec.gov/Archives/edgar/data/1109357/000119312513430592/0001193125-13-430592-index.htm", "finalLink": "https://www.sec.gov/Archives/edgar/data/1109357/000119312513430592/d623182d10q.htm"}, {"date": "2013-06-30", "symbol": "EXC", "fillingDate": "2013-08-08", "acceptedDate": "2013-08-07 20:36:49", "period": "Q2", "revenue": 12223000000, "costOfRevenue": 2419000000, "grossProfit": 9804000000, "grossProfitRatio": 0.8020944121737708, "researchAndDevelopmentExpenses": 0.0, "generalAndAdministrativeExpenses": 0.0, "sellingAndMarketingExpenses": 0.0, "otherExpenses": 3706000000, "operatingExpenses": 3706000000, "costAndExpenses": 10680000000, "interestExpense": 863000000, "depreciationAndAmortization": 1972000000, "ebitda": 3485000000, "ebitdaratio": 0.28511821975, "operatingIncome": 1513000000, "operatingIncomeRatio": 0.123783031989, "totalOtherIncomeExpensesNet": 271000000, "incomeBeforeTax": 792000000, "incomeBeforeTaxRatio": 0.064795876626, "incomeTaxExpense": 294000000, "netIncome": 486000000, "netIncomeRatio": 0.0397611061114, "eps": 0.57, "epsdiluted": 0.57, "weightedAverageShsOut": 856000000, "weightedAverageShsOutDil": 859000000, "link": "https://www.sec.gov/Archives/edgar/data/1109357/000119312513324857/0001193125-13-324857-index.htm", "finalLink": "https://www.sec.gov/Archives/edgar/data/1109357/000119312513324857/d578590d10q.htm"}, {"date": "2013-03-31", "symbol": "EXC", "fillingDate": "2013-05-10", "acceptedDate": "2013-05-09 17:48:29", "period": "Q2", "revenue": 6082000000, "costOfRevenue": 2981000000, "grossProfit": 3101000000, "grossProfitRatio": 0.5098651759289707, "researchAndDevelopmentExpenses": 0.0, "generalAndAdministrativeExpenses": 0.0, "sellingAndMarketingExpenses": 0.0, "otherExpenses": 5565000000, "operatingExpenses": 5565000000, "costAndExpenses": 8546000000, "interestExpense": -903000000, "depreciationAndAmortization": -4079000000, "ebitda": -3571000000, "ebitdaratio": 0.274979777768, "operatingIncome": 508000000, "operatingIncomeRatio": 0.101324024011, "totalOtherIncomeExpensesNet": 582000000, "incomeBeforeTax": 57000000, "incomeBeforeTaxRatio": 0.0765464685598, "incomeTaxExpense": -627000000, "netIncome": 1000000.0, "netIncomeRatio": 0.0498531227383, "eps": -1.42, "epsdiluted": -1.42, "weightedAverageShsOut": 856000000, "weightedAverageShsOutDil": 859000000, "link": "https://www.sec.gov/Archives/edgar/data/1109357/000119312513211545/0001193125-13-211545-index.htm", "finalLink": "https://www.sec.gov/Archives/edgar/data/1109357/000119312513211545/d525646d10q.htm"}, {"date": "2012-12-31", "symbol": "EXC", "fillingDate": "2013-02-22", "acceptedDate": "2013-02-21 18:53:50", "period": "FY", "revenue": 23489000000, "costOfRevenue": 2759000000, "grossProfit": 20730000000, "grossProfitRatio": 0.8825407637617608, "researchAndDevelopmentExpenses": 0.0, "generalAndAdministrativeExpenses": 0.0, "sellingAndMarketingExpenses": 0.0, "otherExpenses": 8072000000, "operatingExpenses": 8072000000, "costAndExpenses": 21018000000, "interestExpense": 903000000, "depreciationAndAmortization": 4079000000, "ebitda": 6459000000, "ebitdaratio": 0.274979777768, "operatingIncome": 2380000000, "operatingIncomeRatio": 0.101324024011, "totalOtherIncomeExpensesNet": 282000000, "incomeBeforeTax": 1798000000, "incomeBeforeTaxRatio": 0.0765464685598, "incomeTaxExpense": 627000000, "netIncome": 1171000000, "netIncomeRatio": 0.0498531227383, "eps": 1.42, "epsdiluted": 1.42, "weightedAverageShsOut": 816000000, "weightedAverageShsOutDil": 819000000, "link": "https://www.sec.gov/Archives/edgar/data/1109357/000119312513069749/0001193125-13-069749-index.htm", "finalLink": "https://www.sec.gov/Archives/edgar/data/1109357/000119312513069749/d474199d10k.htm"}, {"date": "2012-09-30", "symbol": "EXC", "fillingDate": "2012-11-07", "acceptedDate": "2012-11-07 17:19:30", "period": "Q2", "revenue": 6565000000, "costOfRevenue": 3027000000, "grossProfit": 3538000000, "grossProfitRatio": 0.538918507235339, "researchAndDevelopmentExpenses": 0.0, "generalAndAdministrativeExpenses": 0.0, "sellingAndMarketingExpenses": 0.0, "otherExpenses": 5972000000, "operatingExpenses": 5972000000, "costAndExpenses": 8999000000, "interestExpense": -439000000, "depreciationAndAmortization": -1895000000, "ebitda": -1292000000, "ebitdaratio": 0.278947368421, "operatingIncome": 603000000, "operatingIncomeRatio": 0.100845864662, "totalOtherIncomeExpensesNet": 299000000, "incomeBeforeTax": 458000000, "incomeBeforeTaxRatio": 0.0727443609023, "incomeTaxExpense": -284000000, "netIncome": 297000000, "netIncomeRatio": 0.0460526315789, "eps": -0.62, "epsdiluted": -0.62, "weightedAverageShsOut": 816000000, "weightedAverageShsOutDil": 819000000, "link": "https://www.sec.gov/Archives/edgar/data/1109357/000119312512457787/0001193125-12-457787-index.htm", "finalLink": "https://www.sec.gov/Archives/edgar/data/1109357/000119312512457787/d433523d10q.htm"}, {"date": "2012-06-30", "symbol": "EXC", "fillingDate": "2012-08-09", "acceptedDate": "2012-08-09 13:44:24", "period": "Q2", "revenue": 5954000000, "costOfRevenue": 2606000000, "grossProfit": 3348000000, "grossProfitRatio": 0.5623110513940208, "researchAndDevelopmentExpenses": 0.0, "generalAndAdministrativeExpenses": 0.0, "sellingAndMarketingExpenses": 0.0, "otherExpenses": 1856000000, "operatingExpenses": 1856000000, "costAndExpenses": 5183000000, "interestExpense": 250000000, "depreciationAndAmortization": 1119000000, "ebitda": 1833000000, "ebitdaratio": 0.307860262009, "operatingIncome": 714000000, "operatingIncomeRatio": 0.119919381928, "totalOtherIncomeExpensesNet": 254000000, "incomeBeforeTax": 416000000, "incomeBeforeTaxRatio": 0.0698689956332, "incomeTaxExpense": 126000000, "netIncome": 290000000, "netIncomeRatio": 0.0487067517635, "eps": 0.34, "epsdiluted": 0.34, "weightedAverageShsOut": 779000000, "weightedAverageShsOutDil": 781000000, "link": "https://www.sec.gov/Archives/edgar/data/1109357/000119312512346805/0001193125-12-346805-index.htm", "finalLink": "https://www.sec.gov/Archives/edgar/data/1109357/000119312512346805/d391374d10q.htm"}, {"date": "2012-03-31", "symbol": "EXC", "fillingDate": "2012-05-10", "acceptedDate": "2012-05-09 19:56:05", "period": "Q1", "revenue": 4686000000, "costOfRevenue": 1765000000, "grossProfit": 2921000000, "grossProfitRatio": 0.6233461374306445, "researchAndDevelopmentExpenses": 0.0, "generalAndAdministrativeExpenses": 0.0, "sellingAndMarketingExpenses": 0.0, "otherExpenses": 1994000000, "operatingExpenses": 1994000000, "costAndExpenses": 4305000000, "interestExpense": 189000000, "depreciationAndAmortization": 776000000, "ebitda": 1135000000, "ebitdaratio": 0.242210840802, "operatingIncome": 359000000, "operatingIncomeRatio": 0.076611182245, "totalOtherIncomeExpensesNet": 194000000, "incomeBeforeTax": 358000000, "incomeBeforeTaxRatio": 0.0763977806231, "incomeTaxExpense": 158000000, "netIncome": 200000000, "netIncomeRatio": 0.0426803243705, "eps": 0.28, "epsdiluted": 0.28, "weightedAverageShsOut": 705000000, "weightedAverageShsOutDil": 707000000, "link": "https://www.sec.gov/Archives/edgar/data/1109357/000119312512222883/0001193125-12-222883-index.htm", "finalLink": "https://www.sec.gov/Archives/edgar/data/1109357/000119312512222883/d344164d10q.htm"}, {"date": "2011-12-31", "symbol": "EXC", "fillingDate": "2012-02-09", "acceptedDate": "2012-02-09 15:21:51", "period": "FY", "revenue": 3991000000, "costOfRevenue": 382000000, "grossProfit": 3609000000, "grossProfitRatio": 0.9042846404409922, "researchAndDevelopmentExpenses": 0.0, "generalAndAdministrativeExpenses": 0.0, "sellingAndMarketingExpenses": 0.0, "otherExpenses": 1361000000, "operatingExpenses": 1361000000, "costAndExpenses": 2928000000, "interestExpense": 175000000, "depreciationAndAmortization": 602000000, "ebitda": 1665000000, "ebitdaratio": 0.417188674518, "operatingIncome": 1063000000, "operatingIncomeRatio": 0.266349285893, "totalOtherIncomeExpensesNet": 183000000, "incomeBeforeTax": 1029000000, "incomeBeforeTaxRatio": 0.257830117765, "incomeTaxExpense": 423000000, "netIncome": 606000000, "netIncomeRatio": 0.151841643698, "eps": 0.9, "epsdiluted": 0.91, "weightedAverageShsOut": 663000000, "weightedAverageShsOutDil": 665000000, "link": "https://www.sec.gov/Archives/edgar/data/1109357/000119312512049043/0001193125-12-049043-index.htm", "finalLink": "https://www.sec.gov/Archives/edgar/data/1109357/000119312512049043/d283520d10k.htm"}, {"date": "2011-09-30", "symbol": "EXC", "fillingDate": "2011-10-26", "acceptedDate": "2011-10-26 14:02:57", "period": "Q3", "revenue": 14933000000, "costOfRevenue": 450000000, "grossProfit": 14483000000, "grossProfitRatio": 0.9698653987812228, "researchAndDevelopmentExpenses": 0.0, "generalAndAdministrativeExpenses": 0.0, "sellingAndMarketingExpenses": 0.0, "otherExpenses": 3931000000, "operatingExpenses": 3931000000, "costAndExpenses": 11516000000, "interestExpense": 526000000, "depreciationAndAmortization": 1702000000, "ebitda": 5119000000, "ebitdaratio": 0.342797830309, "operatingIncome": 3417000000, "operatingIncomeRatio": 0.228822071921, "totalOtherIncomeExpensesNet": 208000000, "incomeBeforeTax": 2923000000, "incomeBeforeTaxRatio": 0.195740976361, "incomeTaxExpense": 1034000000, "netIncome": 1889000000, "netIncomeRatio": 0.126498359338, "eps": 2.85, "epsdiluted": 2.84, "weightedAverageShsOut": 663000000, "weightedAverageShsOutDil": 664000000, "link": "https://www.sec.gov/Archives/edgar/data/1109357/000119312511281748/0001193125-11-281748-index.htm", "finalLink": "https://www.sec.gov/Archives/edgar/data/1109357/000119312511281748/d246704d10q.htm"}, {"date": "2011-06-30", "symbol": "EXC", "fillingDate": "2011-07-27", "acceptedDate": "2011-07-27 16:25:51", "period": "Q3", "revenue": 4586000000, "costOfRevenue": 400000000, "grossProfit": 4186000000, "grossProfitRatio": 0.9127780200610554, "researchAndDevelopmentExpenses": 0.0, "generalAndAdministrativeExpenses": 0.0, "sellingAndMarketingExpenses": 0.0, "otherExpenses": 3552000000, "operatingExpenses": 3552000000, "costAndExpenses": 3952000000, "interestExpense": 0.0, "depreciationAndAmortization": 750000000, "ebitda": 1784000000, "ebitdaratio": 0.38901003052769295, "operatingIncome": 1034000000, "operatingIncomeRatio": 0.22546881814217182, "totalOtherIncomeExpensesNet": 191000000, "incomeBeforeTax": 953000000, "incomeBeforeTaxRatio": 0.20780636720453555, "incomeTaxExpense": 0.0, "netIncome": 620000000, "netIncomeRatio": 0.13519406890536415, "eps": 0.0, "epsdiluted": 0.0, "weightedAverageShsOut": 663000000, "weightedAverageShsOutDil": 664000000, "link": "https://www.sec.gov/Archives/edgar/data/1109357/000119312511198942/0001193125-11-198942-index.htm", "finalLink": "https://www.sec.gov/Archives/edgar/data/1109357/000119312511198942/d10q.htm"}, {"date": "2011-03-31", "symbol": "EXC", "fillingDate": "2011-04-27", "acceptedDate": "2011-04-27 16:57:38", "period": "Q3", "revenue": 5052000000, "costOfRevenue": 612000000, "grossProfit": 4440000000, "grossProfitRatio": 0.8788598574821853, "researchAndDevelopmentExpenses": 0.0, "generalAndAdministrativeExpenses": 0.0, "sellingAndMarketingExpenses": 0.0, "otherExpenses": 3850000000, "operatingExpenses": 3850000000, "costAndExpenses": 4462000000, "interestExpense": -792000000, "depreciationAndAmortization": -2943000000, "ebitda": -1741000000, "ebitdaratio": 0.411338768505, "operatingIncome": 1202000000, "operatingIncomeRatio": 0.253486376314, "totalOtherIncomeExpensesNet": 505000000, "incomeBeforeTax": 1114000000, "incomeBeforeTaxRatio": 0.226399914182, "incomeTaxExpense": -1658000000, "netIncome": 668000000, "netIncomeRatio": 0.137470499893, "eps": -3.88, "epsdiluted": -3.87, "weightedAverageShsOut": 663000000, "weightedAverageShsOutDil": 664000000, "link": "https://www.sec.gov/Archives/edgar/data/1109357/000119312511112176/0001193125-11-112176-index.htm", "finalLink": "https://www.sec.gov/Archives/edgar/data/1109357/000119312511112176/d10q.htm"}, {"date": "2010-12-31", "symbol": "EXC", "fillingDate": "2011-02-10", "acceptedDate": "2011-02-10 15:36:39", "period": "FY", "revenue": 18644000000, "costOfRevenue": 0.0, "grossProfit": 18644000000, "grossProfitRatio": 1.0, "researchAndDevelopmentExpenses": 0.0, "generalAndAdministrativeExpenses": 0.0, "sellingAndMarketingExpenses": 0.0, "otherExpenses": 4689000000, "operatingExpenses": 4689000000, "costAndExpenses": 13918000000, "interestExpense": 792000000, "depreciationAndAmortization": 2943000000, "ebitda": 7669000000, "ebitdaratio": 0.411338768505, "operatingIncome": 4726000000, "operatingIncomeRatio": 0.253486376314, "totalOtherIncomeExpensesNet": 256000000, "incomeBeforeTax": 4221000000, "incomeBeforeTaxRatio": 0.226399914182, "incomeTaxExpense": 1658000000, "netIncome": 2563000000, "netIncomeRatio": 0.137470499893, "eps": 3.88, "epsdiluted": 3.87, "weightedAverageShsOut": 661000000, "weightedAverageShsOutDil": 663000000, "link": "https://www.sec.gov/Archives/edgar/data/1109357/000119312511030543/0001193125-11-030543-index.htm", "finalLink": "https://www.sec.gov/Archives/edgar/data/1109357/000119312511030543/d10k.htm"}, {"date": "2010-09-30", "symbol": "EXC", "fillingDate": "2010-10-22", "acceptedDate": "2010-10-22 15:39:59", "period": "Q3", "revenue": 5291000000, "costOfRevenue": 475000000, "grossProfit": 4816000000, "grossProfitRatio": 0.9102249102249103, "researchAndDevelopmentExpenses": 0.0, "generalAndAdministrativeExpenses": 0.0, "sellingAndMarketingExpenses": 0.0, "otherExpenses": 3926000000, "operatingExpenses": 3926000000, "costAndExpenses": 4401000000, "interestExpense": -446000000, "depreciationAndAmortization": -1455000000, "ebitda": -90000000, "ebitdaratio": 0.437521164917, "operatingIncome": 1365000000, "operatingIncomeRatio": 0.273281408737, "totalOtherIncomeExpensesNet": 488000000, "incomeBeforeTax": 1397000000, "incomeBeforeTaxRatio": 0.218196184671, "incomeTaxExpense": -739000000, "netIncome": 845000000, "netIncomeRatio": 0.134778191669, "eps": 0.0, "epsdiluted": 0.0, "weightedAverageShsOut": 1806354000, "weightedAverageShsOutDil": 1803625000, "link": "https://www.sec.gov/Archives/edgar/data/1109357/000119312510234590/0001193125-10-234590-index.htm", "finalLink": "https://www.sec.gov/Archives/edgar/data/1109357/000119312510234590/d10q.htm"}, {"date": "2010-06-30", "symbol": "EXC", "fillingDate": "2010-07-22", "acceptedDate": "2010-07-22 15:45:12", "period": "Q2", "revenue": 8859000000, "costOfRevenue": 393000000, "grossProfit": 8466000000, "grossProfitRatio": 0.9556383338977311, "researchAndDevelopmentExpenses": 0.0, "generalAndAdministrativeExpenses": 0.0, "sellingAndMarketingExpenses": 0.0, "otherExpenses": 2281000000, "operatingExpenses": 2281000000, "costAndExpenses": 6438000000, "interestExpense": 446000000, "depreciationAndAmortization": 1455000000, "ebitda": 3876000000, "ebitdaratio": 0.437521164917, "operatingIncome": 2421000000, "operatingIncomeRatio": 0.273281408737, "totalOtherIncomeExpensesNet": 186000000, "incomeBeforeTax": 1933000000, "incomeBeforeTaxRatio": 0.218196184671, "incomeTaxExpense": 739000000, "netIncome": 1194000000, "netIncomeRatio": 0.134778191669, "eps": 0.0, "epsdiluted": 0.0, "weightedAverageShsOut": 661000000, "weightedAverageShsOutDil": 662000000, "link": "https://www.sec.gov/Archives/edgar/data/1109357/000095012310067250/0000950123-10-067250-index.htm", "finalLink": "https://www.sec.gov/Archives/edgar/data/1109357/000095012310067250/c00848e10vq.htm"}, {"date": "2010-03-31", "symbol": "EXC", "fillingDate": "2010-04-23", "acceptedDate": "2010-04-23 15:21:52", "period": "Q1", "revenue": 4461000000, "costOfRevenue": 601000000, "grossProfit": 3860000000, "grossProfitRatio": 0.8652768437570052, "researchAndDevelopmentExpenses": 0.0, "generalAndAdministrativeExpenses": 0.0, "sellingAndMarketingExpenses": 0.0, "otherExpenses": 3059000000, "operatingExpenses": 3059000000, "costAndExpenses": 3660000000, "interestExpense": 0.0, "depreciationAndAmortization": 718000000, "ebitda": 2120000000, "ebitdaratio": 0.475229769110065, "operatingIncome": 1402000000, "operatingIncomeRatio": 0.31427930957184486, "totalOtherIncomeExpensesNet": 197000000, "incomeBeforeTax": 1312000000, "incomeBeforeTaxRatio": 0.29410446088321, "incomeTaxExpense": 0.0, "netIncome": 749000000, "netIncomeRatio": 0.1678995740865277, "eps": 0.0, "epsdiluted": 0.0, "weightedAverageShsOut": 0.0, "weightedAverageShsOutDil": 0.0, "link": "https://www.sec.gov/Archives/edgar/data/1109357/000119312510091626/0001193125-10-091626-index.htm", "finalLink": "https://www.sec.gov/Archives/edgar/data/1109357/000119312510091626/d10q.htm"}, {"date": "2009-12-31", "symbol": "EXC", "fillingDate": "2010-02-05", "acceptedDate": "2010-02-05 15:16:34", "period": "FY", "revenue": 1357000000, "costOfRevenue": 0.0, "grossProfit": 1357000000, "grossProfitRatio": 1.0, "researchAndDevelopmentExpenses": 0.0, "generalAndAdministrativeExpenses": 0.0, "sellingAndMarketingExpenses": 0.0, "otherExpenses": 1132000000, "operatingExpenses": 1132000000, "costAndExpenses": 1132000000, "interestExpense": 75000000, "depreciationAndAmortization": 1875000000, "ebitda": 2100000000, "ebitdaratio": 1.5475313190862197, "operatingIncome": 225000000, "operatingIncomeRatio": 0.1658069270449521, "totalOtherIncomeExpensesNet": 66000000, "incomeBeforeTax": 159000000, "incomeBeforeTaxRatio": 0.11717022844509949, "incomeTaxExpense": 0.0, "netIncome": 99000000, "netIncomeRatio": 0.07295504789977893, "eps": 0.0, "epsdiluted": 0.0, "weightedAverageShsOut": 659000000, "weightedAverageShsOutDil": 662000000, "link": "https://www.sec.gov/Archives/edgar/data/1109357/000119312510023280/0001193125-10-023280-index.htm", "finalLink": "https://www.sec.gov/Archives/edgar/data/1109357/000119312510023280/d10k.htm"}, {"date": "2009-09-30", "symbol": "EXC", "fillingDate": "2009-10-23", "acceptedDate": "2009-10-23 15:55:43", "period": "Q3", "revenue": 1475000000, "costOfRevenue": 0.0, "grossProfit": 1475000000, "grossProfitRatio": 1.0, "researchAndDevelopmentExpenses": 0.0, "generalAndAdministrativeExpenses": 0.0, "sellingAndMarketingExpenses": 0.0, "otherExpenses": 1272000000, "operatingExpenses": 1272000000, "costAndExpenses": 1272000000, "interestExpense": 79000000, "depreciationAndAmortization": -527000000, "ebitda": -324000000, "ebitdaratio": -0.21966101694915255, "operatingIncome": 203000000, "operatingIncomeRatio": 0.1376271186440678, "totalOtherIncomeExpensesNet": 79000000, "incomeBeforeTax": 101000000, "incomeBeforeTaxRatio": 0.06847457627118644, "incomeTaxExpense": 0.0, "netIncome": 45000000, "netIncomeRatio": 0.030508474576271188, "eps": 0.0, "epsdiluted": 0.0, "weightedAverageShsOut": 659000000, "weightedAverageShsOutDil": 662000000, "link": "https://www.sec.gov/Archives/edgar/data/1109357/000119312509212818/0001193125-09-212818-index.htm", "finalLink": "https://www.sec.gov/Archives/edgar/data/1109357/000119312509212818/d10q.htm"}, {"date": "2009-06-30", "symbol": "EXC", "fillingDate": "2009-07-24", "acceptedDate": "2009-07-24 15:31:30", "period": "Q2", "revenue": 1389000000, "costOfRevenue": 0.0, "grossProfit": 1389000000, "grossProfitRatio": 1.0, "researchAndDevelopmentExpenses": 0.0, "generalAndAdministrativeExpenses": 0.0, "sellingAndMarketingExpenses": 0.0, "otherExpenses": 1180000000, "operatingExpenses": 1180000000, "costAndExpenses": 1180000000, "interestExpense": 72000000, "depreciationAndAmortization": 631000000, "ebitda": 840000000, "ebitdaratio": 0.6047516198704104, "operatingIncome": 209000000, "operatingIncomeRatio": 0.15046796256299497, "totalOtherIncomeExpensesNet": 58000000, "incomeBeforeTax": 188000000, "incomeBeforeTaxRatio": 0.1353491720662347, "incomeTaxExpense": 0.0, "netIncome": 116000000, "netIncomeRatio": 0.08351331893448524, "eps": 0.0, "epsdiluted": 0.0, "weightedAverageShsOut": 659000000, "weightedAverageShsOutDil": 662000000, "link": "https://www.sec.gov/Archives/edgar/data/1109357/000119312509154888/0001193125-09-154888-index.htm", "finalLink": "https://www.sec.gov/Archives/edgar/data/1109357/000119312509154888/d10q.htm"}, {"date": "2009-03-31", "symbol": "EXC", "fillingDate": "2009-04-24", "acceptedDate": "2009-04-23 19:28:15", "period": "Q1", "revenue": 1553000000, "costOfRevenue": 0.0, "grossProfit": 1553000000, "grossProfitRatio": 1.0, "researchAndDevelopmentExpenses": 0.0, "generalAndAdministrativeExpenses": 0.0, "sellingAndMarketingExpenses": 0.0, "otherExpenses": 1347000000, "operatingExpenses": 1347000000, "costAndExpenses": 1347000000, "interestExpense": 80000000, "depreciationAndAmortization": 622000000, "ebitda": 828000000, "ebitdaratio": 0.5331616226658081, "operatingIncome": 206000000, "operatingIncomeRatio": 0.13264649066323245, "totalOtherIncomeExpensesNet": 78000000, "incomeBeforeTax": 155000000, "incomeBeforeTaxRatio": 0.09980682549903412, "incomeTaxExpense": 0.0, "netIncome": 114000000, "netIncomeRatio": 0.07340631036703155, "eps": 0.0, "epsdiluted": 0.0, "weightedAverageShsOut": 0.0, "weightedAverageShsOutDil": 0.0, "link": "https://www.sec.gov/Archives/edgar/data/1109357/000119312509086014/0001193125-09-086014-index.htm", "finalLink": "https://www.sec.gov/Archives/edgar/data/1109357/000119312509086014/d10q.htm"}, {"date": "2008-12-31", "symbol": "EXC", "fillingDate": "2009-02-06", "acceptedDate": "2009-02-06 16:12:02", "period": "FY", "revenue": 1542000000, "costOfRevenue": 0.0, "grossProfit": 1542000000, "grossProfitRatio": 1.0, "researchAndDevelopmentExpenses": 0.0, "generalAndAdministrativeExpenses": 0.0, "sellingAndMarketingExpenses": 0.0, "otherExpenses": 1325000000, "operatingExpenses": 1325000000, "costAndExpenses": 1325000000, "interestExpense": 66000000, "depreciationAndAmortization": 1965000000, "ebitda": 2182000000, "ebitdaratio": 1.4150453955901428, "operatingIncome": 217000000, "operatingIncomeRatio": 0.14072632944228275, "totalOtherIncomeExpensesNet": 71000000, "incomeBeforeTax": 153000000, "incomeBeforeTaxRatio": 0.09922178988326848, "incomeTaxExpense": 0.0, "netIncome": 91000000, "netIncomeRatio": 0.05901426718547341, "eps": 0.0, "epsdiluted": 0.0, "weightedAverageShsOut": 0.0, "weightedAverageShsOutDil": 0.0, "link": "https://www.sec.gov/Archives/edgar/data/1109357/000119312509021261/0001193125-09-021261-index.htm", "finalLink": "https://www.sec.gov/Archives/edgar/data/1109357/000119312509021261/d10k.htm"}, {"date": "2008-09-30", "symbol": "EXC", "fillingDate": "2008-10-27", "acceptedDate": "2008-10-24 19:55:48", "period": "Q3", "revenue": 1729000000, "costOfRevenue": 0.0, "grossProfit": 1729000000, "grossProfitRatio": 1.0, "researchAndDevelopmentExpenses": 0.0, "generalAndAdministrativeExpenses": 0.0, "sellingAndMarketingExpenses": 0.0, "otherExpenses": 1590000000, "operatingExpenses": 1590000000, "costAndExpenses": 1590000000, "interestExpense": 83000000, "depreciationAndAmortization": 119000000, "ebitda": 258000000, "ebitdaratio": 0.1492192018507808, "operatingIncome": 139000000, "operatingIncomeRatio": 0.0803932909196067, "totalOtherIncomeExpensesNet": 87000000, "incomeBeforeTax": 53000000, "incomeBeforeTaxRatio": 0.030653556969346442, "incomeTaxExpense": 0.0, "netIncome": 34000000, "netIncomeRatio": 0.019664545980335454, "eps": 0.0, "epsdiluted": 0.0, "weightedAverageShsOut": 0.0, "weightedAverageShsOutDil": 0.0, "link": "https://www.sec.gov/Archives/edgar/data/1109357/000119312508216264/0001193125-08-216264-index.htm", "finalLink": "https://www.sec.gov/Archives/edgar/data/1109357/000119312508216264/d10q.htm"}, {"date": "2008-06-30", "symbol": "EXC", "fillingDate": "2008-07-23", "acceptedDate": "2008-07-23 14:52:16", "period": "Q2", "revenue": 1425000000, "costOfRevenue": 0.0, "grossProfit": 1425000000, "grossProfitRatio": 1.0, "researchAndDevelopmentExpenses": 0.0, "generalAndAdministrativeExpenses": 0.0, "sellingAndMarketingExpenses": 0.0, "otherExpenses": 1284000000, "operatingExpenses": 1284000000, "costAndExpenses": 1284000000, "interestExpense": 82000000, "depreciationAndAmortization": -328000000, "ebitda": -187000000, "ebitdaratio": -0.1312280701754386, "operatingIncome": 141000000, "operatingIncomeRatio": 0.09894736842105263, "totalOtherIncomeExpensesNet": 71000000, "incomeBeforeTax": 56000000, "incomeBeforeTaxRatio": 0.03929824561403509, "incomeTaxExpense": 0.0, "netIncome": 35000000, "netIncomeRatio": 0.02456140350877193, "eps": 0.0, "epsdiluted": 0.0, "weightedAverageShsOut": 0.0, "weightedAverageShsOutDil": 0.0, "link": "https://www.sec.gov/Archives/edgar/data/1109357/000119312508156158/0001193125-08-156158-index.htm", "finalLink": "https://www.sec.gov/Archives/edgar/data/1109357/000119312508156158/d10q.htm"}, {"date": "2008-03-31", "symbol": "EXC", "fillingDate": "2008-04-24", "acceptedDate": "2008-04-24 16:50:10", "period": "Q1", "revenue": 1440000000, "costOfRevenue": 0.0, "grossProfit": 1440000000, "grossProfitRatio": 1.0, "researchAndDevelopmentExpenses": 0.0, "generalAndAdministrativeExpenses": 0.0, "sellingAndMarketingExpenses": 0.0, "otherExpenses": 1270000000, "operatingExpenses": 1270000000, "costAndExpenses": 1270000000, "interestExpense": 96000000, "depreciationAndAmortization": 552000000, "ebitda": 722000000, "ebitdaratio": 0.5013888888888889, "operatingIncome": 170000000, "operatingIncomeRatio": 0.11805555555555555, "totalOtherIncomeExpensesNet": 69000000, "incomeBeforeTax": 67000000, "incomeBeforeTaxRatio": 0.04652777777777778, "incomeTaxExpense": 0.0, "netIncome": 41000000, "netIncomeRatio": 0.02847222222222222, "eps": 0.0, "epsdiluted": 0.0, "weightedAverageShsOut": 0.0, "weightedAverageShsOutDil": 0.0, "link": "https://www.sec.gov/Archives/edgar/data/1109357/000119312508089451/0001193125-08-089451-index.htm", "finalLink": "https://www.sec.gov/Archives/edgar/data/1109357/000119312508089451/d10q.htm"}, {"date": "2007-12-31", "symbol": "EXC", "fillingDate": "2008-02-07", "acceptedDate": "2008-02-07 06:27:55", "period": "FY", "revenue": 1436000000, "costOfRevenue": 0.0, "grossProfit": 1436000000, "grossProfitRatio": 1.0, "researchAndDevelopmentExpenses": 0.0, "generalAndAdministrativeExpenses": 0.0, "sellingAndMarketingExpenses": 0.0, "otherExpenses": 1338000000, "operatingExpenses": 1338000000, "costAndExpenses": 1338000000, "interestExpense": 47000000, "depreciationAndAmortization": -715000000, "ebitda": -617000000, "ebitdaratio": -0.4296657381615599, "operatingIncome": 98000000, "operatingIncomeRatio": 0.06824512534818941, "totalOtherIncomeExpensesNet": 71000000, "incomeBeforeTax": 86000000, "incomeBeforeTaxRatio": 0.05988857938718663, "incomeTaxExpense": 0.0, "netIncome": 67000000, "netIncomeRatio": 0.04665738161559889, "eps": 0.0, "epsdiluted": 0.0, "weightedAverageShsOut": 0.0, "weightedAverageShsOutDil": 0.0, "link": "https://www.sec.gov/Archives/edgar/data/1109357/000119312508022265/0001193125-08-022265-index.htm", "finalLink": "https://www.sec.gov/Archives/edgar/data/1109357/000119312508022265/d10k.htm"}, {"date": "2007-09-30", "symbol": "EXC", "fillingDate": "2007-10-26", "acceptedDate": "2007-10-26 15:04:11", "period": "Q3", "revenue": 1757000000, "costOfRevenue": 0.0, "grossProfit": 1757000000, "grossProfitRatio": 1.0, "researchAndDevelopmentExpenses": 0.0, "generalAndAdministrativeExpenses": 0.0, "sellingAndMarketingExpenses": 0.0, "otherExpenses": 1564000000, "operatingExpenses": 1564000000, "costAndExpenses": 1564000000, "interestExpense": 77000000, "depreciationAndAmortization": 577000000, "ebitda": 770000000, "ebitdaratio": 0.43824701195219123, "operatingIncome": 193000000, "operatingIncomeRatio": 0.10984632896983494, "totalOtherIncomeExpensesNet": 86000000, "incomeBeforeTax": 105000000, "incomeBeforeTaxRatio": 0.05976095617529881, "incomeTaxExpense": 0.0, "netIncome": 65000000, "netIncomeRatio": 0.03699487763232783, "eps": 0.0, "epsdiluted": 0.0, "weightedAverageShsOut": 0.0, "weightedAverageShsOutDil": 0.0, "link": "https://www.sec.gov/Archives/edgar/data/1109357/000119312507226861/0001193125-07-226861-index.htm", "finalLink": "https://www.sec.gov/Archives/edgar/data/1109357/000119312507226861/d10q.htm"}, {"date": "2007-06-30", "symbol": "EXC", "fillingDate": "2007-07-25", "acceptedDate": "2007-07-25 16:43:26", "period": "Q2", "revenue": 1421000000, "costOfRevenue": 0.0, "grossProfit": 1421000000, "grossProfitRatio": 1.0, "researchAndDevelopmentExpenses": 0.0, "generalAndAdministrativeExpenses": 0.0, "sellingAndMarketingExpenses": 0.0, "otherExpenses": 1291000000, "operatingExpenses": 1291000000, "costAndExpenses": 1291000000, "interestExpense": 73000000, "depreciationAndAmortization": 533000000, "ebitda": 663000000, "ebitdaratio": 0.4665728360309641, "operatingIncome": 130000000, "operatingIncomeRatio": 0.09148486980999296, "totalOtherIncomeExpensesNet": 77000000, "incomeBeforeTax": 46000000, "incomeBeforeTaxRatio": 0.03237156931738212, "incomeTaxExpense": 0.0, "netIncome": 28000000, "netIncomeRatio": 0.019704433497536946, "eps": 0.0, "epsdiluted": 0.0, "weightedAverageShsOut": 0.0, "weightedAverageShsOutDil": 0.0, "link": "https://www.sec.gov/Archives/edgar/data/1109357/000095013707010538/0000950137-07-010538-index.htm", "finalLink": "https://www.sec.gov/Archives/edgar/data/1109357/000095013707010538/c16950e10vq.htm"}, {"date": "2007-03-31", "symbol": "EXC", "fillingDate": "2007-04-25", "acceptedDate": "2007-04-25 17:13:49", "period": "Q1", "revenue": 1490000000, "costOfRevenue": 0.0, "grossProfit": 1490000000, "grossProfitRatio": 1.0, "researchAndDevelopmentExpenses": 0.0, "generalAndAdministrativeExpenses": 0.0, "sellingAndMarketingExpenses": 0.0, "otherExpenses": 1399000000, "operatingExpenses": 1399000000, "costAndExpenses": 1399000000, "interestExpense": 68000000, "depreciationAndAmortization": 533000000, "ebitda": 624000000, "ebitdaratio": 0.41879194630872485, "operatingIncome": 91000000, "operatingIncomeRatio": 0.0610738255033557, "totalOtherIncomeExpensesNet": 80000000, "incomeBeforeTax": 8000000.0, "incomeBeforeTaxRatio": 0.005369127516778523, "incomeTaxExpense": 0.0, "netIncome": 5000000.0, "netIncomeRatio": 0.003355704697986577, "eps": 0.0, "epsdiluted": 0.0, "weightedAverageShsOut": 0.0, "weightedAverageShsOutDil": 0.0, "link": "https://www.sec.gov/Archives/edgar/data/1109357/000095013707006023/0000950137-07-006023-index.htm", "finalLink": "https://www.sec.gov/Archives/edgar/data/1109357/000095013707006023/c14239e10vq.htm"}, {"date": "2006-12-31", "symbol": "EXC", "fillingDate": "2007-02-13", "acceptedDate": "2007-02-13 16:57:54", "period": "FY", "revenue": 1381000000, "costOfRevenue": 0.0, "grossProfit": 1381000000, "grossProfitRatio": 1.0, "researchAndDevelopmentExpenses": 0.0, "generalAndAdministrativeExpenses": 0.0, "sellingAndMarketingExpenses": 0.0, "otherExpenses": 949000000, "operatingExpenses": 949000000, "costAndExpenses": 949000000, "interestExpense": 62000000, "depreciationAndAmortization": 1812000000, "ebitda": 2244000000, "ebitdaratio": 1.6249094858797972, "operatingIncome": 432000000, "operatingIncomeRatio": 0.3128167994207096, "totalOtherIncomeExpensesNet": 69000000, "incomeBeforeTax": 358000000, "incomeBeforeTaxRatio": 0.25923244026068065, "incomeTaxExpense": 0.0, "netIncome": 213000000, "netIncomeRatio": 0.15423606082548877, "eps": 0.0, "epsdiluted": 0.0, "weightedAverageShsOut": 0.0, "weightedAverageShsOutDil": 0.0, "link": "https://www.sec.gov/Archives/edgar/data/1109357/000119312507029587/0001193125-07-029587-index.htm", "finalLink": "https://www.sec.gov/Archives/edgar/data/1109357/000119312507029587/d10k.htm"}, {"date": "2006-09-30", "symbol": "EXC", "fillingDate": "2006-10-27", "acceptedDate": "2006-10-27 16:46:01", "period": "Q3", "revenue": 1840000000, "costOfRevenue": 0.0, "grossProfit": 1840000000, "grossProfitRatio": 1.0, "researchAndDevelopmentExpenses": 0.0, "generalAndAdministrativeExpenses": 0.0, "sellingAndMarketingExpenses": 0.0, "otherExpenses": 2178000000, "operatingExpenses": 2178000000, "costAndExpenses": 2178000000, "interestExpense": 60000000, "depreciationAndAmortization": -740000000, "ebitda": -1078000000, "ebitdaratio": -0.5858695652173913, "operatingIncome": -338000000, "operatingIncomeRatio": -0.18369565217391304, "totalOtherIncomeExpensesNet": 82000000, "incomeBeforeTax": -329000000, "incomeBeforeTaxRatio": -0.17880434782608695, "incomeTaxExpense": 0.0, "netIncome": -506000000, "netIncomeRatio": -0.275, "eps": 0.0, "epsdiluted": 0.0, "weightedAverageShsOut": 0.0, "weightedAverageShsOutDil": 0.0, "link": "https://www.sec.gov/Archives/edgar/data/1109357/000095013706011537/0000950137-06-011537-index.htm", "finalLink": "https://www.sec.gov/Archives/edgar/data/1109357/000095013706011537/c09125e10vq.htm"}, {"date": "2006-06-30", "symbol": "EXC", "fillingDate": "2006-07-31", "acceptedDate": "2006-07-31 17:00:05", "period": "Q2", "revenue": 1454000000, "costOfRevenue": 0.0, "grossProfit": 1454000000, "grossProfitRatio": 1.0, "researchAndDevelopmentExpenses": 0.0, "generalAndAdministrativeExpenses": 0.0, "sellingAndMarketingExpenses": 0.0, "otherExpenses": 1162000000, "operatingExpenses": 1162000000, "costAndExpenses": 1162000000, "interestExpense": 58000000, "depreciationAndAmortization": 889000000, "ebitda": 1181000000, "ebitdaratio": 0.812242090784044, "operatingIncome": 292000000, "operatingIncomeRatio": 0.20082530949105915, "totalOtherIncomeExpensesNet": 71000000, "incomeBeforeTax": 213000000, "incomeBeforeTaxRatio": 0.14649243466299863, "incomeTaxExpense": 0.0, "netIncome": 127000000, "netIncomeRatio": 0.0873452544704264, "eps": 0.0, "epsdiluted": 0.0, "weightedAverageShsOut": 0.0, "weightedAverageShsOutDil": 0.0, "link": "https://www.sec.gov/Archives/edgar/data/1109357/000095013706008315/0000950137-06-008315-index.htm", "finalLink": "https://www.sec.gov/Archives/edgar/data/1109357/000095013706008315/c06842e10vq.htm"}, {"date": "2006-03-31", "symbol": "EXC", "fillingDate": "2006-04-26", "acceptedDate": "2006-04-26 14:00:51", "period": "Q1", "revenue": 1426000000, "costOfRevenue": 0.0, "grossProfit": 1426000000, "grossProfitRatio": 1.0, "researchAndDevelopmentExpenses": 0.0, "generalAndAdministrativeExpenses": 0.0, "sellingAndMarketingExpenses": 0.0, "otherExpenses": 1257000000, "operatingExpenses": 1257000000, "costAndExpenses": 1257000000, "interestExpense": 56000000, "depreciationAndAmortization": 171000000, "ebitda": 340000000, "ebitdaratio": 0.23842917251051893, "operatingIncome": 169000000, "operatingIncomeRatio": 0.1185133239831697, "totalOtherIncomeExpensesNet": 81000000, "incomeBeforeTax": 91000000, "incomeBeforeTaxRatio": 0.0638148667601683, "incomeTaxExpense": 0.0, "netIncome": 54000000, "netIncomeRatio": 0.037868162692847124, "eps": 0.0, "epsdiluted": 0.0, "weightedAverageShsOut": 0.0, "weightedAverageShsOutDil": 0.0, "link": "https://www.sec.gov/Archives/edgar/data/1109357/000095013706004951/0000950137-06-004951-index.htm", "finalLink": "https://www.sec.gov/Archives/edgar/data/1109357/000095013706004951/c04271e10vq.htm"}, {"date": "2005-12-31", "symbol": "EXC", "fillingDate": "2006-02-15", "acceptedDate": "2006-02-15 16:22:53", "period": "FY", "revenue": 1442000000, "costOfRevenue": 0.0, "grossProfit": 1442000000, "grossProfitRatio": 1.0, "researchAndDevelopmentExpenses": 0.0, "generalAndAdministrativeExpenses": 0.0, "sellingAndMarketingExpenses": 0.0, "otherExpenses": 2361000000, "operatingExpenses": 2361000000, "costAndExpenses": 2361000000, "interestExpense": 51000000, "depreciationAndAmortization": -1064000000, "ebitda": -1983000000, "ebitdaratio": -1.3751733703190014, "operatingIncome": -919000000, "operatingIncomeRatio": -0.6373092926490985, "totalOtherIncomeExpensesNet": 71000000, "incomeBeforeTax": -989000000, "incomeBeforeTaxRatio": -0.6858529819694869, "incomeTaxExpense": 0.0, "netIncome": -1088000000, "netIncomeRatio": -0.7545076282940361, "eps": 0.0, "epsdiluted": 0.0, "weightedAverageShsOut": 0.0, "weightedAverageShsOutDil": 0.0, "link": "https://www.sec.gov/Archives/edgar/data/1109357/000119312506032686/0001193125-06-032686-index.htm", "finalLink": "https://www.sec.gov/Archives/edgar/data/1109357/000119312506032686/d10k.htm"}, {"date": "2005-09-30", "symbol": "EXC", "fillingDate": "2005-10-27", "acceptedDate": "2005-10-26 18:11:17", "period": "Q3", "revenue": 1947000000, "costOfRevenue": 0.0, "grossProfit": 1947000000, "grossProfitRatio": 1.0, "researchAndDevelopmentExpenses": 0.0, "generalAndAdministrativeExpenses": 0.0, "sellingAndMarketingExpenses": 0.0, "otherExpenses": 1483000000, "operatingExpenses": 1483000000, "costAndExpenses": 1483000000, "interestExpense": 50000000, "depreciationAndAmortization": 516000000, "ebitda": 980000000, "ebitdaratio": 0.5033384694401644, "operatingIncome": 464000000, "operatingIncomeRatio": 0.23831535695942477, "totalOtherIncomeExpensesNet": 81000000, "incomeBeforeTax": 379000000, "incomeBeforeTaxRatio": 0.19465844889573702, "incomeTaxExpense": 0.0, "netIncome": 224000000, "netIncomeRatio": 0.1150487930148947, "eps": 0.0, "epsdiluted": 0.0, "weightedAverageShsOut": 0.0, "weightedAverageShsOutDil": 0.0, "link": "https://www.sec.gov/Archives/edgar/data/1109357/000095013705012931/0000950137-05-012931-index.htm", "finalLink": "https://www.sec.gov/Archives/edgar/data/1109357/000095013705012931/c99199e10vq.htm"}, {"date": "2005-06-30", "symbol": "EXC", "fillingDate": "2005-07-26", "acceptedDate": "2005-07-26 16:43:41", "period": "Q2", "revenue": 1489000000, "costOfRevenue": 0.0, "grossProfit": 1489000000, "grossProfitRatio": 1.0, "researchAndDevelopmentExpenses": 0.0, "generalAndAdministrativeExpenses": 0.0, "sellingAndMarketingExpenses": 0.0, "otherExpenses": 1234000000, "operatingExpenses": 1234000000, "costAndExpenses": 1234000000, "interestExpense": 53000000, "depreciationAndAmortization": 483000000, "ebitda": 738000000, "ebitdaratio": 0.4956346541302888, "operatingIncome": 255000000, "operatingIncomeRatio": 0.1712558764271323, "totalOtherIncomeExpensesNet": 73000000, "incomeBeforeTax": 181000000, "incomeBeforeTaxRatio": 0.12155809267965077, "incomeTaxExpense": 0.0, "netIncome": 109000000, "netIncomeRatio": 0.07320349227669577, "eps": 0.0, "epsdiluted": 0.0, "weightedAverageShsOut": 0.0, "weightedAverageShsOutDil": 0.0, "link": "https://www.sec.gov/Archives/edgar/data/1109357/000095013705009106/0000950137-05-009106-index.htm", "finalLink": "https://www.sec.gov/Archives/edgar/data/1109357/000095013705009106/c96768e10vq.htm"}, {"date": "2005-03-31", "symbol": "EXC", "fillingDate": "2005-04-26", "acceptedDate": "2005-04-26 16:32:41", "period": "Q1", "revenue": 1386000000, "costOfRevenue": 0.0, "grossProfit": 1386000000, "grossProfitRatio": 1.0, "researchAndDevelopmentExpenses": 0.0, "generalAndAdministrativeExpenses": 0.0, "sellingAndMarketingExpenses": 0.0, "otherExpenses": 1198000000, "operatingExpenses": 1198000000, "costAndExpenses": 1198000000, "interestExpense": 49000000, "depreciationAndAmortization": 478000000, "ebitda": 666000000, "ebitdaratio": 0.4805194805194805, "operatingIncome": 188000000, "operatingIncomeRatio": 0.13564213564213565, "totalOtherIncomeExpensesNet": 78000000, "incomeBeforeTax": 116000000, "incomeBeforeTaxRatio": 0.0836940836940837, "incomeTaxExpense": 0.0, "netIncome": 70000000, "netIncomeRatio": 0.050505050505050504, "eps": 0.0, "epsdiluted": 0.0, "weightedAverageShsOut": 0.0, "weightedAverageShsOutDil": 0.0, "link": "https://www.sec.gov/Archives/edgar/data/1109357/000095013705004909/0000950137-05-004909-index.htm", "finalLink": "https://www.sec.gov/Archives/edgar/data/1109357/000095013705004909/c94434e10vq.htm"}, {"date": "2004-12-31", "symbol": "EXC", "fillingDate": "2005-02-23", "acceptedDate": "2005-02-23 16:24:27", "period": "FY", "revenue": 1345000000, "costOfRevenue": 0.0, "grossProfit": 1345000000, "grossProfitRatio": 1.0, "researchAndDevelopmentExpenses": 0.0, "generalAndAdministrativeExpenses": 0.0, "sellingAndMarketingExpenses": 0.0, "otherExpenses": 975000000, "operatingExpenses": 975000000, "costAndExpenses": 975000000, "interestExpense": 55000000, "depreciationAndAmortization": 101000000, "ebitda": 471000000, "ebitdaratio": 0.35018587360594794, "operatingIncome": 370000000, "operatingIncomeRatio": 0.275092936802974, "totalOtherIncomeExpensesNet": 72000000, "incomeBeforeTax": 271000000, "incomeBeforeTaxRatio": 0.20148698884758365, "incomeTaxExpense": 0.0, "netIncome": 165000000, "netIncomeRatio": 0.12267657992565056, "eps": 0.0, "epsdiluted": 0.0, "weightedAverageShsOut": 0.0, "weightedAverageShsOutDil": 0.0, "link": "https://www.sec.gov/Archives/edgar/data/1109357/000119312505035141/0001193125-05-035141-index.htm", "finalLink": "https://www.sec.gov/Archives/edgar/data/1109357/000119312505035141/d10k.htm"}, {"date": "2004-09-30", "symbol": "EXC", "fillingDate": "2004-10-27", "acceptedDate": "2004-10-27 16:37:13", "period": "Q3", "revenue": 1719000000, "costOfRevenue": 0.0, "grossProfit": 1719000000, "grossProfitRatio": 1.0, "researchAndDevelopmentExpenses": 0.0, "generalAndAdministrativeExpenses": 0.0, "sellingAndMarketingExpenses": 0.0, "otherExpenses": 1309000000, "operatingExpenses": 1309000000, "costAndExpenses": 1309000000, "interestExpense": 59000000, "depreciationAndAmortization": 104000000, "ebitda": 514000000, "ebitdaratio": 0.2990110529377545, "operatingIncome": 410000000, "operatingIncomeRatio": 0.2385107620709715, "totalOtherIncomeExpensesNet": 68000000, "incomeBeforeTax": 219000000, "incomeBeforeTaxRatio": 0.1273996509598604, "incomeTaxExpense": 0.0, "netIncome": 123000000, "netIncomeRatio": 0.07155322862129145, "eps": 0.0, "epsdiluted": 0.0, "weightedAverageShsOut": 0.0, "weightedAverageShsOutDil": 0.0, "link": "https://www.sec.gov/Archives/edgar/data/1109357/000095013704009058/0000950137-04-009058-index.htm", "finalLink": "https://www.sec.gov/Archives/edgar/data/1109357/000095013704009058/c89055e10vq.htm"}, {"date": "2004-06-30", "symbol": "EXC", "fillingDate": "2004-07-28", "acceptedDate": "2004-07-28 16:26:22", "period": "Q2", "revenue": 1403000000, "costOfRevenue": 0.0, "grossProfit": 1403000000, "grossProfitRatio": 1.0, "researchAndDevelopmentExpenses": 0.0, "generalAndAdministrativeExpenses": 0.0, "sellingAndMarketingExpenses": 0.0, "otherExpenses": 971000000, "operatingExpenses": 971000000, "costAndExpenses": 971000000, "interestExpense": 68000000, "depreciationAndAmortization": 103000000, "ebitda": 535000000, "ebitdaratio": 0.38132573057733427, "operatingIncome": 432000000, "operatingIncomeRatio": 0.30791161796151106, "totalOtherIncomeExpensesNet": 72000000, "incomeBeforeTax": 338000000, "incomeBeforeTaxRatio": 0.24091233071988596, "incomeTaxExpense": 0.0, "netIncome": 206000000, "netIncomeRatio": 0.14682822523164646, "eps": 0.0, "epsdiluted": 0.0, "weightedAverageShsOut": 0.0, "weightedAverageShsOutDil": 0.0, "link": "https://www.sec.gov/Archives/edgar/data/1109357/000095013704005924/0000950137-04-005924-index.htm", "finalLink": "https://www.sec.gov/Archives/edgar/data/1109357/000095013704005924/c86837e10vq.htm"}, {"date": "2004-03-31", "symbol": "EXC", "fillingDate": "2004-04-28", "acceptedDate": "2004-04-28 17:28:41", "period": "Q1", "revenue": 1336000000, "costOfRevenue": 0.0, "grossProfit": 1336000000, "grossProfitRatio": 1.0, "researchAndDevelopmentExpenses": 0.0, "generalAndAdministrativeExpenses": 0.0, "sellingAndMarketingExpenses": 0.0, "otherExpenses": 931000000, "operatingExpenses": 931000000, "costAndExpenses": 931000000, "interestExpense": 76000000, "depreciationAndAmortization": 102000000, "ebitda": 507000000, "ebitdaratio": 0.37949101796407186, "operatingIncome": 405000000, "operatingIncomeRatio": 0.3031437125748503, "totalOtherIncomeExpensesNet": 79000000, "incomeBeforeTax": 305000000, "incomeBeforeTaxRatio": 0.2282934131736527, "incomeTaxExpense": 0.0, "netIncome": 182000000, "netIncomeRatio": 0.13622754491017963, "eps": 0.0, "epsdiluted": 0.0, "weightedAverageShsOut": 0.0, "weightedAverageShsOutDil": 0.0, "link": "https://www.sec.gov/Archives/edgar/data/1109357/000095013704003290/0000950137-04-003290-index.htm", "finalLink": "https://www.sec.gov/Archives/edgar/data/1109357/000095013704003290/c84849e10vq.htm"}, {"date": "2003-12-31", "symbol": "EXC", "fillingDate": "2004-02-20", "acceptedDate": "2004-02-20 15:28:14", "period": "FY", "revenue": 1481000000, "costOfRevenue": 326000000, "grossProfit": 1155000000, "grossProfitRatio": 0.7798784604996624, "researchAndDevelopmentExpenses": 0.0, "generalAndAdministrativeExpenses": 0.0, "sellingAndMarketingExpenses": 0.0, "otherExpenses": 1007000000, "operatingExpenses": 1007000000, "costAndExpenses": 681000000, "interestExpense": 53000000, "depreciationAndAmortization": -70000000, "ebitda": 404000000, "ebitdaratio": 0.27278865631330185, "operatingIncome": 474000000, "operatingIncomeRatio": 0.3200540175557056, "totalOtherIncomeExpensesNet": 23000000, "incomeBeforeTax": 422000000, "incomeBeforeTaxRatio": 0.2849426063470628, "incomeTaxExpense": 0.0, "netIncome": 221000000, "netIncomeRatio": 0.14922349763673193, "eps": 0.0, "epsdiluted": 0.0, "weightedAverageShsOut": 0.0, "weightedAverageShsOutDil": 0.0, "link": "https://www.sec.gov/Archives/edgar/data/1109357/000119312504027301/0001193125-04-027301-index.htm", "finalLink": "https://www.sec.gov/Archives/edgar/data/1109357/000119312504027301/d10k.htm"}, {"date": "2002-12-31", "symbol": "EXC", "fillingDate": "2003-03-21", "acceptedDate": "2003-03-21 17:21:20", "period": "FY", "revenue": 4333000000, "costOfRevenue": 348000000, "grossProfit": 3985000000, "grossProfitRatio": 0.9196861297022848, "researchAndDevelopmentExpenses": 0.0, "generalAndAdministrativeExpenses": 0.0, "sellingAndMarketingExpenses": 0.0, "otherExpenses": 3240000000, "operatingExpenses": 3240000000, "costAndExpenses": 3588000000, "interestExpense": 370000000, "depreciationAndAmortization": -218000000, "ebitda": 875000000, "ebitdaratio": 0.20193861066235863, "operatingIncome": 1093000000, "operatingIncomeRatio": 0.25225017309023773, "totalOtherIncomeExpensesNet": 244000000, "incomeBeforeTax": 745000000, "incomeBeforeTaxRatio": 0.1719363027925225, "incomeTaxExpense": 0.0, "netIncome": 486000000, "netIncomeRatio": 0.11216247403646434, "eps": 0.0, "epsdiluted": 0.0, "weightedAverageShsOut": 0.0, "weightedAverageShsOutDil": 0.0, "link": "https://www.sec.gov/Archives/edgar/data/1109357/000104746903009677/0001047469-03-009677-index.htm", "finalLink": "https://www.sec.gov/Archives/edgar/data/1109357/000104746903009677/a2105664z10-k.htm"}, {"date": "2002-09-30", "symbol": "EXC", "fillingDate": "2002-10-31", "acceptedDate": "2002-10-31 17:27:08", "period": "Q3", "revenue": 7048000000, "costOfRevenue": 4093000000, "grossProfit": 2955000000, "grossProfitRatio": 0.4192678774120318, "researchAndDevelopmentExpenses": 0.0, "generalAndAdministrativeExpenses": 0.0, "sellingAndMarketingExpenses": 0.0, "otherExpenses": 6176000000, "operatingExpenses": 6176000000, "costAndExpenses": 10269000000, "interestExpense": 115000000, "depreciationAndAmortization": 0.0, "ebitda": 872000000, "ebitdaratio": 0.12372304199772985, "operatingIncome": 872000000, "operatingIncomeRatio": 0.12372304199772985, "totalOtherIncomeExpensesNet": 149000000, "incomeBeforeTax": 839000000, "incomeBeforeTaxRatio": 0.11904086265607264, "incomeTaxExpense": 0.0, "netIncome": 524000000, "netIncomeRatio": 0.07434733257661748, "eps": 0.0, "epsdiluted": 0.0, "weightedAverageShsOut": 0.0, "weightedAverageShsOutDil": 0.0, "link": "https://www.sec.gov/Archives/edgar/data/1109357/000095015902000647/0000950159-02-000647-index.htm", "finalLink": "https://www.sec.gov/Archives/edgar/data/1109357/000095015902000647/exelon10q9-02.txt"}, {"date": "2002-06-30", "symbol": "EXC", "fillingDate": "2002-08-06", "acceptedDate": "2002-08-06 16:24:26", "period": "Q2", "revenue": 7048000000, "costOfRevenue": 4093000000, "grossProfit": 2955000000, "grossProfitRatio": 0.4192678774120318, "researchAndDevelopmentExpenses": 0.0, "generalAndAdministrativeExpenses": 0.0, "sellingAndMarketingExpenses": 0.0, "otherExpenses": 6176000000, "operatingExpenses": 6176000000, "costAndExpenses": 10269000000, "interestExpense": 115000000, "depreciationAndAmortization": 0.0, "ebitda": 872000000, "ebitdaratio": 0.12372304199772985, "operatingIncome": 872000000, "operatingIncomeRatio": 0.12372304199772985, "totalOtherIncomeExpensesNet": 149000000, "incomeBeforeTax": 839000000, "incomeBeforeTaxRatio": 0.11904086265607264, "incomeTaxExpense": 0.0, "netIncome": 524000000, "netIncomeRatio": 0.07434733257661748, "eps": 0.0, "epsdiluted": 0.0, "weightedAverageShsOut": 0.0, "weightedAverageShsOutDil": 0.0, "link": "https://www.sec.gov/Archives/edgar/data/1109357/000095015902000470/0000950159-02-000470-index.htm", "finalLink": "https://www.sec.gov/Archives/edgar/data/1109357/000095015902000470/exelon10q6-02.txt"}]