[{"date": "2020-03-21", "symbol": "PEP", "fillingDate": "2020-04-28", "acceptedDate": "2020-04-28 06:03:50", "period": "Q1", "revenue": 13881000000, "costOfRevenue": 6127000000, "grossProfit": 7754000000, "grossProfitRatio": 0.5586052878034724, "researchAndDevelopmentExpenses": 0.0, "generalAndAdministrativeExpenses": 5830000000, "sellingAndMarketingExpenses": 0.0, "otherExpenses": -290000000, "operatingExpenses": 5830000000, "costAndExpenses": 11957000000, "interestExpense": 0.0, "depreciationAndAmortization": 533000000, "ebitda": 2457000000, "ebitdaratio": 0.177004538578, "operatingIncome": 1924000000, "operatingIncomeRatio": 0.138606728622, "totalOtherIncomeExpensesNet": 77000000, "incomeBeforeTax": 1711000000, "incomeBeforeTaxRatio": 0.123262012823, "incomeTaxExpense": 360000000, "netIncome": 1338000000, "netIncomeRatio": 0.096390749946, "eps": 0.96, "epsdiluted": 0.96, "weightedAverageShsOut": 1390000000, "weightedAverageShsOutDil": 1396000000, "link": "https://www.sec.gov/Archives/edgar/data/77476/000007747620000041/0000077476-20-000041-index.htm", "finalLink": "https://www.sec.gov/Archives/edgar/data/77476/000007747620000041/pepsicoq1-10xq2020.htm"}, {"date": "2019-12-28", "symbol": "PEP", "fillingDate": "2020-02-13", "acceptedDate": "2020-02-13 06:09:23", "period": "FY", "revenue": 20640000000, "costOfRevenue": 9346000000, "grossProfit": 11294000000, "grossProfitRatio": 0.5471899224806202, "researchAndDevelopmentExpenses": 711000000, "generalAndAdministrativeExpenses": 8595000000, "sellingAndMarketingExpenses": 0.0, "otherExpenses": -44000000, "operatingExpenses": 9306000000, "costAndExpenses": 18652000000, "interestExpense": 345000000, "depreciationAndAmortization": 798000000, "ebitda": 3497000000, "ebitdaratio": 0.169428294574, "operatingIncome": 2699000000, "operatingIncomeRatio": 0.130765503876, "totalOtherIncomeExpensesNet": -82000000, "incomeBeforeTax": 2208000000, "incomeBeforeTaxRatio": 0.106976744186, "incomeTaxExpense": 430000000, "netIncome": 1766000000, "netIncomeRatio": 0.0855620155039, "eps": 1.27, "epsdiluted": 1.26, "weightedAverageShsOut": 1399000000, "weightedAverageShsOutDil": 1407000000, "link": "https://www.sec.gov/Archives/edgar/data/77476/000007747620000015/0000077476-20-000015-index.htm", "finalLink": "https://www.sec.gov/Archives/edgar/data/77476/000007747620000015/pepsico201910-k.htm"}, {"date": "2019-09-07", "symbol": "PEP", "fillingDate": "2019-10-03", "acceptedDate": "2019-10-03 06:03:29", "period": "Q3", "revenue": 17188000000, "costOfRevenue": 7694000000, "grossProfit": 9494000000, "grossProfitRatio": 0.5523621131021643, "researchAndDevelopmentExpenses": 0.0, "generalAndAdministrativeExpenses": 6639000000, "sellingAndMarketingExpenses": 0.0, "otherExpenses": 0.0, "operatingExpenses": 6639000000, "costAndExpenses": 14333000000, "interestExpense": 262000000, "depreciationAndAmortization": 578000000, "ebitda": 3433000000, "ebitdaratio": 0.199732371422, "operatingIncome": 2855000000, "operatingIncomeRatio": 0.166104258785, "totalOtherIncomeExpensesNet": -23000000, "incomeBeforeTax": 2669000000, "incomeBeforeTaxRatio": 0.155282755411, "incomeTaxExpense": 559000000, "netIncome": 2100000000, "netIncomeRatio": 0.122178263905, "eps": 1.5, "epsdiluted": 1.5, "weightedAverageShsOut": 1401000000, "weightedAverageShsOutDil": 1409000000, "link": "https://www.sec.gov/Archives/edgar/data/77476/000007747619000093/0000077476-19-000093-index.htm", "finalLink": "https://www.sec.gov/Archives/edgar/data/77476/000007747619000093/pepsicoq3-10xq2019.htm"}, {"date": "2019-06-15", "symbol": "PEP", "fillingDate": "2019-07-09", "acceptedDate": "2019-07-09 06:07:54", "period": "Q2", "revenue": 16449000000, "costOfRevenue": 7404000000, "grossProfit": 9045000000, "grossProfitRatio": 0.5498814517599854, "researchAndDevelopmentExpenses": 0.0, "generalAndAdministrativeExpenses": 6316000000, "sellingAndMarketingExpenses": 0.0, "otherExpenses": 0.0, "operatingExpenses": 6316000000, "costAndExpenses": 13720000000, "interestExpense": 261000000, "depreciationAndAmortization": 558000000, "ebitda": 3287000000, "ebitdaratio": 0.199829776886, "operatingIncome": 2729000000, "operatingIncomeRatio": 0.165906742051, "totalOtherIncomeExpensesNet": -3000000.0, "incomeBeforeTax": 2567000000, "incomeBeforeTaxRatio": 0.156058119035, "incomeTaxExpense": 524000000, "netIncome": 2035000000, "netIncomeRatio": 0.1237157274, "eps": 1.45, "epsdiluted": 1.44, "weightedAverageShsOut": 1403000000, "weightedAverageShsOutDil": 1411000000, "link": "https://www.sec.gov/Archives/edgar/data/77476/000007747619000070/0000077476-19-000070-index.htm", "finalLink": "https://www.sec.gov/Archives/edgar/data/77476/000007747619000070/pepsicoq2-10xq2019.htm"}, {"date": "2019-03-23", "symbol": "PEP", "fillingDate": "2019-04-17", "acceptedDate": "2019-04-17 06:03:08", "period": "Q1", "revenue": 12884000000, "costOfRevenue": 5688000000, "grossProfit": 7196000000, "grossProfitRatio": 0.5585221980751319, "researchAndDevelopmentExpenses": 0.0, "generalAndAdministrativeExpenses": 5188000000, "sellingAndMarketingExpenses": 0.0, "otherExpenses": 0.0, "operatingExpenses": 5188000000, "costAndExpenses": 10876000000, "interestExpense": 267000000, "depreciationAndAmortization": 498000000, "ebitda": 2506000000, "ebitdaratio": 0.19450481217, "operatingIncome": 2008000000, "operatingIncomeRatio": 0.155852219808, "totalOtherIncomeExpensesNet": 64000000, "incomeBeforeTax": 1868000000, "incomeBeforeTaxRatio": 0.144986029183, "incomeTaxExpense": 446000000, "netIncome": 1413000000, "netIncomeRatio": 0.109670909655, "eps": 1.01, "epsdiluted": 1.0, "weightedAverageShsOut": 1406000000, "weightedAverageShsOutDil": 1413000000, "link": "https://www.sec.gov/Archives/edgar/data/77476/000007747619000038/0000077476-19-000038-index.htm", "finalLink": "https://www.sec.gov/Archives/edgar/data/77476/000007747619000038/pepsicoq1-10xq2019.htm"}, {"date": "2018-12-29", "symbol": "PEP", "fillingDate": "2019-02-15", "acceptedDate": "2019-02-15 16:23:02", "period": "FY", "revenue": 19524000000, "costOfRevenue": 8936000000, "grossProfit": 10588000000, "grossProfitRatio": 0.5423069043228846, "researchAndDevelopmentExpenses": 680000000, "generalAndAdministrativeExpenses": 8157000000, "sellingAndMarketingExpenses": 0.0, "otherExpenses": 298000000, "operatingExpenses": 8837000000, "costAndExpenses": 17773000000, "interestExpense": 621000000, "depreciationAndAmortization": 763000000, "ebitda": 3194000000, "ebitdaratio": 0.163593525917, "operatingIncome": 2431000000, "operatingIncomeRatio": 0.124513419381, "totalOtherIncomeExpensesNet": 224000000, "incomeBeforeTax": 1935000000, "incomeBeforeTaxRatio": 0.0991087891825, "incomeTaxExpense": -3558000000, "netIncome": 6854000000, "netIncomeRatio": 0.351055111657, "eps": 4.85, "epsdiluted": 4.81, "weightedAverageShsOut": 1415000000, "weightedAverageShsOutDil": 1425000000, "link": "https://www.sec.gov/Archives/edgar/data/77476/000007747619000017/0000077476-19-000017-index.htm", "finalLink": "https://www.sec.gov/Archives/edgar/data/77476/000007747619000017/pepsico201810-k.htm"}, {"date": "2018-09-08", "symbol": "PEP", "fillingDate": "2018-10-02", "acceptedDate": "2018-10-02 16:20:04", "period": "Q3", "revenue": 16485000000, "costOfRevenue": 7527000000, "grossProfit": 8958000000, "grossProfitRatio": 0.543403093721565, "researchAndDevelopmentExpenses": 0.0, "generalAndAdministrativeExpenses": 6114000000, "sellingAndMarketingExpenses": 0.0, "otherExpenses": 0.0, "operatingExpenses": 6114000000, "costAndExpenses": 13641000000, "interestExpense": 302000000, "depreciationAndAmortization": 566000000, "ebitda": 3410000000, "ebitdaratio": 0.206854716409, "operatingIncome": 2844000000, "operatingIncomeRatio": 0.172520473157, "totalOtherIncomeExpensesNet": -8000000.0, "incomeBeforeTax": 2697000000, "incomeBeforeTaxRatio": 0.163603275705, "incomeTaxExpense": 188000000, "netIncome": 2498000000, "netIncomeRatio": 0.151531695481, "eps": 1.76, "epsdiluted": 1.76, "weightedAverageShsOut": 1417000000, "weightedAverageShsOutDil": 1427000000, "link": "https://www.sec.gov/Archives/edgar/data/77476/000007747618000076/0000077476-18-000076-index.htm", "finalLink": "https://www.sec.gov/Archives/edgar/data/77476/000007747618000076/pepsicoq3-10xq982018.htm"}, {"date": "2018-06-16", "symbol": "PEP", "fillingDate": "2018-07-10", "acceptedDate": "2018-07-10 16:17:24", "period": "Q2", "revenue": 16090000000, "costOfRevenue": 7263000000, "grossProfit": 8827000000, "grossProfitRatio": 0.5486016159105034, "researchAndDevelopmentExpenses": 0.0, "generalAndAdministrativeExpenses": 5799000000, "sellingAndMarketingExpenses": 0.0, "otherExpenses": 0.0, "operatingExpenses": 5799000000, "costAndExpenses": 13062000000, "interestExpense": 308000000, "depreciationAndAmortization": 574000000, "ebitda": 3602000000, "ebitdaratio": 0.223865755127, "operatingIncome": 3028000000, "operatingIncomeRatio": 0.188191423244, "totalOtherIncomeExpensesNet": 7000000.0, "incomeBeforeTax": 2900000000, "incomeBeforeTaxRatio": 0.180236171535, "incomeTaxExpense": 1070000000, "netIncome": 1820000000, "netIncomeRatio": 0.113113735239, "eps": 1.29, "epsdiluted": 1.27, "weightedAverageShsOut": 1418000000, "weightedAverageShsOutDil": 1428000000, "link": "https://www.sec.gov/Archives/edgar/data/77476/000007747618000055/0000077476-18-000055-index.htm", "finalLink": "https://www.sec.gov/Archives/edgar/data/77476/000007747618000055/pepsicoq2-10xq6162018.htm"}, {"date": "2018-03-24", "symbol": "PEP", "fillingDate": "2018-04-26", "acceptedDate": "2018-04-26 16:22:42", "period": "Q1", "revenue": 12562000000, "costOfRevenue": 5655000000, "grossProfit": 6907000000, "grossProfitRatio": 0.54983282916733, "researchAndDevelopmentExpenses": 0.0, "generalAndAdministrativeExpenses": 5100000000, "sellingAndMarketingExpenses": 0.0, "otherExpenses": 0.0, "operatingExpenses": 5100000000, "costAndExpenses": 10755000000, "interestExpense": 294000000, "depreciationAndAmortization": 496000000, "ebitda": 2303000000, "ebitdaratio": 0.183330679828, "operatingIncome": 1807000000, "operatingIncomeRatio": 0.143846521255, "totalOtherIncomeExpensesNet": 75000000, "incomeBeforeTax": 1657000000, "incomeBeforeTaxRatio": 0.131905747492, "incomeTaxExpense": 304000000, "netIncome": 1343000000, "netIncomeRatio": 0.10690972775, "eps": 0.94, "epsdiluted": 0.94, "weightedAverageShsOut": 1420000000, "weightedAverageShsOutDil": 1430000000, "link": "https://www.sec.gov/Archives/edgar/data/77476/000007747618000032/0000077476-18-000032-index.htm", "finalLink": "https://www.sec.gov/Archives/edgar/data/77476/000007747618000032/pepsicoq1-10xq3242018.htm"}, {"date": "2017-12-30", "symbol": "PEP", "fillingDate": "2018-02-13", "acceptedDate": "2018-02-13 16:32:31", "period": "FY", "revenue": 19526000000, "costOfRevenue": 9077000000, "grossProfit": 10449000000, "grossProfitRatio": 0.5351326436546143, "researchAndDevelopmentExpenses": 737000000, "generalAndAdministrativeExpenses": 7901000000, "sellingAndMarketingExpenses": 0.0, "otherExpenses": 0.0, "operatingExpenses": 8593000000, "costAndExpenses": 17670000000, "interestExpense": 365000000, "depreciationAndAmortization": 765000000, "ebitda": 3358000000, "ebitdaratio": 0.171975827102, "operatingIncome": 2593000000, "operatingIncomeRatio": 0.132797295913, "totalOtherIncomeExpensesNet": 192000000, "incomeBeforeTax": 2331000000, "incomeBeforeTaxRatio": 0.119379289153, "incomeTaxExpense": 3026000000, "netIncome": 2752000000, "netIncomeRatio": 0.0582002749286243, "eps": -0.5, "epsdiluted": -0.49, "weightedAverageShsOut": 1425000000, "weightedAverageShsOutDil": 1438000000, "link": "https://www.sec.gov/Archives/edgar/data/77476/000007747618000012/0000077476-18-000012-index.htm", "finalLink": "https://www.sec.gov/Archives/edgar/data/77476/000007747618000012/pepsico201710-k.htm"}, {"date": "2017-09-09", "symbol": "PEP", "fillingDate": "2017-10-04", "acceptedDate": "2017-10-04 16:26:06", "period": "Q3", "revenue": 16240000000, "costOfRevenue": 7366000000, "grossProfit": 8874000000, "grossProfitRatio": 0.5464285714285714, "researchAndDevelopmentExpenses": 0.0, "generalAndAdministrativeExpenses": 5865000000, "sellingAndMarketingExpenses": 0.0, "otherExpenses": 0.0, "operatingExpenses": 5881000000, "costAndExpenses": 13247000000, "interestExpense": 269000000, "depreciationAndAmortization": 573000000, "ebitda": 3566000000, "ebitdaratio": 0.219581280788, "operatingIncome": 2993000000, "operatingIncomeRatio": 0.184298029557, "totalOtherIncomeExpensesNet": 3000000.0, "incomeBeforeTax": 2776000000, "incomeBeforeTaxRatio": 0.170935960591, "incomeTaxExpense": 620000000, "netIncome": 2144000000, "netIncomeRatio": 0.132019704433, "eps": 1.5, "epsdiluted": 1.49, "weightedAverageShsOut": 1427000000, "weightedAverageShsOutDil": 1440000000, "link": "https://www.sec.gov/Archives/edgar/data/77476/000007747617000048/0000077476-17-000048-index.htm", "finalLink": "https://www.sec.gov/Archives/edgar/data/77476/000007747617000048/pepsicoq3-10xq992017.htm"}, {"date": "2017-06-17", "symbol": "PEP", "fillingDate": "2017-07-11", "acceptedDate": "2017-07-11 16:19:57", "period": "Q2", "revenue": 15710000000, "costOfRevenue": 7056000000, "grossProfit": 8654000000, "grossProfitRatio": 0.5508593252705283, "researchAndDevelopmentExpenses": 0.0, "generalAndAdministrativeExpenses": 5648000000, "sellingAndMarketingExpenses": 0.0, "otherExpenses": 0.0, "operatingExpenses": 5664000000, "costAndExpenses": 12720000000, "interestExpense": 265000000, "depreciationAndAmortization": 554000000, "ebitda": 3544000000, "ebitdaratio": 0.225588796945, "operatingIncome": 2990000000, "operatingIncomeRatio": 0.190324633991, "totalOtherIncomeExpensesNet": 9000000.0, "incomeBeforeTax": 2774000000, "incomeBeforeTaxRatio": 0.176575429663, "incomeTaxExpense": 656000000, "netIncome": 2105000000, "netIncomeRatio": 0.133991088479, "eps": 1.48, "epsdiluted": 1.47, "weightedAverageShsOut": 1428000000, "weightedAverageShsOutDil": 1441000000, "link": "https://www.sec.gov/Archives/edgar/data/77476/000007747617000033/0000077476-17-000033-index.htm", "finalLink": "https://www.sec.gov/Archives/edgar/data/77476/000007747617000033/pepsicoq2-10xq6172017.htm"}, {"date": "2017-03-25", "symbol": "PEP", "fillingDate": "2017-04-26", "acceptedDate": "2017-04-26 16:24:16", "period": "Q1", "revenue": 12049000000, "costOfRevenue": 5286000000, "grossProfit": 6763000000, "grossProfitRatio": 0.561291393476637, "researchAndDevelopmentExpenses": 0.0, "generalAndAdministrativeExpenses": 4817000000, "sellingAndMarketingExpenses": 0.0, "otherExpenses": 0.0, "operatingExpenses": 4830000000, "costAndExpenses": 10116000000, "interestExpense": 252000000, "depreciationAndAmortization": 477000000, "ebitda": 2410000000, "ebitdaratio": 0.200016598888, "operatingIncome": 1933000000, "operatingIncomeRatio": 0.160428251307, "totalOtherIncomeExpensesNet": 40000000, "incomeBeforeTax": 1721000000, "incomeBeforeTaxRatio": 0.14283343016, "incomeTaxExpense": 392000000, "netIncome": 1318000000, "netIncomeRatio": 0.109386671093, "eps": 0.92, "epsdiluted": 0.91, "weightedAverageShsOut": 1428000000, "weightedAverageShsOutDil": 1440000000, "link": "https://www.sec.gov/Archives/edgar/data/77476/000007747617000017/0000077476-17-000017-index.htm", "finalLink": "https://www.sec.gov/Archives/edgar/data/77476/000007747617000017/pepsicoq1-10xq3252017.htm"}, {"date": "2016-12-31", "symbol": "PEP", "fillingDate": "2017-02-15", "acceptedDate": "2017-02-15 16:35:15", "period": "FY", "revenue": 19515000000, "costOfRevenue": 8944000000, "grossProfit": 10571000000, "grossProfitRatio": 0.5416858826543685, "researchAndDevelopmentExpenses": 760000000, "generalAndAdministrativeExpenses": 8169000000, "sellingAndMarketingExpenses": 0.0, "otherExpenses": 0.0, "operatingExpenses": 8950000000, "costAndExpenses": 17894000000, "interestExpense": 594000000, "depreciationAndAmortization": 757000000, "ebitda": 3138000000, "ebitdaratio": 0.160799385088, "operatingIncome": 2381000000, "operatingIncomeRatio": 0.122008711248, "totalOtherIncomeExpensesNet": 80000000, "incomeBeforeTax": 1831000000, "incomeBeforeTaxRatio": 0.0938252626185, "incomeTaxExpense": 414000000, "netIncome": 1401000000, "netIncomeRatio": 0.0717909300538, "eps": 0.98, "epsdiluted": 0.97, "weightedAverageShsOut": 1439000000, "weightedAverageShsOutDil": 1452000000, "link": "https://www.sec.gov/Archives/edgar/data/77476/000007747617000010/0000077476-17-000010-index.htm", "finalLink": "https://www.sec.gov/Archives/edgar/data/77476/000007747617000010/pepsico201610-k.htm"}, {"date": "2016-09-03", "symbol": "PEP", "fillingDate": "2016-09-29", "acceptedDate": "2016-09-29 16:20:07", "period": "Q3", "revenue": 16027000000, "costOfRevenue": 7284000000, "grossProfit": 8743000000, "grossProfitRatio": 0.5455169401634742, "researchAndDevelopmentExpenses": 0.0, "generalAndAdministrativeExpenses": 5904000000, "sellingAndMarketingExpenses": 0.0, "otherExpenses": 0.0, "operatingExpenses": 5922000000, "costAndExpenses": 13206000000, "interestExpense": 247000000, "depreciationAndAmortization": 567000000, "ebitda": 3388000000, "ebitdaratio": 0.21139327385, "operatingIncome": 2821000000, "operatingIncomeRatio": 0.176015473888, "totalOtherIncomeExpensesNet": 8000000.0, "incomeBeforeTax": 2604000000, "incomeBeforeTaxRatio": 0.16247582205, "incomeTaxExpense": 600000000, "netIncome": 1992000000, "netIncomeRatio": 0.124290260186, "eps": 1.38, "epsdiluted": 1.38, "weightedAverageShsOut": 1443000000, "weightedAverageShsOutDil": 1456000000, "link": "https://www.sec.gov/Archives/edgar/data/77476/000007747616000107/0000077476-16-000107-index.htm", "finalLink": "https://www.sec.gov/Archives/edgar/data/77476/000007747616000107/pepsicoq3-10xq932016.htm"}, {"date": "2016-06-11", "symbol": "PEP", "fillingDate": "2016-07-07", "acceptedDate": "2016-07-07 16:20:31", "period": "Q2", "revenue": 15395000000, "costOfRevenue": 6830000000, "grossProfit": 8565000000, "grossProfitRatio": 0.5563494641117246, "researchAndDevelopmentExpenses": 0.0, "generalAndAdministrativeExpenses": 5584000000, "sellingAndMarketingExpenses": 0.0, "otherExpenses": 0.0, "operatingExpenses": 5601000000, "costAndExpenses": 12431000000, "interestExpense": 255000000, "depreciationAndAmortization": 563000000, "ebitda": 3527000000, "ebitdaratio": 0.229100357259, "operatingIncome": 2964000000, "operatingIncomeRatio": 0.192530042222, "totalOtherIncomeExpensesNet": 8000000.0, "incomeBeforeTax": 2731000000, "incomeBeforeTaxRatio": 0.177395258201, "incomeTaxExpense": 718000000, "netIncome": 2005000000, "netIncomeRatio": 0.130237089964, "eps": 1.39, "epsdiluted": 1.37, "weightedAverageShsOut": 1445000000, "weightedAverageShsOutDil": 1458000000, "link": "https://www.sec.gov/Archives/edgar/data/77476/000007747616000094/0000077476-16-000094-index.htm", "finalLink": "https://www.sec.gov/Archives/edgar/data/77476/000007747616000094/pepsicoq2-10xq6112016.htm"}, {"date": "2016-03-19", "symbol": "PEP", "fillingDate": "2016-04-18", "acceptedDate": "2016-04-18 16:09:39", "period": "Q1", "revenue": 11862000000, "costOfRevenue": 5151000000, "grossProfit": 6711000000, "grossProfitRatio": 0.565756196256955, "researchAndDevelopmentExpenses": 0.0, "generalAndAdministrativeExpenses": 5078000000, "sellingAndMarketingExpenses": 0.0, "otherExpenses": 0.0, "operatingExpenses": 5092000000, "costAndExpenses": 10243000000, "interestExpense": 246000000, "depreciationAndAmortization": 481000000, "ebitda": 2100000000, "ebitdaratio": 0.177035912999, "operatingIncome": 1619000000, "operatingIncomeRatio": 0.136486258641, "totalOtherIncomeExpensesNet": 14000000, "incomeBeforeTax": 1387000000, "incomeBeforeTaxRatio": 0.116928005395, "incomeTaxExpense": 442000000, "netIncome": 931000000, "netIncomeRatio": 0.0784859214298, "eps": 0.64, "epsdiluted": 0.64, "weightedAverageShsOut": 1446000000, "weightedAverageShsOutDil": 1459000000, "link": "https://www.sec.gov/Archives/edgar/data/77476/000007747616000074/0000077476-16-000074-index.htm", "finalLink": "https://www.sec.gov/Archives/edgar/data/77476/000007747616000074/pepsicoq1-10xq3192016.htm"}, {"date": "2015-12-26", "symbol": "PEP", "fillingDate": "2016-02-11", "acceptedDate": "2016-02-11 16:40:10", "period": "FY", "revenue": 18585000000, "costOfRevenue": 8380000000, "grossProfit": 10205000000, "grossProfitRatio": 0.5490987355394135, "researchAndDevelopmentExpenses": 754000000, "generalAndAdministrativeExpenses": 7943000000, "sellingAndMarketingExpenses": 0.0, "otherExpenses": 0.0, "operatingExpenses": 8719000000, "costAndExpenses": 17099000000, "interestExpense": 317000000, "depreciationAndAmortization": 772000000, "ebitda": 3012000000, "ebitdaratio": 0.162066182405, "operatingIncome": 2240000000, "operatingIncomeRatio": 0.120527306968, "totalOtherIncomeExpensesNet": 57000000, "incomeBeforeTax": 1951000000, "incomeBeforeTaxRatio": 0.104977132096, "incomeTaxExpense": 218000000, "netIncome": 1718000000, "netIncomeRatio": 0.0924401398978, "eps": 1.18, "epsdiluted": 1.17, "weightedAverageShsOut": 1469000000, "weightedAverageShsOutDil": 1485000000, "link": "https://www.sec.gov/Archives/edgar/data/77476/000007747616000066/0000077476-16-000066-index.htm", "finalLink": "https://www.sec.gov/Archives/edgar/data/77476/000007747616000066/pepsico201510-k.htm"}, {"date": "2015-09-05", "symbol": "PEP", "fillingDate": "2015-10-06", "acceptedDate": "2015-10-06 16:17:55", "period": "Q3", "revenue": 16331000000, "costOfRevenue": 7395000000, "grossProfit": 8936000000, "grossProfitRatio": 0.5471802094176719, "researchAndDevelopmentExpenses": 0.0, "generalAndAdministrativeExpenses": 6143000000, "sellingAndMarketingExpenses": 0.0, "otherExpenses": 0.0, "operatingExpenses": 6161000000, "costAndExpenses": 13556000000, "interestExpense": 225000000, "depreciationAndAmortization": 569000000, "ebitda": 1985000000, "ebitdaratio": 0.121547976242, "operatingIncome": 1416000000, "operatingIncomeRatio": 0.0867062641602, "totalOtherIncomeExpensesNet": -12000000, "incomeBeforeTax": 1193000000, "incomeBeforeTaxRatio": 0.0730512522197, "incomeTaxExpense": 650000000, "netIncome": 533000000, "netIncomeRatio": 0.0326373155349, "eps": 0.37, "epsdiluted": 0.36, "weightedAverageShsOut": 1475000000, "weightedAverageShsOutDil": 1492000000, "link": "https://www.sec.gov/Archives/edgar/data/77476/000007747615000050/0000077476-15-000050-index.htm", "finalLink": "https://www.sec.gov/Archives/edgar/data/77476/000007747615000050/pepsicoq3-10xq952015.htm"}, {"date": "2015-06-13", "symbol": "PEP", "fillingDate": "2015-07-09", "acceptedDate": "2015-07-09 16:16:58", "period": "Q2", "revenue": 15923000000, "costOfRevenue": 7167000000, "grossProfit": 8756000000, "grossProfitRatio": 0.5498963763109966, "researchAndDevelopmentExpenses": 0.0, "generalAndAdministrativeExpenses": 5837000000, "sellingAndMarketingExpenses": 0.0, "otherExpenses": 0.0, "operatingExpenses": 5856000000, "costAndExpenses": 13023000000, "interestExpense": 217000000, "depreciationAndAmortization": 579000000, "ebitda": 3479000000, "ebitdaratio": 0.218488978208, "operatingIncome": 2900000000, "operatingIncomeRatio": 0.182126483703, "totalOtherIncomeExpensesNet": -1000000.0, "incomeBeforeTax": 2697000000, "incomeBeforeTaxRatio": 0.169377629844, "incomeTaxExpense": 703000000, "netIncome": 1980000000, "netIncomeRatio": 0.124348426804, "eps": 1.34, "epsdiluted": 1.33, "weightedAverageShsOut": 1480000000, "weightedAverageShsOutDil": 1497000000, "link": "https://www.sec.gov/Archives/edgar/data/77476/000007747615000036/0000077476-15-000036-index.htm", "finalLink": "https://www.sec.gov/Archives/edgar/data/77476/000007747615000036/pepsicoq2-10xq6132015.htm"}, {"date": "2015-03-21", "symbol": "PEP", "fillingDate": "2015-04-23", "acceptedDate": "2015-04-23 16:25:27", "period": "Q1", "revenue": 12217000000, "costOfRevenue": 5442000000, "grossProfit": 6775000000, "grossProfitRatio": 0.5545551281001883, "researchAndDevelopmentExpenses": 0.0, "generalAndAdministrativeExpenses": 4962000000, "sellingAndMarketingExpenses": 0.0, "otherExpenses": 0.0, "operatingExpenses": 4978000000, "costAndExpenses": 10420000000, "interestExpense": 211000000, "depreciationAndAmortization": 496000000, "ebitda": 2293000000, "ebitdaratio": 0.187689285422, "operatingIncome": 1797000000, "operatingIncomeRatio": 0.147090120324, "totalOtherIncomeExpensesNet": 15000000, "incomeBeforeTax": 1601000000, "incomeBeforeTaxRatio": 0.131046901858, "incomeTaxExpense": 370000000, "netIncome": 1221000000, "netIncomeRatio": 0.0999427027912, "eps": 0.82, "epsdiluted": 0.81, "weightedAverageShsOut": 1484000000, "weightedAverageShsOutDil": 1503000000, "link": "https://www.sec.gov/Archives/edgar/data/77476/000007747615000021/0000077476-15-000021-index.htm", "finalLink": "https://www.sec.gov/Archives/edgar/data/77476/000007747615000021/pepsicoq1-10xq3212015.htm"}, {"date": "2014-12-27", "symbol": "PEP", "fillingDate": "2015-02-12", "acceptedDate": "2015-02-12 17:01:46", "period": "FY", "revenue": 19948000000, "costOfRevenue": 9364000000, "grossProfit": 10584000000, "grossProfitRatio": 0.5305795067174655, "researchAndDevelopmentExpenses": 718000000, "generalAndAdministrativeExpenses": 8526000000, "sellingAndMarketingExpenses": 0.0, "otherExpenses": 0.0, "operatingExpenses": 9271000000, "costAndExpenses": 18635000000, "interestExpense": 284000000, "depreciationAndAmortization": 831000000, "ebitda": 2862000000, "ebitdaratio": 0.143473029878, "operatingIncome": 2031000000, "operatingIncomeRatio": 0.101814718267, "totalOtherIncomeExpensesNet": 62000000, "incomeBeforeTax": 1781000000, "incomeBeforeTaxRatio": 0.0892821335472, "incomeTaxExpense": 455000000, "netIncome": 1311000000, "netIncomeRatio": 0.0657208742731, "eps": 0.88, "epsdiluted": 0.87, "weightedAverageShsOut": 1509000000, "weightedAverageShsOutDil": 1527000000, "link": "https://www.sec.gov/Archives/edgar/data/77476/000007747615000012/0000077476-15-000012-index.htm", "finalLink": "https://www.sec.gov/Archives/edgar/data/77476/000007747615000012/pepsico201410-k.htm"}, {"date": "2014-09-06", "symbol": "PEP", "fillingDate": "2014-10-09", "acceptedDate": "2014-10-09 16:19:24", "period": "Q3", "revenue": 17218000000, "costOfRevenue": 7995000000, "grossProfit": 9223000000, "grossProfitRatio": 0.5356603554419793, "researchAndDevelopmentExpenses": 0.0, "generalAndAdministrativeExpenses": 6354000000, "sellingAndMarketingExpenses": 0.0, "otherExpenses": 0.0, "operatingExpenses": 6376000000, "costAndExpenses": 14371000000, "interestExpense": 215000000, "depreciationAndAmortization": 632000000, "ebitda": 3479000000, "ebitdaratio": 0.20205598792, "operatingIncome": 2847000000, "operatingIncomeRatio": 0.165350214891, "totalOtherIncomeExpensesNet": 5000000.0, "incomeBeforeTax": 2655000000, "incomeBeforeTaxRatio": 0.154199093971, "incomeTaxExpense": 637000000, "netIncome": 2008000000, "netIncomeRatio": 0.116622139621, "eps": 1.33, "epsdiluted": 1.32, "weightedAverageShsOut": 1515000000, "weightedAverageShsOutDil": 1532000000, "link": "https://www.sec.gov/Archives/edgar/data/77476/000007747614000057/0000077476-14-000057-index.htm", "finalLink": "https://www.sec.gov/Archives/edgar/data/77476/000007747614000057/pepsicoq3-10xq962014.htm"}, {"date": "2014-06-14", "symbol": "PEP", "fillingDate": "2014-07-23", "acceptedDate": "2014-07-23 16:25:57", "period": "Q2", "revenue": 16894000000, "costOfRevenue": 7778000000, "grossProfit": 9116000000, "grossProfitRatio": 0.5395998579377294, "researchAndDevelopmentExpenses": 0.0, "generalAndAdministrativeExpenses": 6198000000, "sellingAndMarketingExpenses": 0.0, "otherExpenses": 0.0, "operatingExpenses": 6220000000, "costAndExpenses": 13998000000, "interestExpense": 209000000, "depreciationAndAmortization": 630000000, "ebitda": 3526000000, "ebitdaratio": 0.208713152599, "operatingIncome": 2896000000, "operatingIncomeRatio": 0.171421806559, "totalOtherIncomeExpensesNet": 8000000.0, "incomeBeforeTax": 2705000000, "incomeBeforeTaxRatio": 0.160116017521, "incomeTaxExpense": 718000000, "netIncome": 1978000000, "netIncomeRatio": 0.117082988043, "eps": 1.3, "epsdiluted": 1.29, "weightedAverageShsOut": 1519000000, "weightedAverageShsOutDil": 1536000000, "link": "https://www.sec.gov/Archives/edgar/data/77476/000007747614000044/0000077476-14-000044-index.htm", "finalLink": "https://www.sec.gov/Archives/edgar/data/77476/000007747614000044/pepsicoq2-10xq6142014.htm"}, {"date": "2014-03-22", "symbol": "PEP", "fillingDate": "2014-04-17", "acceptedDate": "2014-04-17 16:16:17", "period": "Q1", "revenue": 12623000000, "costOfRevenue": 5747000000, "grossProfit": 6876000000, "grossProfitRatio": 0.5447199556365365, "researchAndDevelopmentExpenses": 0.0, "generalAndAdministrativeExpenses": 5048000000, "sellingAndMarketingExpenses": 0.0, "otherExpenses": 0.0, "operatingExpenses": 5069000000, "costAndExpenses": 10816000000, "interestExpense": 201000000, "depreciationAndAmortization": 532000000, "ebitda": 2339000000, "ebitdaratio": 0.185296680662, "operatingIncome": 1807000000, "operatingIncomeRatio": 0.143151390319, "totalOtherIncomeExpensesNet": 10000000, "incomeBeforeTax": 1616000000, "incomeBeforeTaxRatio": 0.12802028044, "incomeTaxExpense": 389000000, "netIncome": 1216000000, "netIncomeRatio": 0.0963320922126, "eps": 0.8, "epsdiluted": 0.79, "weightedAverageShsOut": 1524000000, "weightedAverageShsOutDil": 1540000000, "link": "https://www.sec.gov/Archives/edgar/data/77476/000007747614000025/0000077476-14-000025-index.htm", "finalLink": "https://www.sec.gov/Archives/edgar/data/77476/000007747614000025/pepsicoq1-10xq3222014.htm"}, {"date": "2013-12-28", "symbol": "PEP", "fillingDate": "2014-02-14", "acceptedDate": "2014-02-14 16:26:07", "period": "FY", "revenue": 20118000000, "costOfRevenue": 9565000000, "grossProfit": 10553000000, "grossProfitRatio": 0.524555124763893, "researchAndDevelopmentExpenses": 665000000, "generalAndAdministrativeExpenses": 8120000000, "sellingAndMarketingExpenses": 0.0, "otherExpenses": 0.0, "operatingExpenses": 8820000000, "costAndExpenses": 18385000000, "interestExpense": 269000000, "depreciationAndAmortization": 848000000, "ebitda": 3246000000, "ebitdaratio": 0.161348046525, "operatingIncome": 2398000000, "operatingIncomeRatio": 0.119196739238, "totalOtherIncomeExpensesNet": 80000000, "incomeBeforeTax": 2164000000, "incomeBeforeTaxRatio": 0.10756536435, "incomeTaxExpense": 410000000, "netIncome": 1742000000, "netIncomeRatio": 0.0865891241674, "eps": 1.14, "epsdiluted": 1.12, "weightedAverageShsOut": 1541000000, "weightedAverageShsOutDil": 1560000000, "link": "https://www.sec.gov/Archives/edgar/data/77476/000007747614000007/0000077476-14-000007-index.htm", "finalLink": "https://www.sec.gov/Archives/edgar/data/77476/000007747614000007/pepsico201310-k.htm"}, {"date": "2013-09-07", "symbol": "PEP", "fillingDate": "2013-10-16", "acceptedDate": "2013-10-16 16:24:43", "period": "Q3", "revenue": 16909000000, "costOfRevenue": 7946000000, "grossProfit": 8963000000, "grossProfitRatio": 0.5300727423265716, "researchAndDevelopmentExpenses": 0.0, "generalAndAdministrativeExpenses": 6158000000, "sellingAndMarketingExpenses": 0.0, "otherExpenses": 0.0, "operatingExpenses": 6183000000, "costAndExpenses": 14129000000, "interestExpense": 220000000, "depreciationAndAmortization": 630000000, "ebitda": 3410000000, "ebitdaratio": 0.201667750902, "operatingIncome": 2780000000, "operatingIncomeRatio": 0.164409486073, "totalOtherIncomeExpensesNet": -1000000.0, "incomeBeforeTax": 2577000000, "incomeBeforeTaxRatio": 0.152404045183, "incomeTaxExpense": 654000000, "netIncome": 1913000000, "netIncomeRatio": 0.113135016855, "eps": 1.24, "epsdiluted": 1.23, "weightedAverageShsOut": 1545000000, "weightedAverageShsOutDil": 1564000000, "link": "https://www.sec.gov/Archives/edgar/data/77476/000007747613000027/0000077476-13-000027-index.htm", "finalLink": "https://www.sec.gov/Archives/edgar/data/77476/000007747613000027/pepsicoq3-10xq972013.htm"}, {"date": "2013-06-15", "symbol": "PEP", "fillingDate": "2013-07-24", "acceptedDate": "2013-07-24 16:19:52", "period": "Q2", "revenue": 16807000000, "costOfRevenue": 7898000000, "grossProfit": 8909000000, "grossProfitRatio": 0.5300767537335634, "researchAndDevelopmentExpenses": 0.0, "generalAndAdministrativeExpenses": 6013000000, "sellingAndMarketingExpenses": 0.0, "otherExpenses": 0.0, "operatingExpenses": 6040000000, "costAndExpenses": 13938000000, "interestExpense": 208000000, "depreciationAndAmortization": 634000000, "ebitda": 3503000000, "ebitdaratio": 0.208425060986, "operatingIncome": 2869000000, "operatingIncomeRatio": 0.170702683406, "totalOtherIncomeExpensesNet": -9000000.0, "incomeBeforeTax": 2679000000, "incomeBeforeTaxRatio": 0.159397869935, "incomeTaxExpense": 654000000, "netIncome": 2010000000, "netIncomeRatio": 0.119593026715, "eps": 1.3, "epsdiluted": 1.28, "weightedAverageShsOut": 1546000000, "weightedAverageShsOutDil": 1565000000, "link": "https://www.sec.gov/Archives/edgar/data/77476/000007747613000020/0000077476-13-000020-index.htm", "finalLink": "https://www.sec.gov/Archives/edgar/data/77476/000007747613000020/pepsicoq2-10xq6152013.htm"}, {"date": "2013-03-23", "symbol": "PEP", "fillingDate": "2013-04-19", "acceptedDate": "2013-04-19 16:17:42", "period": "Q1", "revenue": 12581000000, "costOfRevenue": 5834000000, "grossProfit": 6747000000, "grossProfitRatio": 0.5362848740163739, "researchAndDevelopmentExpenses": 0.0, "generalAndAdministrativeExpenses": 5066000000, "sellingAndMarketingExpenses": 0.0, "otherExpenses": 0.0, "operatingExpenses": 5089000000, "costAndExpenses": 10923000000, "interestExpense": 214000000, "depreciationAndAmortization": 551000000, "ebitda": 2209000000, "ebitdaratio": 0.175582227168, "operatingIncome": 1658000000, "operatingIncomeRatio": 0.131786026548, "totalOtherIncomeExpensesNet": 27000000, "incomeBeforeTax": 1471000000, "incomeBeforeTaxRatio": 0.116922343216, "incomeTaxExpense": 386000000, "netIncome": 1075000000, "netIncomeRatio": 0.0854463079246, "eps": 0.69, "epsdiluted": 0.69, "weightedAverageShsOut": 1544000000, "weightedAverageShsOutDil": 1563000000, "link": "https://www.sec.gov/Archives/edgar/data/77476/000007747613000008/0000077476-13-000008-index.htm", "finalLink": "https://www.sec.gov/Archives/edgar/data/77476/000007747613000008/pepsicoq1-10xq3232013.htm"}, {"date": "2012-12-29", "symbol": "PEP", "fillingDate": "2013-02-21", "acceptedDate": "2013-02-21 16:46:15", "period": "FY", "revenue": 19954000000, "costOfRevenue": 9654000000, "grossProfit": 10300000000, "grossProfitRatio": 0.51618723063045, "researchAndDevelopmentExpenses": 552000000, "generalAndAdministrativeExpenses": 8050000000, "sellingAndMarketingExpenses": 0.0, "otherExpenses": 0.0, "operatingExpenses": 8639000000, "costAndExpenses": 18293000000, "interestExpense": 288000000, "depreciationAndAmortization": 852000000, "ebitda": 3065000000, "ebitdaratio": 0.153603287561, "operatingIncome": 2213000000, "operatingIncomeRatio": 0.110905081688, "totalOtherIncomeExpensesNet": 68000000, "incomeBeforeTax": 1969000000, "incomeBeforeTaxRatio": 0.0986769570011, "incomeTaxExpense": 302000000, "netIncome": 1661000000, "netIncomeRatio": 0.0832414553473, "eps": 1.07, "epsdiluted": 1.06, "weightedAverageShsOut": 1557000000, "weightedAverageShsOutDil": 1575000000, "link": "https://www.sec.gov/Archives/edgar/data/77476/000144530513000278/0001445305-13-000278-index.htm", "finalLink": "https://www.sec.gov/Archives/edgar/data/77476/000144530513000278/pepsico201210-k.htm"}, {"date": "2012-09-08", "symbol": "PEP", "fillingDate": "2012-10-17", "acceptedDate": "2012-10-17 17:09:32", "period": "Q3", "revenue": 16652000000, "costOfRevenue": 7833000000, "grossProfit": 8819000000, "grossProfitRatio": 0.5296060533269277, "researchAndDevelopmentExpenses": 0.0, "generalAndAdministrativeExpenses": 5992000000, "sellingAndMarketingExpenses": 0.0, "otherExpenses": 0.0, "operatingExpenses": 6019000000, "costAndExpenses": 13852000000, "interestExpense": 204000000, "depreciationAndAmortization": 636000000, "ebitda": 3436000000, "ebitdaratio": 0.206341580591, "operatingIncome": 2800000000, "operatingIncomeRatio": 0.168147970214, "totalOtherIncomeExpensesNet": 22000000, "incomeBeforeTax": 2619000000, "incomeBeforeTaxRatio": 0.157278404996, "incomeTaxExpense": 706000000, "netIncome": 1902000000, "netIncomeRatio": 0.114220514052, "eps": 1.22, "epsdiluted": 1.21, "weightedAverageShsOut": 1562000000, "weightedAverageShsOutDil": 1580000000, "link": "https://www.sec.gov/Archives/edgar/data/77476/000144530512003144/0001445305-12-003144-index.htm", "finalLink": "https://www.sec.gov/Archives/edgar/data/77476/000144530512003144/pepsicoq3-10xq982012.htm"}, {"date": "2012-06-16", "symbol": "PEP", "fillingDate": "2012-07-25", "acceptedDate": "2012-07-25 17:20:42", "period": "Q2", "revenue": 16458000000, "costOfRevenue": 7915000000, "grossProfit": 8543000000, "grossProfitRatio": 0.5190788674200997, "researchAndDevelopmentExpenses": 0.0, "generalAndAdministrativeExpenses": 6136000000, "sellingAndMarketingExpenses": 0.0, "otherExpenses": 0.0, "operatingExpenses": 6166000000, "costAndExpenses": 14081000000, "interestExpense": 209000000, "depreciationAndAmortization": 646000000, "ebitda": 3023000000, "ebitdaratio": 0.183679669462, "operatingIncome": 2377000000, "operatingIncomeRatio": 0.144428241585, "totalOtherIncomeExpensesNet": -22000000, "incomeBeforeTax": 2169000000, "incomeBeforeTaxRatio": 0.131790010937, "incomeTaxExpense": 668000000, "netIncome": 1488000000, "netIncomeRatio": 0.0904119577105, "eps": 0.95, "epsdiluted": 0.94, "weightedAverageShsOut": 1565000000, "weightedAverageShsOutDil": 1583000000, "link": "https://www.sec.gov/Archives/edgar/data/77476/000119312512314695/0001193125-12-314695-index.htm", "finalLink": "https://www.sec.gov/Archives/edgar/data/77476/000119312512314695/d368585d10q.htm"}, {"date": "2012-03-24", "symbol": "PEP", "fillingDate": "2012-04-26", "acceptedDate": "2012-04-26 16:27:36", "period": "Q1", "revenue": 12428000000, "costOfRevenue": 5889000000, "grossProfit": 6539000000, "grossProfitRatio": 0.5261506276150628, "researchAndDevelopmentExpenses": 0.0, "generalAndAdministrativeExpenses": 4792000000, "sellingAndMarketingExpenses": 0.0, "otherExpenses": 0.0, "operatingExpenses": 4817000000, "costAndExpenses": 10706000000, "interestExpense": 198000000, "depreciationAndAmortization": 555000000, "ebitda": 2277000000, "ebitdaratio": 0.183215320245, "operatingIncome": 1722000000, "operatingIncomeRatio": 0.138558094625, "totalOtherIncomeExpensesNet": 23000000, "incomeBeforeTax": 1547000000, "incomeBeforeTaxRatio": 0.124476987448, "incomeTaxExpense": 414000000, "netIncome": 1127000000, "netIncomeRatio": 0.0906823302221, "eps": 0.72, "epsdiluted": 0.71, "weightedAverageShsOut": 1568000000, "weightedAverageShsOutDil": 1584000000, "link": "https://www.sec.gov/Archives/edgar/data/77476/000119312512186092/0001193125-12-186092-index.htm", "finalLink": "https://www.sec.gov/Archives/edgar/data/77476/000119312512186092/d320879d10q.htm"}, {"date": "2011-12-31", "symbol": "PEP", "fillingDate": "2012-02-27", "acceptedDate": "2012-02-27 16:50:56", "period": "FY", "revenue": 20158000000, "costOfRevenue": 9731000000, "grossProfit": 10427000000, "grossProfitRatio": 0.5172636174223634, "researchAndDevelopmentExpenses": 525000000, "generalAndAdministrativeExpenses": 8150000000, "sellingAndMarketingExpenses": 0.0, "otherExpenses": 0.0, "operatingExpenses": 8705000000, "costAndExpenses": 18436000000, "interestExpense": 272000000, "depreciationAndAmortization": 860000000, "ebitda": 3107000000, "ebitdaratio": 0.1541323544, "operatingIncome": 2247000000, "operatingIncomeRatio": 0.111469391805, "totalOtherIncomeExpensesNet": 61000000, "incomeBeforeTax": 1999000000, "incomeBeforeTaxRatio": 0.0991665839865, "incomeTaxExpense": 597000000, "netIncome": 1415000000, "netIncomeRatio": 0.0701954558984, "eps": 0.9, "epsdiluted": 0.89, "weightedAverageShsOut": 1576000000, "weightedAverageShsOutDil": 1597000000, "link": "https://www.sec.gov/Archives/edgar/data/77476/000119312512081822/0001193125-12-081822-index.htm", "finalLink": "https://www.sec.gov/Archives/edgar/data/77476/000119312512081822/d269581d10k.htm"}, {"date": "2011-09-03", "symbol": "PEP", "fillingDate": "2011-10-12", "acceptedDate": "2011-10-12 16:19:47", "period": "Q3", "revenue": 17582000000, "costOfRevenue": 8452000000, "grossProfit": 9130000000, "grossProfitRatio": 0.5192810829257195, "researchAndDevelopmentExpenses": 0.0, "generalAndAdministrativeExpenses": 6186000000, "sellingAndMarketingExpenses": 0.0, "otherExpenses": 0.0, "operatingExpenses": 6224000000, "costAndExpenses": 14676000000, "interestExpense": 205000000, "depreciationAndAmortization": 690000000, "ebitda": 3596000000, "ebitdaratio": 0.204527357525, "operatingIncome": 2906000000, "operatingIncomeRatio": 0.165282675464, "totalOtherIncomeExpensesNet": -4000000.0, "incomeBeforeTax": 2697000000, "incomeBeforeTaxRatio": 0.153395518144, "incomeTaxExpense": 686000000, "netIncome": 2000000000, "netIncomeRatio": 0.113752701627, "eps": 1.27, "epsdiluted": 1.25, "weightedAverageShsOut": 1581000000, "weightedAverageShsOutDil": 1603000000, "link": "https://www.sec.gov/Archives/edgar/data/77476/000119312511269425/0001193125-11-269425-index.htm", "finalLink": "https://www.sec.gov/Archives/edgar/data/77476/000119312511269425/d219776d10q.htm"}, {"date": "2011-06-11", "symbol": "PEP", "fillingDate": "2011-07-21", "acceptedDate": "2011-07-21 09:15:36", "period": "Q2", "revenue": 16827000000, "costOfRevenue": 7963000000, "grossProfit": 8864000000, "grossProfitRatio": 0.5267724490402329, "researchAndDevelopmentExpenses": 0.0, "generalAndAdministrativeExpenses": 6070000000, "sellingAndMarketingExpenses": 0.0, "otherExpenses": 0.0, "operatingExpenses": 6110000000, "costAndExpenses": 14073000000, "interestExpense": 199000000, "depreciationAndAmortization": 664000000, "ebitda": 3418000000, "ebitdaratio": 0.203125928567, "operatingIncome": 2754000000, "operatingIncomeRatio": 0.163665537529, "totalOtherIncomeExpensesNet": 0.0, "incomeBeforeTax": 2575000000, "incomeBeforeTaxRatio": 0.153027871873, "incomeTaxExpense": 670000000, "netIncome": 1885000000, "netIncomeRatio": 0.112022345041, "eps": 1.19, "epsdiluted": 1.18, "weightedAverageShsOut": 1583000000, "weightedAverageShsOutDil": 1605000000, "link": "https://www.sec.gov/Archives/edgar/data/77476/000119312511193147/0001193125-11-193147-index.htm", "finalLink": "https://www.sec.gov/Archives/edgar/data/77476/000119312511193147/d10q.htm"}, {"date": "2011-03-19", "symbol": "PEP", "fillingDate": "2011-04-28", "acceptedDate": "2011-04-28 09:19:15", "period": "Q1", "revenue": 11937000000, "costOfRevenue": 5447000000, "grossProfit": 6490000000, "grossProfitRatio": 0.5436876937253916, "researchAndDevelopmentExpenses": 0.0, "generalAndAdministrativeExpenses": 4739000000, "sellingAndMarketingExpenses": 0.0, "otherExpenses": 0.0, "operatingExpenses": 4764000000, "costAndExpenses": 10211000000, "interestExpense": 180000000, "depreciationAndAmortization": 523000000, "ebitda": 2249000000, "ebitdaratio": 0.188405797101, "operatingIncome": 1726000000, "operatingIncomeRatio": 0.144592443663, "totalOtherIncomeExpensesNet": 0.0, "incomeBeforeTax": 1563000000, "incomeBeforeTaxRatio": 0.130937421463, "incomeTaxExpense": 419000000, "netIncome": 1143000000, "netIncomeRatio": 0.0957527016838, "eps": 0.72, "epsdiluted": 0.71, "weightedAverageShsOut": 1583000000, "weightedAverageShsOutDil": 1605000000, "link": "https://www.sec.gov/Archives/edgar/data/77476/000119312511113679/0001193125-11-113679-index.htm", "finalLink": "https://www.sec.gov/Archives/edgar/data/77476/000119312511113679/d10q.htm"}, {"date": "2010-12-25", "symbol": "PEP", "fillingDate": "2011-02-18", "acceptedDate": "2011-02-18 16:57:00", "period": "FY", "revenue": 18155000000, "costOfRevenue": 8359000000, "grossProfit": 9796000000, "grossProfitRatio": 0.5395758744147617, "researchAndDevelopmentExpenses": 488000000, "generalAndAdministrativeExpenses": 7526000000, "sellingAndMarketingExpenses": 0.0, "otherExpenses": 0.0, "operatingExpenses": 8053000000, "costAndExpenses": 16412000000, "interestExpense": 408000000, "depreciationAndAmortization": 747000000, "ebitda": 2978000000, "ebitdaratio": 0.164031947122, "operatingIncome": 2231000000, "operatingIncomeRatio": 0.122886257229, "totalOtherIncomeExpensesNet": 0.0, "incomeBeforeTax": 1872000000, "incomeBeforeTaxRatio": 0.103112090333, "incomeTaxExpense": 511000000, "netIncome": 1365000000, "netIncomeRatio": 0.0751858992013, "eps": 0.86, "epsdiluted": 0.85, "weightedAverageShsOut": 1590000000, "weightedAverageShsOutDil": 1614000000, "link": "https://www.sec.gov/Archives/edgar/data/77476/000119312511040427/0001193125-11-040427-index.htm", "finalLink": "https://www.sec.gov/Archives/edgar/data/77476/000119312511040427/d10k.htm"}, {"date": "2010-09-04", "symbol": "PEP", "fillingDate": "2010-10-07", "acceptedDate": "2010-10-07 16:25:50", "period": "Q3", "revenue": 15514000000, "costOfRevenue": 7008000000, "grossProfit": 8506000000, "grossProfitRatio": 0.548278973830089, "researchAndDevelopmentExpenses": 0.0, "generalAndAdministrativeExpenses": 5676000000, "sellingAndMarketingExpenses": 0.0, "otherExpenses": 0.0, "operatingExpenses": 5706000000, "costAndExpenses": 12714000000, "interestExpense": 169000000, "depreciationAndAmortization": 611000000, "ebitda": 3411000000, "ebitdaratio": 0.219865927549, "operatingIncome": 2800000000, "operatingIncomeRatio": 0.180482145159, "totalOtherIncomeExpensesNet": 0.0, "incomeBeforeTax": 2659000000, "incomeBeforeTaxRatio": 0.171393579992, "incomeTaxExpense": 729000000, "netIncome": 1922000000, "netIncomeRatio": 0.12388810107, "eps": 1.21, "epsdiluted": 1.19, "weightedAverageShsOut": 1593000000, "weightedAverageShsOutDil": 1618000000, "link": "https://www.sec.gov/Archives/edgar/data/77476/000119312510225896/0001193125-10-225896-index.htm", "finalLink": "https://www.sec.gov/Archives/edgar/data/77476/000119312510225896/d10q.htm"}, {"date": "2010-06-12", "symbol": "PEP", "fillingDate": "2010-07-20", "acceptedDate": "2010-07-20 17:05:46", "period": "Q2", "revenue": 14801000000, "costOfRevenue": 6745000000, "grossProfit": 8056000000, "grossProfitRatio": 0.5442875481386393, "researchAndDevelopmentExpenses": 0.0, "generalAndAdministrativeExpenses": 5563000000, "sellingAndMarketingExpenses": 0.0, "otherExpenses": 0.0, "operatingExpenses": 5595000000, "costAndExpenses": 12340000000, "interestExpense": 172000000, "depreciationAndAmortization": 593000000, "ebitda": 3054000000, "ebitdaratio": 0.206337409634, "operatingIncome": 2461000000, "operatingIncomeRatio": 0.166272549152, "totalOtherIncomeExpensesNet": 0.0, "incomeBeforeTax": 2300000000, "incomeBeforeTaxRatio": 0.15539490575, "incomeTaxExpense": 687000000, "netIncome": 1603000000, "netIncomeRatio": 0.108303493007, "eps": 1.0, "epsdiluted": 0.98, "weightedAverageShsOut": 1590000000, "weightedAverageShsOutDil": 1614000000, "link": "https://www.sec.gov/Archives/edgar/data/77476/000119312510161855/0001193125-10-161855-index.htm", "finalLink": "https://www.sec.gov/Archives/edgar/data/77476/000119312510161855/d10q.htm"}, {"date": "2010-03-20", "symbol": "PEP", "fillingDate": "2010-04-23", "acceptedDate": "2010-04-23 07:46:09", "period": "Q1", "revenue": 9368000000, "costOfRevenue": 4463000000, "grossProfit": 4905000000, "grossProfitRatio": 0.5235909479077712, "researchAndDevelopmentExpenses": 0.0, "generalAndAdministrativeExpenses": 4049000000, "sellingAndMarketingExpenses": 0.0, "otherExpenses": 0.0, "operatingExpenses": 4065000000, "costAndExpenses": 8528000000, "interestExpense": 154000000, "depreciationAndAmortization": 376000000, "ebitda": 1216000000, "ebitdaratio": 0.129803586678, "operatingIncome": 840000000, "operatingIncomeRatio": 0.0896669513237, "totalOtherIncomeExpensesNet": 0.0, "incomeBeforeTax": 1401000000, "incomeBeforeTaxRatio": 0.149551665243, "incomeTaxExpense": -33000000, "netIncome": 1430000000, "netIncomeRatio": 0.152647309991, "eps": 0.9, "epsdiluted": 0.89, "weightedAverageShsOut": 1590000000, "weightedAverageShsOutDil": 1614000000, "link": "https://www.sec.gov/Archives/edgar/data/77476/000119312510090778/0001193125-10-090778-index.htm", "finalLink": "https://www.sec.gov/Archives/edgar/data/77476/000119312510090778/d10q.htm"}, {"date": "2009-12-26", "symbol": "PEP", "fillingDate": "2010-02-22", "acceptedDate": "2010-02-22 16:19:59", "period": "FY", "revenue": 32152000000, "costOfRevenue": 5181000000, "grossProfit": 26971000000, "grossProfitRatio": 0.8388591689474993, "researchAndDevelopmentExpenses": 0.0, "generalAndAdministrativeExpenses": 11377000000, "sellingAndMarketingExpenses": 0.0, "otherExpenses": 0.0, "operatingExpenses": 11377000000, "costAndExpenses": 6196000000, "interestExpense": 311000000, "depreciationAndAmortization": 552000000, "ebitda": 6323000000, "ebitdaratio": 0.1966596168201045, "operatingIncome": 5771000000, "operatingIncomeRatio": 0.17949116695695447, "totalOtherIncomeExpensesNet": 0.0, "incomeBeforeTax": 5771000000, "incomeBeforeTaxRatio": 0.17949116695695447, "incomeTaxExpense": 1525000000, "netIncome": 4246000000, "netIncomeRatio": 0.132060213983578, "eps": 3.81, "epsdiluted": 3.77, "weightedAverageShsOut": 1590000000, "weightedAverageShsOutDil": 1614000000, "link": "https://www.sec.gov/Archives/edgar/data/77476/000119312510036385/0001193125-10-036385-index.htm", "finalLink": "https://www.sec.gov/Archives/edgar/data/77476/000119312510036385/d10k.htm"}, {"date": "2009-09-05", "symbol": "PEP", "fillingDate": "2009-10-08", "acceptedDate": "2009-10-08 16:10:28", "period": "", "revenue": 488000000, "costOfRevenue": 300000000, "grossProfit": 188000000, "grossProfitRatio": 0.38524590163934425, "researchAndDevelopmentExpenses": 0.0, "generalAndAdministrativeExpenses": 142000000, "sellingAndMarketingExpenses": 0.0, "otherExpenses": 0.0, "operatingExpenses": 142000000, "costAndExpenses": 442000000, "interestExpense": -15000000, "depreciationAndAmortization": 398000000, "ebitda": 470000000, "ebitdaratio": 0.9631147540983607, "operatingIncome": 72000000, "operatingIncomeRatio": 0.14754098360655737, "totalOtherIncomeExpensesNet": 0.0, "incomeBeforeTax": 72000000, "incomeBeforeTaxRatio": 0.14754098360655737, "incomeTaxExpense": 7000000.0, "netIncome": 65000000, "netIncomeRatio": 0.13319672131147542, "eps": 1.1, "epsdiluted": 1.09, "weightedAverageShsOut": 1590000000, "weightedAverageShsOutDil": 1614000000, "link": "https://www.sec.gov/Archives/edgar/data/77476/000119312509205617/0001193125-09-205617-index.htm", "finalLink": "https://www.sec.gov/Archives/edgar/data/77476/000119312509205617/d10q.htm"}, {"date": "2009-06-13", "symbol": "PEP", "fillingDate": "2009-07-22", "acceptedDate": "2009-07-22 16:05:51", "period": "", "revenue": 2329000000, "costOfRevenue": 1137000000, "grossProfit": 1192000000, "grossProfitRatio": 0.5118076427651352, "researchAndDevelopmentExpenses": 0.0, "generalAndAdministrativeExpenses": 586000000, "sellingAndMarketingExpenses": 0.0, "otherExpenses": 0.0, "operatingExpenses": 586000000, "costAndExpenses": 1723000000, "interestExpense": 3000000.0, "depreciationAndAmortization": 371000000, "ebitda": 1092000000, "ebitdaratio": 0.46887075998282524, "operatingIncome": 721000000, "operatingIncomeRatio": 0.3095749248604551, "totalOtherIncomeExpensesNet": 0.0, "incomeBeforeTax": 721000000, "incomeBeforeTaxRatio": 0.3095749248604551, "incomeTaxExpense": 194000000, "netIncome": 527000000, "netIncomeRatio": 0.22627737226277372, "eps": 1.06, "epsdiluted": 1.06, "weightedAverageShsOut": 1573584905, "weightedAverageShsOutDil": 1573584905, "link": "https://www.sec.gov/Archives/edgar/data/77476/000119312509153099/0001193125-09-153099-index.htm", "finalLink": "https://www.sec.gov/Archives/edgar/data/77476/000119312509153099/d10q.htm"}, {"date": "2009-03-21", "symbol": "PEP", "fillingDate": "2009-04-22", "acceptedDate": "2009-04-22 16:32:34", "period": "Q1", "revenue": 8263000000, "costOfRevenue": 3744000000, "grossProfit": 4519000000, "grossProfitRatio": 0.5468958005566985, "researchAndDevelopmentExpenses": 0.0, "generalAndAdministrativeExpenses": 2921000000, "sellingAndMarketingExpenses": 0.0, "otherExpenses": 0.0, "operatingExpenses": 2921000000, "costAndExpenses": 6665000000, "interestExpense": 98000000, "depreciationAndAmortization": 314000000, "ebitda": 1829000000, "ebitdaratio": 0.22134817862761708, "operatingIncome": 1515000000, "operatingIncomeRatio": 0.18334745249909234, "totalOtherIncomeExpensesNet": 0.0, "incomeBeforeTax": 1515000000, "incomeBeforeTaxRatio": 0.18334745249909234, "incomeTaxExpense": 374000000, "netIncome": 1141000000, "netIncomeRatio": 0.13808544112307877, "eps": 0.73, "epsdiluted": 0.72, "weightedAverageShsOut": 1563013698, "weightedAverageShsOutDil": 1584722222, "link": "https://www.sec.gov/Archives/edgar/data/77476/000119312509084604/0001193125-09-084604-index.htm", "finalLink": "https://www.sec.gov/Archives/edgar/data/77476/000119312509084604/d10q.htm"}, {"date": "2008-12-27", "symbol": "PEP", "fillingDate": "2009-02-19", "acceptedDate": "2009-02-19 16:40:23", "period": "FY", "revenue": 32007000000, "costOfRevenue": 15083000000, "grossProfit": 16924000000, "grossProfitRatio": 0.5287593338957103, "researchAndDevelopmentExpenses": 0.0, "generalAndAdministrativeExpenses": 11922000000, "sellingAndMarketingExpenses": 0.0, "otherExpenses": 0.0, "operatingExpenses": 11922000000, "costAndExpenses": 27005000000, "interestExpense": 256000000, "depreciationAndAmortization": 488000000, "ebitda": 5383000000, "ebitdaratio": 0.16818196019620707, "operatingIncome": 4895000000, "operatingIncomeRatio": 0.15293529540413034, "totalOtherIncomeExpensesNet": 0.0, "incomeBeforeTax": 4895000000, "incomeBeforeTaxRatio": 0.15293529540413034, "incomeTaxExpense": 1329000000, "netIncome": 3566000000, "netIncomeRatio": 0.11141312837816728, "eps": 3.26, "epsdiluted": 3.21, "weightedAverageShsOut": 1577300613, "weightedAverageShsOutDil": 1601869158, "link": "https://www.sec.gov/Archives/edgar/data/77476/000119312509033126/0001193125-09-033126-index.htm", "finalLink": "https://www.sec.gov/Archives/edgar/data/77476/000119312509033126/d10k.htm"}, {"date": "2008-09-06", "symbol": "PEP", "fillingDate": "2008-10-15", "acceptedDate": "2008-10-15 16:46:57", "period": "", "revenue": 299000000, "costOfRevenue": 190000000, "grossProfit": 109000000, "grossProfitRatio": 0.36454849498327757, "researchAndDevelopmentExpenses": 0.0, "generalAndAdministrativeExpenses": 315000000, "sellingAndMarketingExpenses": 0.0, "otherExpenses": 0.0, "operatingExpenses": 315000000, "costAndExpenses": 505000000, "interestExpense": -1000000.0, "depreciationAndAmortization": 377000000, "ebitda": 186000000, "ebitdaratio": 0.6220735785953178, "operatingIncome": -191000000, "operatingIncomeRatio": -0.6387959866220736, "totalOtherIncomeExpensesNet": 0.0, "incomeBeforeTax": -191000000, "incomeBeforeTaxRatio": -0.6387959866220736, "incomeTaxExpense": -68000000, "netIncome": -123000000, "netIncomeRatio": -0.411371237458194, "eps": 1.01, "epsdiluted": 0.99, "weightedAverageShsOut": 1560396039, "weightedAverageShsOutDil": 1591919191, "link": "https://www.sec.gov/Archives/edgar/data/77476/000119312508211024/0001193125-08-211024-index.htm", "finalLink": "https://www.sec.gov/Archives/edgar/data/77476/000119312508211024/d10q.htm"}, {"date": "2008-06-14", "symbol": "PEP", "fillingDate": "2008-07-23", "acceptedDate": "2008-07-23 16:33:28", "period": "", "revenue": 2612000000, "costOfRevenue": 1244000000, "grossProfit": 1368000000, "grossProfitRatio": 0.5237366003062787, "researchAndDevelopmentExpenses": 0.0, "generalAndAdministrativeExpenses": 730000000, "sellingAndMarketingExpenses": 0.0, "otherExpenses": 0.0, "operatingExpenses": 730000000, "costAndExpenses": 1974000000, "interestExpense": 16000000, "depreciationAndAmortization": 375000000, "ebitda": 1126000000, "ebitdaratio": 0.43108728943338437, "operatingIncome": 751000000, "operatingIncomeRatio": 0.28751914241960186, "totalOtherIncomeExpensesNet": 0.0, "incomeBeforeTax": 751000000, "incomeBeforeTaxRatio": 0.28751914241960186, "incomeTaxExpense": 200000000, "netIncome": 551000000, "netIncomeRatio": 0.21094946401225115, "eps": 1.07, "epsdiluted": 1.05, "weightedAverageShsOut": 1587850467, "weightedAverageShsOutDil": 1618095238, "link": "https://www.sec.gov/Archives/edgar/data/77476/000119312508156305/0001193125-08-156305-index.htm", "finalLink": "https://www.sec.gov/Archives/edgar/data/77476/000119312508156305/d10q.htm"}, {"date": "2008-03-22", "symbol": "PEP", "fillingDate": "2008-04-24", "acceptedDate": "2008-04-24 16:17:14", "period": "Q1", "revenue": 8333000000, "costOfRevenue": 3834000000, "grossProfit": 4499000000, "grossProfitRatio": 0.5399015960638426, "researchAndDevelopmentExpenses": 0.0, "generalAndAdministrativeExpenses": 2934000000, "sellingAndMarketingExpenses": 0.0, "otherExpenses": 0.0, "operatingExpenses": 2934000000, "costAndExpenses": 6768000000, "interestExpense": 58000000, "depreciationAndAmortization": 303000000, "ebitda": 1869000000, "ebitdaratio": 0.22428897155886235, "operatingIncome": 1566000000, "operatingIncomeRatio": 0.18792751710068403, "totalOtherIncomeExpensesNet": 0.0, "incomeBeforeTax": 1566000000, "incomeBeforeTaxRatio": 0.18792751710068403, "incomeTaxExpense": 418000000, "netIncome": 1148000000, "netIncomeRatio": 0.13776551062042483, "eps": 0.72, "epsdiluted": 0.7, "weightedAverageShsOut": 1594444444, "weightedAverageShsOutDil": 1640000000, "link": "https://www.sec.gov/Archives/edgar/data/77476/000119312508089366/0001193125-08-089366-index.htm", "finalLink": "https://www.sec.gov/Archives/edgar/data/77476/000119312508089366/d10q.htm"}, {"date": "2007-12-29", "symbol": "PEP", "fillingDate": "2008-02-15", "acceptedDate": "2008-02-15 15:27:59", "period": "FY", "revenue": 29303000000, "costOfRevenue": 13411000000, "grossProfit": 15892000000, "grossProfitRatio": 0.5423335494659249, "researchAndDevelopmentExpenses": 0.0, "generalAndAdministrativeExpenses": 10741000000, "sellingAndMarketingExpenses": 0.0, "otherExpenses": 0.0, "operatingExpenses": 10741000000, "costAndExpenses": 24152000000, "interestExpense": 167000000, "depreciationAndAmortization": 478000000, "ebitda": 5865000000, "ebitdaratio": 0.20015015527420402, "operatingIncome": 5387000000, "operatingIncomeRatio": 0.18383783230385967, "totalOtherIncomeExpensesNet": 0.0, "incomeBeforeTax": 5387000000, "incomeBeforeTaxRatio": 0.18383783230385967, "incomeTaxExpense": 1472000000, "netIncome": 3915000000, "netIncomeRatio": 0.13360406784288298, "eps": 3.48, "epsdiluted": 3.41, "weightedAverageShsOut": 1625862068, "weightedAverageShsOutDil": 1659237536, "link": "https://www.sec.gov/Archives/edgar/data/77476/000119312508032441/0001193125-08-032441-index.htm", "finalLink": "https://www.sec.gov/Archives/edgar/data/77476/000119312508032441/d10k.htm"}, {"date": "2007-09-08", "symbol": "PEP", "fillingDate": "2007-10-11", "acceptedDate": "2007-10-11 17:12:47", "period": "", "revenue": 564000000, "costOfRevenue": 285000000, "grossProfit": 279000000, "grossProfitRatio": 0.4946808510638298, "researchAndDevelopmentExpenses": 0.0, "generalAndAdministrativeExpenses": 172000000, "sellingAndMarketingExpenses": 0.0, "otherExpenses": 0.0, "operatingExpenses": 172000000, "costAndExpenses": 457000000, "interestExpense": 3000000.0, "depreciationAndAmortization": 340000000, "ebitda": 467000000, "ebitdaratio": 0.8280141843971631, "operatingIncome": 127000000, "operatingIncomeRatio": 0.225177304964539, "totalOtherIncomeExpensesNet": 0.0, "incomeBeforeTax": 127000000, "incomeBeforeTaxRatio": 0.225177304964539, "incomeTaxExpense": -59000000, "netIncome": 186000000, "netIncomeRatio": 0.32978723404255317, "eps": 1.08, "epsdiluted": 1.06, "weightedAverageShsOut": 1613888888, "weightedAverageShsOutDil": 1644339622, "link": "https://www.sec.gov/Archives/edgar/data/77476/000119312507217000/0001193125-07-217000-index.htm", "finalLink": "https://www.sec.gov/Archives/edgar/data/77476/000119312507217000/d10q.htm"}, {"date": "2007-06-16", "symbol": "PEP", "fillingDate": "2007-07-25", "acceptedDate": "2007-07-24 17:39:04", "period": "", "revenue": 2257000000, "costOfRevenue": 1057000000, "grossProfit": 1200000000, "grossProfitRatio": 0.5316792202038104, "researchAndDevelopmentExpenses": 0.0, "generalAndAdministrativeExpenses": 660000000, "sellingAndMarketingExpenses": 0.0, "otherExpenses": 0.0, "operatingExpenses": 660000000, "costAndExpenses": 1717000000, "interestExpense": 12000000, "depreciationAndAmortization": 332000000, "ebitda": 976000000, "ebitdaratio": 0.43243243243243246, "operatingIncome": 644000000, "operatingIncomeRatio": 0.28533451484271155, "totalOtherIncomeExpensesNet": 0.0, "incomeBeforeTax": 644000000, "incomeBeforeTaxRatio": 0.28533451484271155, "incomeTaxExpense": 183000000, "netIncome": 461000000, "netIncomeRatio": 0.2042534337616305, "eps": 0.96, "epsdiluted": 0.94, "weightedAverageShsOut": 1621875000, "weightedAverageShsOutDil": 1656382978, "link": "https://www.sec.gov/Archives/edgar/data/77476/000119312507160846/0001193125-07-160846-index.htm", "finalLink": "https://www.sec.gov/Archives/edgar/data/77476/000119312507160846/d10q.htm"}, {"date": "2007-03-24", "symbol": "PEP", "fillingDate": "2007-04-25", "acceptedDate": "2007-04-25 16:07:30", "period": "Q1", "revenue": 7350000000, "costOfRevenue": 3285000000, "grossProfit": 4065000000, "grossProfitRatio": 0.5530612244897959, "researchAndDevelopmentExpenses": 0.0, "generalAndAdministrativeExpenses": 2635000000, "sellingAndMarketingExpenses": 0.0, "otherExpenses": 0.0, "operatingExpenses": 2635000000, "costAndExpenses": 5920000000, "interestExpense": 42000000, "depreciationAndAmortization": 276000000, "ebitda": 1749000000, "ebitdaratio": 0.23795918367346938, "operatingIncome": 1473000000, "operatingIncomeRatio": 0.2004081632653061, "totalOtherIncomeExpensesNet": 0.0, "incomeBeforeTax": 1473000000, "incomeBeforeTaxRatio": 0.2004081632653061, "incomeTaxExpense": 377000000, "netIncome": 1096000000, "netIncomeRatio": 0.1491156462585034, "eps": 0.67, "epsdiluted": 0.65, "weightedAverageShsOut": 1635820895, "weightedAverageShsOutDil": 1686153846, "link": "https://www.sec.gov/Archives/edgar/data/77476/000119312507090190/0001193125-07-090190-index.htm", "finalLink": "https://www.sec.gov/Archives/edgar/data/77476/000119312507090190/d10q.htm"}, {"date": "2006-12-30", "symbol": "PEP", "fillingDate": "2007-02-20", "acceptedDate": "2007-02-20 16:57:17", "period": "FY", "revenue": 26187000000, "costOfRevenue": 11732000000, "grossProfit": 14455000000, "grossProfitRatio": 0.5519914461373964, "researchAndDevelopmentExpenses": 0.0, "generalAndAdministrativeExpenses": 9711000000, "sellingAndMarketingExpenses": 0.0, "otherExpenses": 0.0, "operatingExpenses": 9711000000, "costAndExpenses": 21443000000, "interestExpense": 188000000, "depreciationAndAmortization": 466000000, "ebitda": 4079000000, "ebitdaratio": 0.155764310535762, "operatingIncome": 3613000000, "operatingIncomeRatio": 0.13796922136938175, "totalOtherIncomeExpensesNet": 0.0, "incomeBeforeTax": 4960000000, "incomeBeforeTaxRatio": 0.18940695765074272, "incomeTaxExpense": 799000000, "netIncome": 4161000000, "netIncomeRatio": 0.15889563523885897, "eps": 3.42, "epsdiluted": 3.42, "weightedAverageShsOut": 1649707602, "weightedAverageShsOutDil": 1649707602, "link": "https://www.sec.gov/Archives/edgar/data/77476/000119312507035201/0001193125-07-035201-index.htm", "finalLink": "https://www.sec.gov/Archives/edgar/data/77476/000119312507035201/d10k.htm"}, {"date": "2006-09-09", "symbol": "PEP", "fillingDate": "2006-10-12", "acceptedDate": "2006-10-12 15:25:40", "period": "", "revenue": 351000000, "costOfRevenue": 221000000, "grossProfit": 130000000, "grossProfitRatio": 0.37037037037037035, "researchAndDevelopmentExpenses": 0.0, "generalAndAdministrativeExpenses": 71000000, "sellingAndMarketingExpenses": 0.0, "otherExpenses": 0.0, "operatingExpenses": 71000000, "costAndExpenses": 292000000, "interestExpense": -8000000.0, "depreciationAndAmortization": 330000000, "ebitda": 454000000, "ebitdaratio": 1.2934472934472934, "operatingIncome": 124000000, "operatingIncomeRatio": 0.35327635327635326, "totalOtherIncomeExpensesNet": 0.0, "incomeBeforeTax": 124000000, "incomeBeforeTaxRatio": 0.35327635327635326, "incomeTaxExpense": 1000000.0, "netIncome": 123000000, "netIncomeRatio": 0.3504273504273504, "eps": 0.3, "epsdiluted": 0.3, "weightedAverageShsOut": 4936666666, "weightedAverageShsOutDil": 4936666666, "link": "https://www.sec.gov/Archives/edgar/data/77476/000119312506206906/0001193125-06-206906-index.htm", "finalLink": "https://www.sec.gov/Archives/edgar/data/77476/000119312506206906/d10q.htm"}, {"date": "2006-06-17", "symbol": "PEP", "fillingDate": "2006-07-13", "acceptedDate": "2006-07-13 16:57:10", "period": "", "revenue": 1394000000, "costOfRevenue": 630000000, "grossProfit": 764000000, "grossProfitRatio": 0.5480631276901005, "researchAndDevelopmentExpenses": 0.0, "generalAndAdministrativeExpenses": 345000000, "sellingAndMarketingExpenses": 0.0, "otherExpenses": 0.0, "operatingExpenses": 345000000, "costAndExpenses": 975000000, "interestExpense": -3000000.0, "depreciationAndAmortization": 324000000, "ebitda": 814000000, "ebitdaratio": 0.5839311334289814, "operatingIncome": 490000000, "operatingIncomeRatio": 0.351506456241033, "totalOtherIncomeExpensesNet": 0.0, "incomeBeforeTax": 490000000, "incomeBeforeTaxRatio": 0.351506456241033, "incomeTaxExpense": 151000000, "netIncome": 339000000, "netIncomeRatio": 0.24318507890961263, "eps": 0.3, "epsdiluted": 0.3, "weightedAverageShsOut": 4526666666, "weightedAverageShsOutDil": 4526666666, "link": "https://www.sec.gov/Archives/edgar/data/77476/000119312506146229/0001193125-06-146229-index.htm", "finalLink": "https://www.sec.gov/Archives/edgar/data/77476/000119312506146229/d10q.htm"}, {"date": "2006-03-25", "symbol": "PEP", "fillingDate": "2006-04-26", "acceptedDate": "2006-04-26 16:58:28", "period": "Q1", "revenue": 7205000000, "costOfRevenue": 3179000000, "grossProfit": 4026000000, "grossProfitRatio": 0.5587786259541985, "researchAndDevelopmentExpenses": 0.0, "generalAndAdministrativeExpenses": 2647000000, "sellingAndMarketingExpenses": 0.0, "otherExpenses": 0.0, "operatingExpenses": 2647000000, "costAndExpenses": 5826000000, "interestExpense": 62000000, "depreciationAndAmortization": 286000000, "ebitda": 1701000000, "ebitdaratio": 0.23608605135322694, "operatingIncome": 1415000000, "operatingIncomeRatio": 0.1963913948646773, "totalOtherIncomeExpensesNet": 0.0, "incomeBeforeTax": 1415000000, "incomeBeforeTaxRatio": 0.1963913948646773, "incomeTaxExpense": 396000000, "netIncome": 1019000000, "netIncomeRatio": 0.1414295628036086, "eps": 0.26, "epsdiluted": 0.26, "weightedAverageShsOut": 3919230769, "weightedAverageShsOutDil": 3919230769, "link": "https://www.sec.gov/Archives/edgar/data/77476/000119312506089491/0001193125-06-089491-index.htm", "finalLink": "https://www.sec.gov/Archives/edgar/data/77476/000119312506089491/d10q.htm"}, {"date": "2005-12-31", "symbol": "PEP", "fillingDate": "2006-02-27", "acceptedDate": "2006-02-27 15:59:51", "period": "FY", "revenue": 24378000000, "costOfRevenue": 10443000000, "grossProfit": 13935000000, "grossProfitRatio": 0.5716219542210189, "researchAndDevelopmentExpenses": 0.0, "generalAndAdministrativeExpenses": 9580000000, "sellingAndMarketingExpenses": 0.0, "otherExpenses": 0.0, "operatingExpenses": 9580000000, "costAndExpenses": 20023000000, "interestExpense": 198000000, "depreciationAndAmortization": 412000000, "ebitda": 2622000000, "ebitdaratio": 0.10755599310854048, "operatingIncome": 2210000000, "operatingIncomeRatio": 0.09065550906555091, "totalOtherIncomeExpensesNet": 0.0, "incomeBeforeTax": 4514000000, "incomeBeforeTaxRatio": 0.18516695381081302, "incomeTaxExpense": 1300000000, "netIncome": 3214000000, "netIncomeRatio": 0.13184018377225368, "eps": 2.43, "epsdiluted": 2.43, "weightedAverageShsOut": 1678189300, "weightedAverageShsOutDil": 1678189300, "link": "https://www.sec.gov/Archives/edgar/data/77476/000119312506039968/0001193125-06-039968-index.htm", "finalLink": "https://www.sec.gov/Archives/edgar/data/77476/000119312506039968/d10k.htm"}, {"date": "2005-09-03", "symbol": "PEP", "fillingDate": "2005-09-30", "acceptedDate": "2005-09-30 14:23:28", "period": "", "revenue": 487000000, "costOfRevenue": 229000000, "grossProfit": 258000000, "grossProfitRatio": 0.5297741273100616, "researchAndDevelopmentExpenses": 0.0, "generalAndAdministrativeExpenses": 134000000, "sellingAndMarketingExpenses": 0.0, "otherExpenses": 0.0, "operatingExpenses": 134000000, "costAndExpenses": 363000000, "interestExpense": 5000000.0, "depreciationAndAmortization": 308000000, "ebitda": 489000000, "ebitdaratio": 1.004106776180698, "operatingIncome": 181000000, "operatingIncomeRatio": 0.37166324435318276, "totalOtherIncomeExpensesNet": 0.0, "incomeBeforeTax": 181000000, "incomeBeforeTaxRatio": 0.37166324435318276, "incomeTaxExpense": 511000000, "netIncome": -330000000, "netIncomeRatio": -0.6776180698151951, "eps": 0.26, "epsdiluted": 0.26, "weightedAverageShsOut": 3323076923, "weightedAverageShsOutDil": 3323076923, "link": "https://www.sec.gov/Archives/edgar/data/77476/000119312505194872/0001193125-05-194872-index.htm", "finalLink": "https://www.sec.gov/Archives/edgar/data/77476/000119312505194872/d10q.htm"}, {"date": "2005-06-11", "symbol": "PEP", "fillingDate": "2005-07-14", "acceptedDate": "2005-07-14 07:41:32", "period": "", "revenue": 1112000000, "costOfRevenue": 486000000, "grossProfit": 626000000, "grossProfitRatio": 0.5629496402877698, "researchAndDevelopmentExpenses": 0.0, "generalAndAdministrativeExpenses": 309000000, "sellingAndMarketingExpenses": 0.0, "otherExpenses": 0.0, "operatingExpenses": 309000000, "costAndExpenses": 795000000, "interestExpense": 3000000.0, "depreciationAndAmortization": 306000000, "ebitda": 708000000, "ebitdaratio": 0.6366906474820144, "operatingIncome": 402000000, "operatingIncomeRatio": 0.36151079136690645, "totalOtherIncomeExpensesNet": 0.0, "incomeBeforeTax": 402000000, "incomeBeforeTaxRatio": 0.36151079136690645, "incomeTaxExpense": 120000000, "netIncome": 282000000, "netIncomeRatio": 0.25359712230215825, "eps": 0.26, "epsdiluted": 0.26, "weightedAverageShsOut": 4592307692, "weightedAverageShsOutDil": 4592307692, "link": "https://www.sec.gov/Archives/edgar/data/77476/000119312505141920/0001193125-05-141920-index.htm", "finalLink": "https://www.sec.gov/Archives/edgar/data/77476/000119312505141920/d10q.htm"}, {"date": "2005-03-19", "symbol": "PEP", "fillingDate": "2005-04-15", "acceptedDate": "2005-04-15 17:24:37", "period": "Q1", "revenue": 6585000000, "costOfRevenue": 3018000000, "grossProfit": 3567000000, "grossProfitRatio": 0.5416856492027334, "researchAndDevelopmentExpenses": 0.0, "generalAndAdministrativeExpenses": 2291000000, "sellingAndMarketingExpenses": 0.0, "otherExpenses": 0.0, "operatingExpenses": 2291000000, "costAndExpenses": 5309000000, "interestExpense": 50000000, "depreciationAndAmortization": 282000000, "ebitda": 1567000000, "ebitdaratio": 0.23796507213363705, "operatingIncome": 1285000000, "operatingIncomeRatio": 0.19514047076689445, "totalOtherIncomeExpensesNet": 0.0, "incomeBeforeTax": 1285000000, "incomeBeforeTaxRatio": 0.19514047076689445, "incomeTaxExpense": 373000000, "netIncome": 912000000, "netIncomeRatio": 0.13849658314350796, "eps": 0.23, "epsdiluted": 0.23, "weightedAverageShsOut": 3965217391, "weightedAverageShsOutDil": 3965217391, "link": "https://www.sec.gov/Archives/edgar/data/77476/000119312505077841/0001193125-05-077841-index.htm", "finalLink": "https://www.sec.gov/Archives/edgar/data/77476/000119312505077841/d10q.htm"}, {"date": "2004-12-25", "symbol": "PEP", "fillingDate": "2005-02-28", "acceptedDate": "2005-02-28 06:56:22", "period": "FY", "revenue": 22004000000, "costOfRevenue": 10106000000, "grossProfit": 11898000000, "grossProfitRatio": 0.5407198691147064, "researchAndDevelopmentExpenses": 0.0, "generalAndAdministrativeExpenses": 7889000000, "sellingAndMarketingExpenses": 0.0, "otherExpenses": 0.0, "operatingExpenses": 7889000000, "costAndExpenses": 17995000000, "interestExpense": 126000000, "depreciationAndAmortization": 401000000, "ebitda": 2942000000, "ebitdaratio": 0.13370296309761862, "operatingIncome": 2541000000, "operatingIncomeRatio": 0.11547900381748773, "totalOtherIncomeExpensesNet": 0.0, "incomeBeforeTax": 3913000000, "incomeBeforeTaxRatio": 0.17783130339938194, "incomeTaxExpense": 1103000000, "netIncome": 2848000000, "netIncomeRatio": 0.12943101254317396, "eps": 2.45, "epsdiluted": 2.45, "weightedAverageShsOut": 1719183673, "weightedAverageShsOutDil": 1719183673, "link": "https://www.sec.gov/Archives/edgar/data/77476/000119312505037811/0001193125-05-037811-index.htm", "finalLink": "https://www.sec.gov/Archives/edgar/data/77476/000119312505037811/d10k.htm"}, {"date": "2004-09-04", "symbol": "PEP", "fillingDate": "2004-10-01", "acceptedDate": "2004-10-01 16:08:31", "period": "", "revenue": 187000000, "costOfRevenue": 87000000, "grossProfit": 100000000, "grossProfitRatio": 0.5347593582887701, "researchAndDevelopmentExpenses": 0.0, "generalAndAdministrativeExpenses": 7000000.0, "sellingAndMarketingExpenses": 0.0, "otherExpenses": 0.0, "operatingExpenses": 7000000.0, "costAndExpenses": 94000000, "interestExpense": 4000000.0, "depreciationAndAmortization": 830000000, "ebitda": 961000000, "ebitdaratio": 5.13903743315508, "operatingIncome": 131000000, "operatingIncomeRatio": 0.7005347593582888, "totalOtherIncomeExpensesNet": 0.0, "incomeBeforeTax": 131000000, "incomeBeforeTaxRatio": 0.7005347593582888, "incomeTaxExpense": -174000000, "netIncome": 305000000, "netIncomeRatio": 1.6310160427807487, "eps": 0.81, "epsdiluted": 0.79, "weightedAverageShsOut": 1683950617, "weightedAverageShsOutDil": 1726582278, "link": "https://www.sec.gov/Archives/edgar/data/77476/000119312504165608/0001193125-04-165608-index.htm", "finalLink": "https://www.sec.gov/Archives/edgar/data/77476/000119312504165608/d10q.htm"}, {"date": "2004-06-12", "symbol": "PEP", "fillingDate": "2004-07-15", "acceptedDate": "2004-07-15 17:15:34", "period": "", "revenue": 939000000, "costOfRevenue": 402000000, "grossProfit": 537000000, "grossProfitRatio": 0.5718849840255591, "researchAndDevelopmentExpenses": 0.0, "generalAndAdministrativeExpenses": 242000000, "sellingAndMarketingExpenses": 0.0, "otherExpenses": 0.0, "operatingExpenses": 242000000, "costAndExpenses": 644000000, "interestExpense": 2000000.0, "depreciationAndAmortization": -242000000, "ebitda": 119000000, "ebitdaratio": 0.12673056443024494, "operatingIncome": 361000000, "operatingIncomeRatio": 0.3844515441959531, "totalOtherIncomeExpensesNet": 0.0, "incomeBeforeTax": 361000000, "incomeBeforeTaxRatio": 0.3844515441959531, "incomeTaxExpense": 106000000, "netIncome": 255000000, "netIncomeRatio": 0.2715654952076677, "eps": 0.23, "epsdiluted": 0.23, "weightedAverageShsOut": 4604347826, "weightedAverageShsOutDil": 4604347826, "link": "https://www.sec.gov/Archives/edgar/data/77476/000119312504118980/0001193125-04-118980-index.htm", "finalLink": "https://www.sec.gov/Archives/edgar/data/77476/000119312504118980/d10q.htm"}, {"date": "2004-03-20", "symbol": "PEP", "fillingDate": "2004-04-22", "acceptedDate": "2004-04-21 18:43:23", "period": "Q1", "revenue": 6131000000, "costOfRevenue": 2811000000, "grossProfit": 3320000000, "grossProfitRatio": 0.5415103572011091, "researchAndDevelopmentExpenses": 0.0, "generalAndAdministrativeExpenses": 2161000000, "sellingAndMarketingExpenses": 0.0, "otherExpenses": 0.0, "operatingExpenses": 2161000000, "costAndExpenses": 4972000000, "interestExpense": 35000000, "depreciationAndAmortization": 275000000, "ebitda": 1416000000, "ebitdaratio": 0.2309574294568586, "operatingIncome": 1141000000, "operatingIncomeRatio": 0.1861034089055619, "totalOtherIncomeExpensesNet": 0.0, "incomeBeforeTax": 1141000000, "incomeBeforeTaxRatio": 0.1861034089055619, "incomeTaxExpense": 337000000, "netIncome": 804000000, "netIncomeRatio": 0.13113684553906377, "eps": 0.16, "epsdiluted": 0.16, "weightedAverageShsOut": 5025000000, "weightedAverageShsOutDil": 5025000000, "link": "https://www.sec.gov/Archives/edgar/data/77476/000119312504066704/0001193125-04-066704-index.htm", "finalLink": "https://www.sec.gov/Archives/edgar/data/77476/000119312504066704/d10q.htm"}, {"date": "2003-12-27", "symbol": "PEP", "fillingDate": "2004-03-04", "acceptedDate": "2004-03-03 21:48:04", "period": "FY", "revenue": 20141000000, "costOfRevenue": 9263000000, "grossProfit": 10878000000, "grossProfitRatio": 0.5400923489399732, "researchAndDevelopmentExpenses": 0.0, "generalAndAdministrativeExpenses": 7242000000, "sellingAndMarketingExpenses": 0.0, "otherExpenses": 0.0, "operatingExpenses": 7242000000, "costAndExpenses": 16505000000, "interestExpense": 125000000, "depreciationAndAmortization": 405000000, "ebitda": 3838000000, "ebitdaratio": 0.19055657613822552, "operatingIncome": 3433000000, "operatingIncomeRatio": 0.17044833920857952, "totalOtherIncomeExpensesNet": 0.0, "incomeBeforeTax": 3433000000, "incomeBeforeTaxRatio": 0.17044833920857952, "incomeTaxExpense": 942000000, "netIncome": 2491000000, "netIncomeRatio": 0.12367806960925476, "eps": 0.0, "epsdiluted": 0.0, "weightedAverageShsOut": 6731250000, "weightedAverageShsOutDil": 6731250000, "link": "https://www.sec.gov/Archives/edgar/data/77476/000119312504034074/0001193125-04-034074-index.htm", "finalLink": "https://www.sec.gov/Archives/edgar/data/77476/000119312504034074/d10k.htm"}, {"date": "2003-09-30", "symbol": "PEP", "fillingDate": "2003-10-14", "acceptedDate": "2003-10-14 16:29:29", "period": "Q3", "revenue": 292000000, "costOfRevenue": 124000000, "grossProfit": 168000000, "grossProfitRatio": 0.5753424657534246, "researchAndDevelopmentExpenses": 0.0, "generalAndAdministrativeExpenses": 99000000, "sellingAndMarketingExpenses": 0.0, "otherExpenses": 0.0, "operatingExpenses": 99000000, "costAndExpenses": 223000000, "interestExpense": 1000000.0, "depreciationAndAmortization": 280000000, "ebitda": 385000000, "ebitdaratio": 1.3184931506849316, "operatingIncome": 105000000, "operatingIncomeRatio": 0.3595890410958904, "totalOtherIncomeExpensesNet": 0.0, "incomeBeforeTax": 105000000, "incomeBeforeTaxRatio": 0.3595890410958904, "incomeTaxExpense": 37000000, "netIncome": 68000000, "netIncomeRatio": 0.2328767123287671, "eps": 0.16, "epsdiluted": 0.16, "weightedAverageShsOut": 6731250000, "weightedAverageShsOutDil": 6731250000, "link": "https://www.sec.gov/Archives/edgar/data/77476/000119312503061381/0001193125-03-061381-index.htm", "finalLink": "https://www.sec.gov/Archives/edgar/data/77476/000119312503061381/d10q.htm"}, {"date": "2003-06-14", "symbol": "PEP", "fillingDate": "2003-07-25", "acceptedDate": "2003-07-24 18:15:24", "period": "", "revenue": 1008000000, "costOfRevenue": 458000000, "grossProfit": 550000000, "grossProfitRatio": 0.5456349206349206, "researchAndDevelopmentExpenses": 0.0, "generalAndAdministrativeExpenses": 300000000, "sellingAndMarketingExpenses": 0.0, "otherExpenses": 0.0, "operatingExpenses": 300000000, "costAndExpenses": 758000000, "interestExpense": 0.0, "depreciationAndAmortization": 280000000, "ebitda": 613000000, "ebitdaratio": 0.6081349206349206, "operatingIncome": 333000000, "operatingIncomeRatio": 0.33035714285714285, "totalOtherIncomeExpensesNet": 0.0, "incomeBeforeTax": 333000000, "incomeBeforeTaxRatio": 0.33035714285714285, "incomeTaxExpense": 101000000, "netIncome": 232000000, "netIncomeRatio": 0.23015873015873015, "eps": 0.59, "epsdiluted": 0.58, "weightedAverageShsOut": 1710169491, "weightedAverageShsOutDil": 1739655172, "link": "https://www.sec.gov/Archives/edgar/data/77476/000119312503023586/0001193125-03-023586-index.htm", "finalLink": "https://www.sec.gov/Archives/edgar/data/77476/000119312503023586/d10q.htm"}, {"date": "2003-03-22", "symbol": "PEP", "fillingDate": "2003-04-25", "acceptedDate": "2003-04-25 11:24:45", "period": "Q1", "revenue": 5530000000, "costOfRevenue": 2534000000, "grossProfit": 2996000000, "grossProfitRatio": 0.5417721518987342, "researchAndDevelopmentExpenses": 0.0, "generalAndAdministrativeExpenses": 1819000000, "sellingAndMarketingExpenses": 0.0, "otherExpenses": 0.0, "operatingExpenses": 1819000000, "costAndExpenses": 4353000000, "interestExpense": 37000000, "depreciationAndAmortization": 256000000, "ebitda": 1377000000, "ebitdaratio": 0.24900542495479205, "operatingIncome": 1121000000, "operatingIncomeRatio": 0.2027124773960217, "totalOtherIncomeExpensesNet": 0.0, "incomeBeforeTax": 1121000000, "incomeBeforeTaxRatio": 0.2027124773960217, "incomeTaxExpense": 344000000, "netIncome": 777000000, "netIncomeRatio": 0.14050632911392405, "eps": 0.15, "epsdiluted": 0.15, "weightedAverageShsOut": 5180000000, "weightedAverageShsOutDil": 5180000000, "link": "https://www.sec.gov/Archives/edgar/data/77476/000119312503001976/0001193125-03-001976-index.htm", "finalLink": "https://www.sec.gov/Archives/edgar/data/77476/000119312503001976/d10q.htm"}]