[{"date": "2020-03-31", "symbol": "MELI", "fillingDate": "2020-05-06", "acceptedDate": "2020-05-06 16:04:16", "period": "Q1", "revenue": 652091000, "costOfRevenue": 339277000, "grossProfit": 312814000, "grossProfitRatio": 0.4797091203528342, "researchAndDevelopmentExpenses": 73435000, "generalAndAdministrativeExpenses": 62566000, "sellingAndMarketingExpenses": 206507000, "otherExpenses": -23584000, "operatingExpenses": 342508000, "costAndExpenses": 681785000, "interestExpense": 0.0, "depreciationAndAmortization": 42337000, "ebitda": 12643000, "ebitdaratio": 0.019388398245, "operatingIncome": -29694000, "operatingIncomeRatio": -0.045536589218375965, "totalOtherIncomeExpensesNet": 36784000, "incomeBeforeTax": -16680000, "incomeBeforeTaxRatio": -0.02557925197556783, "incomeTaxExpense": 4429000.0, "netIncome": -12251000, "netIncomeRatio": -0.018787255153038456, "eps": -0.44, "epsdiluted": -0.44, "weightedAverageShsOut": 49709955, "weightedAverageShsOutDil": 49709955, "link": "https://www.sec.gov/Archives/edgar/data/1099590/000156276220000170/0001562762-20-000170-index.htm", "finalLink": "https://www.sec.gov/Archives/edgar/data/1099590/000156276220000170/meli-20200331x10q.htm"}, {"date": "2019-12-31", "symbol": "MELI", "fillingDate": "2020-02-14", "acceptedDate": "2020-02-14 17:14:03", "period": "FY", "revenue": 674271000, "costOfRevenue": 365924000, "grossProfit": 308347000, "grossProfitRatio": 0.45730425897005805, "researchAndDevelopmentExpenses": 58020000, "generalAndAdministrativeExpenses": 49463000, "sellingAndMarketingExpenses": 269751000, "otherExpenses": -65000.0, "operatingExpenses": 377234000, "costAndExpenses": 743158000, "interestExpense": 0.0, "depreciationAndAmortization": 37727000, "ebitda": 37574000, "ebitdaratio": 16.364982578397214, "operatingIncome": -153000.0, "operatingIncomeRatio": -0.0666376306620209, "totalOtherIncomeExpensesNet": 113000.0, "incomeBeforeTax": -107000.0, "incomeBeforeTaxRatio": -0.04660278745644599, "incomeTaxExpense": -64000.0, "netIncome": -43000.0, "netIncomeRatio": -0.018728222996515678, "eps": -1.11, "epsdiluted": -1.11, "weightedAverageShsOut": 48692906, "weightedAverageShsOutDil": 48692906, "link": "https://www.sec.gov/Archives/edgar/data/1099590/000156276220000055/0001562762-20-000055-index.htm", "finalLink": "https://www.sec.gov/Archives/edgar/data/1099590/000156276220000055/meli-20191231x10k.htm"}, {"date": "2019-09-30", "symbol": "MELI", "fillingDate": "2019-11-01", "acceptedDate": "2019-11-01 16:26:31", "period": "Q3", "revenue": 603031000, "costOfRevenue": 318689000, "grossProfit": 284342000, "grossProfitRatio": 0.47152136457329724, "researchAndDevelopmentExpenses": 59495000, "generalAndAdministrativeExpenses": 53869000, "sellingAndMarketingExpenses": 252903000, "otherExpenses": -14451000, "operatingExpenses": 366267000, "costAndExpenses": 684956000, "interestExpense": 0.0, "depreciationAndAmortization": 78172000, "ebitda": -3753000.0, "ebitdaratio": -0.006223560646135937, "operatingIncome": -81925000, "operatingIncomeRatio": -0.13585537061942088, "totalOtherIncomeExpensesNet": 28462000, "incomeBeforeTax": -66927000, "incomeBeforeTaxRatio": -0.11098434408844653, "incomeTaxExpense": 79155000, "netIncome": -146082000, "netIncomeRatio": -0.24224625268021047, "eps": -3.05, "epsdiluted": -3.05, "weightedAverageShsOut": 48350165, "weightedAverageShsOutDil": 48350165, "link": "https://www.sec.gov/Archives/edgar/data/1099590/000156276219000273/0001562762-19-000273-index.htm", "finalLink": "https://www.sec.gov/Archives/edgar/data/1099590/000156276219000273/meli-20190930x10q.htm"}, {"date": "2019-06-30", "symbol": "MELI", "fillingDate": "2019-08-08", "acceptedDate": "2019-08-08 16:44:18", "period": "Q2", "revenue": 545242000, "costOfRevenue": 272812000, "grossProfit": 272430000, "grossProfitRatio": 0.4996496968318655, "researchAndDevelopmentExpenses": 53923000, "generalAndAdministrativeExpenses": 50303000, "sellingAndMarketingExpenses": 180692000, "otherExpenses": -14679000, "operatingExpenses": 284918000, "costAndExpenses": 557730000, "interestExpense": 0.0, "depreciationAndAmortization": 25403000, "ebitda": 12915000, "ebitdaratio": 0.0236867299291, "operatingIncome": -12488000, "operatingIncomeRatio": -0.022903591432794978, "totalOtherIncomeExpensesNet": 33684000, "incomeBeforeTax": 7300000.0, "incomeBeforeTaxRatio": 0.0133885504051, "incomeTaxExpense": 3491000.0, "netIncome": 16217000, "netIncomeRatio": 0.0297427564274, "eps": 0.32, "epsdiluted": 0.32, "weightedAverageShsOut": 47658610, "weightedAverageShsOutDil": 47658610, "link": "https://www.sec.gov/Archives/edgar/data/1099590/000156276219000186/0001562762-19-000186-index.htm", "finalLink": "https://www.sec.gov/Archives/edgar/data/1099590/000156276219000186/meli-20190630x10q.htm"}, {"date": "2019-03-31", "symbol": "MELI", "fillingDate": "2019-05-03", "acceptedDate": "2019-05-03 16:03:52", "period": "Q1", "revenue": 473770000, "costOfRevenue": 236766000, "grossProfit": 237004000, "grossProfitRatio": 0.5002511767313254, "researchAndDevelopmentExpenses": 52369000, "generalAndAdministrativeExpenses": 43820000, "sellingAndMarketingExpenses": 130676000, "otherExpenses": -15559000, "operatingExpenses": 226865000, "costAndExpenses": 463631000, "interestExpense": 0.0, "depreciationAndAmortization": 18712000, "ebitda": 28851000, "ebitdaratio": 0.060896637609, "operatingIncome": 10139000, "operatingIncomeRatio": 0.0214006796547, "totalOtherIncomeExpensesNet": 24444000, "incomeBeforeTax": 15355000, "incomeBeforeTaxRatio": 0.0324102412563, "incomeTaxExpense": 3491000.0, "netIncome": 11864000, "netIncomeRatio": 0.0250416868945, "eps": 0.13, "epsdiluted": 0.13, "weightedAverageShsOut": 45980255, "weightedAverageShsOutDil": 45980255, "link": "https://www.sec.gov/Archives/edgar/data/1099590/000156276219000123/0001562762-19-000123-index.htm", "finalLink": "https://www.sec.gov/Archives/edgar/data/1099590/000156276219000123/meli-20190331x10q.htm"}, {"date": "2018-12-31", "symbol": "MELI", "fillingDate": "2019-02-28", "acceptedDate": "2019-02-28 09:18:56", "period": "FY", "revenue": 428019000, "costOfRevenue": 223235000, "grossProfit": 204784000, "grossProfitRatio": 0.4784460502921599, "researchAndDevelopmentExpenses": 146273000, "generalAndAdministrativeExpenses": 26575000, "sellingAndMarketingExpenses": 140065000, "otherExpenses": -56000.0, "operatingExpenses": 205602000, "costAndExpenses": 428837000, "interestExpense": 0.0, "depreciationAndAmortization": 4953000.0, "ebitda": 4135000.0, "ebitdaratio": 0.0096607860866, "operatingIncome": -69000.0, "operatingIncomeRatio": -0.04794996525364837, "totalOtherIncomeExpensesNet": 42000.0, "incomeBeforeTax": -65000.0, "incomeBeforeTaxRatio": -0.045170257123002086, "incomeTaxExpense": 28000.0, "netIncome": -93000.0, "netIncomeRatio": -0.06462821403752605, "eps": -0.05, "epsdiluted": -0.05, "weightedAverageShsOut": 44529614, "weightedAverageShsOutDil": 44529614, "link": "https://www.sec.gov/Archives/edgar/data/1099590/000156276219000047/0001562762-19-000047-index.htm", "finalLink": "https://www.sec.gov/Archives/edgar/data/1099590/000156276219000047/meli-20181231x10k.htm"}, {"date": "2018-09-30", "symbol": "MELI", "fillingDate": "2018-11-02", "acceptedDate": "2018-11-02 17:08:18", "period": "Q3", "revenue": 355281000, "costOfRevenue": 185563000, "grossProfit": 169718000, "grossProfitRatio": 0.4777007495475412, "researchAndDevelopmentExpenses": 0.0, "generalAndAdministrativeExpenses": 34800000, "sellingAndMarketingExpenses": 110443000, "otherExpenses": 35478000, "operatingExpenses": 180721000, "costAndExpenses": 366284000, "interestExpense": 0.0, "depreciationAndAmortization": 19997000, "ebitda": 8994000.0, "ebitdaratio": 0.0253151730602, "operatingIncome": -11003000, "operatingIncomeRatio": -0.030969852032616436, "totalOtherIncomeExpensesNet": 8636000.0, "incomeBeforeTax": -14312000, "incomeBeforeTaxRatio": -0.0402836064973922, "incomeTaxExpense": 24372000, "netIncome": -38684000, "netIncomeRatio": -0.10888282795871437, "eps": -0.22, "epsdiluted": -0.22, "weightedAverageShsOut": 44302724, "weightedAverageShsOutDil": 44302724, "link": "https://www.sec.gov/Archives/edgar/data/1099590/000156276218000323/0001562762-18-000323-index.htm", "finalLink": "https://www.sec.gov/Archives/edgar/data/1099590/000156276218000323/meli-20180930x10q.htm"}, {"date": "2018-06-30", "symbol": "MELI", "fillingDate": "2018-08-09", "acceptedDate": "2018-08-09 09:54:16", "period": "Q2", "revenue": 335377000, "costOfRevenue": 175629000, "grossProfit": 159748000, "grossProfitRatio": 0.47632365964273043, "researchAndDevelopmentExpenses": 0.0, "generalAndAdministrativeExpenses": 33337000, "sellingAndMarketingExpenses": 121216000, "otherExpenses": 33437000, "operatingExpenses": 187990000, "costAndExpenses": 363619000, "interestExpense": 0.0, "depreciationAndAmortization": 14103000, "ebitda": -14139000, "ebitdaratio": -0.042158526076624216, "operatingIncome": -28242000, "operatingIncomeRatio": -0.08420971026635697, "totalOtherIncomeExpensesNet": 9915000.0, "incomeBeforeTax": -18952000, "incomeBeforeTaxRatio": -0.05650954001019748, "incomeTaxExpense": -12438000, "netIncome": -6514000.0, "netIncomeRatio": -0.019422918089195145, "eps": -0.26, "epsdiluted": -0.26, "weightedAverageShsOut": 44157364, "weightedAverageShsOutDil": 44157364, "link": "https://www.sec.gov/Archives/edgar/data/1099590/000156276218000229/0001562762-18-000229-index.htm", "finalLink": "https://www.sec.gov/Archives/edgar/data/1099590/000156276218000229/meli-20180630x10q.htm"}, {"date": "2018-03-31", "symbol": "MELI", "fillingDate": "2018-05-10", "acceptedDate": "2018-05-10 09:16:25", "period": "Q1", "revenue": 320976000, "costOfRevenue": 158218000, "grossProfit": 162758000, "grossProfitRatio": 0.507072179851453, "researchAndDevelopmentExpenses": 0.0, "generalAndAdministrativeExpenses": 43058000, "sellingAndMarketingExpenses": 110723000, "otherExpenses": 38396000, "operatingExpenses": 192177000, "costAndExpenses": 350395000, "interestExpense": 0.0, "depreciationAndAmortization": 18147000, "ebitda": -11272000, "ebitdaratio": -0.035117890434175764, "operatingIncome": -29419000, "operatingIncomeRatio": -0.09165482777528539, "totalOtherIncomeExpensesNet": 9195000.0, "incomeBeforeTax": -25357000, "incomeBeforeTaxRatio": -0.07899967598823589, "incomeTaxExpense": 12438000, "netIncome": -37795000, "netIncomeRatio": -0.11775023677782763, "eps": -0.29, "epsdiluted": -0.29, "weightedAverageShsOut": 44157364, "weightedAverageShsOutDil": 44157364, "link": "https://www.sec.gov/Archives/edgar/data/1099590/000156276218000158/0001562762-18-000158-index.htm", "finalLink": "https://www.sec.gov/Archives/edgar/data/1099590/000156276218000158/meli-20180331x10q.htm"}, {"date": "2017-12-31", "symbol": "MELI", "fillingDate": "2018-02-23", "acceptedDate": "2018-02-23 16:15:54", "period": "FY", "revenue": 436978000, "costOfRevenue": 233616000, "grossProfit": 203362000, "grossProfitRatio": 0.46538269661172876, "researchAndDevelopmentExpenses": 0.0, "generalAndAdministrativeExpenses": 30619000, "sellingAndMarketingExpenses": 117450000, "otherExpenses": 119902000, "operatingExpenses": 267971000, "costAndExpenses": 501587000, "interestExpense": 0.0, "depreciationAndAmortization": 12589000, "ebitda": 12645000, "ebitdaratio": 9.045064377682403, "operatingIncome": 56000.0, "operatingIncomeRatio": 0.04005722460658083, "totalOtherIncomeExpensesNet": 45000.0, "incomeBeforeTax": 54000.0, "incomeBeforeTaxRatio": 0.03862660944206009, "incomeTaxExpense": 3049000.0, "netIncome": 14367000, "netIncomeRatio": 0.0328780853956, "eps": -1.54, "epsdiluted": -1.54, "weightedAverageShsOut": 44157364, "weightedAverageShsOutDil": 44157364, "link": "https://www.sec.gov/Archives/edgar/data/1099590/000156276218000040/0001562762-18-000040-index.htm", "finalLink": "https://www.sec.gov/Archives/edgar/data/1099590/000156276218000040/meli-20171231x10k.htm"}, {"date": "2017-09-30", "symbol": "MELI", "fillingDate": "2017-11-03", "acceptedDate": "2017-11-03 16:10:02", "period": "Q3", "revenue": 370662000, "costOfRevenue": 194834000, "grossProfit": 175828000, "grossProfitRatio": 0.47436208729246593, "researchAndDevelopmentExpenses": 0.0, "generalAndAdministrativeExpenses": 31767000, "sellingAndMarketingExpenses": 84139000, "otherExpenses": 32380000, "operatingExpenses": 148286000, "costAndExpenses": 343120000, "interestExpense": 0.0, "depreciationAndAmortization": 15306000, "ebitda": 42848000, "ebitdaratio": 0.11559857768, "operatingIncome": 27542000, "operatingIncomeRatio": 0.0743048923278, "totalOtherIncomeExpensesNet": 14200000, "incomeBeforeTax": 36655000, "incomeBeforeTaxRatio": 0.0988906335152, "incomeTaxExpense": 8989000.0, "netIncome": 27666000, "netIncomeRatio": 0.07463942891367337, "eps": 0.63, "epsdiluted": 0.63, "weightedAverageShsOut": 44157364, "weightedAverageShsOutDil": 44157364, "link": "https://www.sec.gov/Archives/edgar/data/1099590/000156276217000173/0001562762-17-000173-index.htm", "finalLink": "https://www.sec.gov/Archives/edgar/data/1099590/000156276217000173/meli-20170930x10q.htm"}, {"date": "2017-06-30", "symbol": "MELI", "fillingDate": "2017-08-04", "acceptedDate": "2017-08-04 16:08:19", "period": "Q2", "revenue": 316529000, "costOfRevenue": 144975000, "grossProfit": 171554000, "grossProfitRatio": 0.5419850945726932, "researchAndDevelopmentExpenses": 0.0, "generalAndAdministrativeExpenses": 31499000, "sellingAndMarketingExpenses": 76855000, "otherExpenses": 33174000, "operatingExpenses": 141528000, "costAndExpenses": 286503000, "interestExpense": 0.0, "depreciationAndAmortization": 10652000, "ebitda": 40678000, "ebitdaratio": 0.128512711316, "operatingIncome": 30026000, "operatingIncomeRatio": 0.0948601865864, "totalOtherIncomeExpensesNet": 10663000, "incomeBeforeTax": 12423000, "incomeBeforeTaxRatio": 0.0392475886886, "incomeTaxExpense": 7107000.0, "netIncome": 5316000.0, "netIncomeRatio": 0.016794669682714695, "eps": 0.12, "epsdiluted": 0.12, "weightedAverageShsOut": 44157364, "weightedAverageShsOutDil": 44157364, "link": "https://www.sec.gov/Archives/edgar/data/1099590/000156276217000120/0001562762-17-000120-index.htm", "finalLink": "https://www.sec.gov/Archives/edgar/data/1099590/000156276217000120/meli-20170630x10q.htm"}, {"date": "2017-03-31", "symbol": "MELI", "fillingDate": "2017-05-05", "acceptedDate": "2017-05-05 16:19:07", "period": "Q1", "revenue": 273926000, "costOfRevenue": 105070000, "grossProfit": 168856000, "grossProfitRatio": 0.6164292546162102, "researchAndDevelopmentExpenses": 0.0, "generalAndAdministrativeExpenses": 28309000, "sellingAndMarketingExpenses": 46931000, "otherExpenses": 30302000, "operatingExpenses": 105542000, "costAndExpenses": 210612000, "interestExpense": 0.0, "depreciationAndAmortization": 13229000, "ebitda": 76543000, "ebitdaratio": 0.279429480955, "operatingIncome": 63314000, "operatingIncomeRatio": 0.231135416134, "totalOtherIncomeExpensesNet": 12157000, "incomeBeforeTax": 69663000, "incomeBeforeTaxRatio": 0.254313208677, "incomeTaxExpense": 21145000, "netIncome": 48518000, "netIncomeRatio": 0.1771208282528858, "eps": 1.1, "epsdiluted": 1.1, "weightedAverageShsOut": 44157364, "weightedAverageShsOutDil": 44157364, "link": "https://www.sec.gov/Archives/edgar/data/1099590/000156276217000054/0001562762-17-000054-index.htm", "finalLink": "https://www.sec.gov/Archives/edgar/data/1099590/000156276217000054/meli-20170331x10q.htm"}, {"date": "2016-12-31", "symbol": "MELI", "fillingDate": "2017-02-24", "acceptedDate": "2017-02-24 16:31:03", "period": "FY", "revenue": 256275000, "costOfRevenue": 93545000, "grossProfit": 162730000, "grossProfitRatio": 0.6349819529801971, "researchAndDevelopmentExpenses": 0.0, "generalAndAdministrativeExpenses": 23249000, "sellingAndMarketingExpenses": 48553000, "otherExpenses": 26256000, "operatingExpenses": 98058000, "costAndExpenses": 191603000, "interestExpense": 0.0, "depreciationAndAmortization": 9039000.0, "ebitda": 73711000, "ebitdaratio": 0.287624621988, "operatingIncome": 64672000, "operatingIncomeRatio": 0.252353916691, "totalOtherIncomeExpensesNet": 35000.0, "incomeBeforeTax": 67621000, "incomeBeforeTaxRatio": 0.263861086723, "incomeTaxExpense": 16272000, "netIncome": 51349000, "netIncomeRatio": 0.200366793484, "eps": 1.16, "epsdiluted": 1.16, "weightedAverageShsOut": 44157251, "weightedAverageShsOutDil": 44157251, "link": "https://www.sec.gov/Archives/edgar/data/1099590/000156276217000024/0001562762-17-000024-index.htm", "finalLink": "https://www.sec.gov/Archives/edgar/data/1099590/000156276217000024/meli-20161231x10k.htm"}, {"date": "2016-09-30", "symbol": "MELI", "fillingDate": "2016-11-04", "acceptedDate": "2016-11-04 16:19:14", "period": "Q3", "revenue": 230847000, "costOfRevenue": 85199000, "grossProfit": 145648000, "grossProfitRatio": 0.6309287103579427, "researchAndDevelopmentExpenses": 0.0, "generalAndAdministrativeExpenses": 26151000, "sellingAndMarketingExpenses": 39723000, "otherExpenses": 26066000, "operatingExpenses": 91940000, "costAndExpenses": 177139000, "interestExpense": 0.0, "depreciationAndAmortization": 11937000, "ebitda": 65645000, "ebitdaratio": 0.28436583538, "operatingIncome": 53708000, "operatingIncomeRatio": 0.232656261507, "totalOtherIncomeExpensesNet": 9892000.0, "incomeBeforeTax": 52286000, "incomeBeforeTaxRatio": 0.226496337401, "incomeTaxExpense": 13374000, "netIncome": 38912000, "netIncomeRatio": 0.168561861319, "eps": 0.89, "epsdiluted": 0.89, "weightedAverageShsOut": 44157215, "weightedAverageShsOutDil": 44157215, "link": "https://www.sec.gov/Archives/edgar/data/1099590/000156276216000445/0001562762-16-000445-index.htm", "finalLink": "https://www.sec.gov/Archives/edgar/data/1099590/000156276216000445/meli-20160930x10q.htm"}, {"date": "2016-06-30", "symbol": "MELI", "fillingDate": "2016-08-05", "acceptedDate": "2016-08-05 16:35:06", "period": "Q2", "revenue": 199644000, "costOfRevenue": 73346000, "grossProfit": 126298000, "grossProfitRatio": 0.6326160565807136, "researchAndDevelopmentExpenses": 0.0, "generalAndAdministrativeExpenses": 20841000, "sellingAndMarketingExpenses": 35337000, "otherExpenses": 37933000, "operatingExpenses": 94111000, "costAndExpenses": 167457000, "interestExpense": 0.0, "depreciationAndAmortization": 7200000.0, "ebitda": 39387000, "ebitdaratio": 0.197286169381, "operatingIncome": 32187000, "operatingIncomeRatio": 0.161221975116, "totalOtherIncomeExpensesNet": 8049000.0, "incomeBeforeTax": 28218000, "incomeBeforeTaxRatio": 0.141341588027, "incomeTaxExpense": 12360000, "netIncome": 15858000, "netIncomeRatio": 0.0794313878704, "eps": 0.36, "epsdiluted": 0.36, "weightedAverageShsOut": 44157151, "weightedAverageShsOutDil": 44157151, "link": "https://www.sec.gov/Archives/edgar/data/1099590/000156276216000414/0001562762-16-000414-index.htm", "finalLink": "https://www.sec.gov/Archives/edgar/data/1099590/000156276216000414/meli-20160630x10q.htm"}, {"date": "2016-03-31", "symbol": "MELI", "fillingDate": "2016-05-06", "acceptedDate": "2016-05-06 16:22:07", "period": "Q1", "revenue": 157630000, "costOfRevenue": 55448000, "grossProfit": 102182000, "grossProfitRatio": 0.648239548309332, "researchAndDevelopmentExpenses": 0.0, "generalAndAdministrativeExpenses": 17069000, "sellingAndMarketingExpenses": 32683000, "otherExpenses": 21941000, "operatingExpenses": 71693000, "costAndExpenses": 127141000, "interestExpense": 0.0, "depreciationAndAmortization": 10683000, "ebitda": 41172000, "ebitdaratio": 0.261193935165, "operatingIncome": 30489000, "operatingIncomeRatio": 0.193421303051, "totalOtherIncomeExpensesNet": 7251000.0, "incomeBeforeTax": 37203000, "incomeBeforeTaxRatio": 0.236014718011, "incomeTaxExpense": 6956000.0, "netIncome": 30247000, "netIncomeRatio": 0.191886062298, "eps": 0.68, "epsdiluted": 0.68, "weightedAverageShsOut": 44156961, "weightedAverageShsOutDil": 44156961, "link": "https://www.sec.gov/Archives/edgar/data/1099590/000156276216000383/0001562762-16-000383-index.htm", "finalLink": "https://www.sec.gov/Archives/edgar/data/1099590/000156276216000383/meli-20160331x10q.htm"}, {"date": "2015-12-31", "symbol": "MELI", "fillingDate": "2016-02-26", "acceptedDate": "2016-02-26 17:44:12", "period": "FY", "revenue": 180732000, "costOfRevenue": 63162000, "grossProfit": 117570000, "grossProfitRatio": 0.6505212137308279, "researchAndDevelopmentExpenses": 0.0, "generalAndAdministrativeExpenses": 19215000, "sellingAndMarketingExpenses": 42167000, "otherExpenses": 22496000, "operatingExpenses": 83878000, "costAndExpenses": 147040000, "interestExpense": 0.0, "depreciationAndAmortization": 10608000, "ebitda": 44300000, "ebitdaratio": 0.245114312905, "operatingIncome": 33692000, "operatingIncomeRatio": 0.186419671115, "totalOtherIncomeExpensesNet": 6000.0, "incomeBeforeTax": 53028000, "incomeBeforeTaxRatio": 0.293406812297, "incomeTaxExpense": 14063000, "netIncome": 38965000, "netIncomeRatio": 0.215595467322, "eps": 0.89, "epsdiluted": 0.89, "weightedAverageShsOut": 44155680, "weightedAverageShsOutDil": 44155680, "link": "https://www.sec.gov/Archives/edgar/data/1099590/000156276216000352/0001562762-16-000352-index.htm", "finalLink": "https://www.sec.gov/Archives/edgar/data/1099590/000156276216000352/meli-20151231x10k.htm"}, {"date": "2015-09-30", "symbol": "MELI", "fillingDate": "2015-11-05", "acceptedDate": "2015-11-05 16:56:24", "period": "Q3", "revenue": 168641000, "costOfRevenue": 56813000, "grossProfit": 111828000, "grossProfitRatio": 0.6631127661719274, "researchAndDevelopmentExpenses": 0.0, "generalAndAdministrativeExpenses": 18381000, "sellingAndMarketingExpenses": 31125000, "otherExpenses": 17042000, "operatingExpenses": 66548000, "costAndExpenses": 123361000, "interestExpense": 0.0, "depreciationAndAmortization": 10341000, "ebitda": 55621000, "ebitdaratio": 0.329818964546, "operatingIncome": 45280000, "operatingIncomeRatio": 0.268499356621, "totalOtherIncomeExpensesNet": 14000.0, "incomeBeforeTax": 47616000, "incomeBeforeTaxRatio": 0.282351266892, "incomeTaxExpense": 1976000.0, "netIncome": 45640000, "netIncomeRatio": 0.270634068821, "eps": 1.03, "epsdiluted": 1.03, "weightedAverageShsOut": 44155303, "weightedAverageShsOutDil": 44155303, "link": "https://www.sec.gov/Archives/edgar/data/1099590/000156276215000287/0001562762-15-000287-index.htm", "finalLink": "https://www.sec.gov/Archives/edgar/data/1099590/000156276215000287/meli-20150930x10q.htm"}, {"date": "2015-06-30", "symbol": "MELI", "fillingDate": "2015-08-06", "acceptedDate": "2015-08-06 16:59:58", "period": "Q2", "revenue": 154314000, "costOfRevenue": 50311000, "grossProfit": 104003000, "grossProfitRatio": 0.6739699573596692, "researchAndDevelopmentExpenses": 0.0, "generalAndAdministrativeExpenses": 20612000, "sellingAndMarketingExpenses": 29115000, "otherExpenses": 19640000, "operatingExpenses": 69367000, "costAndExpenses": 119678000, "interestExpense": 0.0, "depreciationAndAmortization": 10467000, "ebitda": 45103000, "ebitdaratio": 0.292280674469, "operatingIncome": 34636000, "operatingIncomeRatio": 0.224451443161, "totalOtherIncomeExpensesNet": 4683000.0, "incomeBeforeTax": 33471000, "incomeBeforeTaxRatio": 0.216901901318, "incomeTaxExpense": 14008000, "netIncome": 19463000, "netIncomeRatio": 0.126125950983, "eps": 0.44, "epsdiluted": 0.44, "weightedAverageShsOut": 44155035, "weightedAverageShsOutDil": 44155035, "link": "https://www.sec.gov/Archives/edgar/data/1099590/000156276215000219/0001562762-15-000219-index.htm", "finalLink": "https://www.sec.gov/Archives/edgar/data/1099590/000156276215000219/meli-20150630x10q.htm"}, {"date": "2015-03-31", "symbol": "MELI", "fillingDate": "2015-05-07", "acceptedDate": "2015-05-07 17:01:25", "period": "Q1", "revenue": 148103000, "costOfRevenue": 44708000, "grossProfit": 103395000, "grossProfitRatio": 0.6981290048142171, "researchAndDevelopmentExpenses": 0.0, "generalAndAdministrativeExpenses": 18134000, "sellingAndMarketingExpenses": 26202000, "otherExpenses": 33471000, "operatingExpenses": 77807000, "costAndExpenses": 122515000, "interestExpense": 0.0, "depreciationAndAmortization": 9065000.0, "ebitda": 34653000, "ebitdaratio": 0.233979055117, "operatingIncome": 25588000, "operatingIncomeRatio": 0.172771652161, "totalOtherIncomeExpensesNet": 4308000.0, "incomeBeforeTax": 16376000, "incomeBeforeTaxRatio": 0.110571696725, "incomeTaxExpense": 14655000, "netIncome": 1721000.0, "netIncomeRatio": 0.0116202912838, "eps": 0.04, "epsdiluted": 0.04, "weightedAverageShsOut": 44154796, "weightedAverageShsOutDil": 44154796, "link": "https://www.sec.gov/Archives/edgar/data/1099590/000156276215000125/0001562762-15-000125-index.htm", "finalLink": "https://www.sec.gov/Archives/edgar/data/1099590/000156276215000125/meli-20150331x10q.htm"}, {"date": "2014-12-31", "symbol": "MELI", "fillingDate": "2015-02-27", "acceptedDate": "2015-02-27 16:11:23", "period": "FY", "revenue": 161369647, "costOfRevenue": 47665120, "grossProfit": 113704527, "grossProfitRatio": 0.7046215265005816, "researchAndDevelopmentExpenses": 0.0, "generalAndAdministrativeExpenses": 19040984, "sellingAndMarketingExpenses": 33400003, "otherExpenses": 16027166, "operatingExpenses": 68468153, "costAndExpenses": 116133273, "interestExpense": 0.0, "depreciationAndAmortization": 8548197.0, "ebitda": 53784571, "ebitdaratio": 0.333300419254, "operatingIncome": 45236374, "operatingIncomeRatio": 0.280327650466, "totalOtherIncomeExpensesNet": 2000000.0, "incomeBeforeTax": 49961367, "incomeBeforeTaxRatio": 0.309608206554, "incomeTaxExpense": 15800038, "netIncome": 34145118, "netIncomeRatio": 0.211595666439, "eps": 0.76, "epsdiluted": 0.76, "weightedAverageShsOut": 44153884, "weightedAverageShsOutDil": 44153884, "link": "https://www.sec.gov/Archives/edgar/data/1099590/000119312515069727/0001193125-15-069727-index.htm", "finalLink": "https://www.sec.gov/Archives/edgar/data/1099590/000119312515069727/d861783d10k.htm"}, {"date": "2014-09-30", "symbol": "MELI", "fillingDate": "2014-11-03", "acceptedDate": "2014-11-03 17:31:29", "period": "Q3", "revenue": 147934895, "costOfRevenue": 43401677, "grossProfit": 104533218, "grossProfitRatio": 0.7066163666118126, "researchAndDevelopmentExpenses": 0.0, "generalAndAdministrativeExpenses": 14406413, "sellingAndMarketingExpenses": 29406149, "otherExpenses": 13574467, "operatingExpenses": 57387029, "costAndExpenses": 100788706, "interestExpense": 0.0, "depreciationAndAmortization": 8689725.0, "ebitda": 55835914, "ebitdaratio": 0.377435722654, "operatingIncome": 47146189, "operatingIncomeRatio": 0.318695524812, "totalOtherIncomeExpensesNet": 4360901000000, "incomeBeforeTax": 51814045, "incomeBeforeTaxRatio": 0.350248972698, "incomeTaxExpense": 18062078, "netIncome": 33765490, "netIncomeRatio": 0.228245607637, "eps": 0.76, "epsdiluted": 0.76, "weightedAverageShsOut": 44153867, "weightedAverageShsOutDil": 44153867, "link": "https://www.sec.gov/Archives/edgar/data/1099590/000119312514394339/0001193125-14-394339-index.htm", "finalLink": "https://www.sec.gov/Archives/edgar/data/1099590/000119312514394339/d810153d10q.htm"}, {"date": "2014-06-30", "symbol": "MELI", "fillingDate": "2014-08-11", "acceptedDate": "2014-08-08 19:13:02", "period": "Q2", "revenue": 131849141, "costOfRevenue": 36371539, "grossProfit": 95477602, "grossProfitRatio": 0.7241427685903543, "researchAndDevelopmentExpenses": 0.0, "generalAndAdministrativeExpenses": 13684701, "sellingAndMarketingExpenses": 26469194, "otherExpenses": 61236494, "operatingExpenses": 101390389, "costAndExpenses": 137761928, "interestExpense": 0.0, "depreciationAndAmortization": 4064170.0, "ebitda": -5912782935830, "ebitdaratio": -0.04484506225057621, "operatingIncome": -5912787000000, "operatingIncomeRatio": -0.04484509307497119, "totalOtherIncomeExpensesNet": 3572916000000, "incomeBeforeTax": -49644467000000, "incomeBeforeTaxRatio": -0.3765247662857356, "incomeTaxExpense": 6505879.0, "netIncome": -25588478000000, "netIncomeRatio": -0.19407390754256032, "eps": -0.58, "epsdiluted": -0.58, "weightedAverageShsOut": 44153658, "weightedAverageShsOutDil": 44168126, "link": "https://www.sec.gov/Archives/edgar/data/1099590/000119312514303451/0001193125-14-303451-index.htm", "finalLink": "https://www.sec.gov/Archives/edgar/data/1099590/000119312514303451/d753656d10q.htm"}, {"date": "2014-03-31", "symbol": "MELI", "fillingDate": "2014-05-09", "acceptedDate": "2014-05-09 17:31:05", "period": "Q1", "revenue": 115382319, "costOfRevenue": 31539665, "grossProfit": 83842654, "grossProfitRatio": 0.726650796470818, "researchAndDevelopmentExpenses": 0.0, "generalAndAdministrativeExpenses": 15232411, "sellingAndMarketingExpenses": 22351958, "otherExpenses": 12257198, "operatingExpenses": 49841567, "costAndExpenses": 81381232, "interestExpense": 0.0, "depreciationAndAmortization": 3519100.0, "ebitda": 37520187, "ebitdaratio": 0.325181425761, "operatingIncome": 34001087, "operatingIncomeRatio": 0.294681952094, "totalOtherIncomeExpensesNet": 36626.0, "incomeBeforeTax": 39103008, "incomeBeforeTaxRatio": 0.338899480777, "incomeTaxExpense": 8775055.0, "netIncome": 30263973, "netIncomeRatio": 0.262292986155, "eps": 0.69, "epsdiluted": 0.69, "weightedAverageShsOut": 44153818, "weightedAverageShsOutDil": 44153818, "link": "https://www.sec.gov/Archives/edgar/data/1099590/000119312514192809/0001193125-14-192809-index.htm", "finalLink": "https://www.sec.gov/Archives/edgar/data/1099590/000119312514192809/d709187d10q.htm"}, {"date": "2013-12-31", "symbol": "MELI", "fillingDate": "2014-03-03", "acceptedDate": "2014-02-28 19:20:13", "period": "FY", "revenue": 134630171, "costOfRevenue": 36205511, "grossProfit": 98424660, "grossProfitRatio": 0.7310743146868617, "researchAndDevelopmentExpenses": 0.0, "generalAndAdministrativeExpenses": 13487277, "sellingAndMarketingExpenses": 23147363, "otherExpenses": 9670944.0, "operatingExpenses": 46305584, "costAndExpenses": 82511095, "interestExpense": 0.0, "depreciationAndAmortization": 6518417.0, "ebitda": 58637493, "ebitdaratio": 0.435544964137, "operatingIncome": 52119076, "operatingIncomeRatio": 0.387127756081, "totalOtherIncomeExpensesNet": 1146662.0, "incomeBeforeTax": 55813681000000, "incomeBeforeTaxRatio": 0.41457037887889187, "incomeTaxExpense": 14977714, "netIncome": 40763929, "netIncomeRatio": 0.302784499917, "eps": 0.93, "epsdiluted": 0.93, "weightedAverageShsOut": 44152600, "weightedAverageShsOutDil": 44152600, "link": "https://www.sec.gov/Archives/edgar/data/1099590/000119312514078151/0001193125-14-078151-index.htm", "finalLink": "https://www.sec.gov/Archives/edgar/data/1099590/000119312514078151/d639270d10k.htm"}, {"date": "2013-09-30", "symbol": "MELI", "fillingDate": "2013-11-08", "acceptedDate": "2013-11-07 17:57:23", "period": "Q3", "revenue": 123055431, "costOfRevenue": 34144990, "grossProfit": 88910441, "grossProfitRatio": 0.7225235024368815, "researchAndDevelopmentExpenses": 0.0, "generalAndAdministrativeExpenses": 15260905, "sellingAndMarketingExpenses": 24175450, "otherExpenses": 12074585, "operatingExpenses": 51510940, "costAndExpenses": 85655930, "interestExpense": 0.0, "depreciationAndAmortization": 2889889.0, "ebitda": 40289390, "ebitdaratio": 0.32740846684, "operatingIncome": 37399501, "operatingIncomeRatio": 0.303924017787, "totalOtherIncomeExpensesNet": 2776792000000, "incomeBeforeTax": 41222173, "incomeBeforeTaxRatio": 0.33498865239, "incomeTaxExpense": 12075486, "netIncome": 29199900, "netIncomeRatio": 0.23729062393, "eps": 0.66, "epsdiluted": 0.66, "weightedAverageShsOut": 44152402, "weightedAverageShsOutDil": 44152402, "link": "https://www.sec.gov/Archives/edgar/data/1099590/000119312513433300/0001193125-13-433300-index.htm", "finalLink": "https://www.sec.gov/Archives/edgar/data/1099590/000119312513433300/d604164d10q.htm"}, {"date": "2013-06-30", "symbol": "MELI", "fillingDate": "2013-08-07", "acceptedDate": "2013-08-06 18:19:16", "period": "Q2", "revenue": 112183360, "costOfRevenue": 31077211, "grossProfit": 81106149, "grossProfitRatio": 0.722978425677391, "researchAndDevelopmentExpenses": 0.0, "generalAndAdministrativeExpenses": 15073088, "sellingAndMarketingExpenses": 20823546, "otherExpenses": 9760221.0, "operatingExpenses": 45656855, "costAndExpenses": 76734066, "interestExpense": 0.0, "depreciationAndAmortization": -1105640.0, "ebitda": 34343654, "ebitdaratio": 0.306138575275, "operatingIncome": 35449294, "operatingIncomeRatio": 0.315994225882, "totalOtherIncomeExpensesNet": 2202314000000, "incomeBeforeTax": 40722199, "incomeBeforeTaxRatio": 0.362996784906, "incomeTaxExpense": 10701181, "netIncome": 30021018, "netIncomeRatio": 0.267606693185, "eps": 0.67, "epsdiluted": 0.67, "weightedAverageShsOut": 44152132, "weightedAverageShsOutDil": 44152132, "link": "https://www.sec.gov/Archives/edgar/data/1099590/000119312513322069/0001193125-13-322069-index.htm", "finalLink": "https://www.sec.gov/Archives/edgar/data/1099590/000119312513322069/d552461d10q.htm"}, {"date": "2013-03-31", "symbol": "MELI", "fillingDate": "2013-05-07", "acceptedDate": "2013-05-07 17:14:14", "period": "Q1", "revenue": 102725747, "costOfRevenue": 28649167, "grossProfit": 74076580, "grossProfitRatio": 0.721110161408707, "researchAndDevelopmentExpenses": 0.0, "generalAndAdministrativeExpenses": 13785070, "sellingAndMarketingExpenses": 22337937, "otherExpenses": 9382389.0, "operatingExpenses": 45505396, "costAndExpenses": 74154563, "interestExpense": 0.0, "depreciationAndAmortization": 3575899.0, "ebitda": 32147083, "ebitdaratio": 0.312940854059, "operatingIncome": 28571184, "operatingIncomeRatio": 0.278130700768, "totalOtherIncomeExpensesNet": 3394006000000, "incomeBeforeTax": 25351391, "incomeBeforeTaxRatio": 0.246787117547, "incomeTaxExpense": 7828800.0, "netIncome": 17522591, "netIncomeRatio": 0.170576428128, "eps": 0.4, "epsdiluted": 0.4, "weightedAverageShsOut": 44151323, "weightedAverageShsOutDil": 44151323, "link": "https://www.sec.gov/Archives/edgar/data/1099590/000119312513204750/0001193125-13-204750-index.htm", "finalLink": "https://www.sec.gov/Archives/edgar/data/1099590/000119312513204750/d509876d10q.htm"}, {"date": "2012-12-31", "symbol": "MELI", "fillingDate": "2013-02-28", "acceptedDate": "2013-02-27 22:00:32", "period": "FY", "revenue": 103754646, "costOfRevenue": 27402862, "grossProfit": 76351784, "grossProfitRatio": 0.7358878560483932, "researchAndDevelopmentExpenses": 0.0, "generalAndAdministrativeExpenses": 11117149, "sellingAndMarketingExpenses": 19182429, "otherExpenses": 6923686.0, "operatingExpenses": 37223264, "costAndExpenses": 64626126, "interestExpense": 0.0, "depreciationAndAmortization": 2329977.0, "ebitda": 41458497, "ebitdaratio": 0.39958207751, "operatingIncome": 39128520, "operatingIncomeRatio": 0.377125473494, "totalOtherIncomeExpensesNet": 2880600000000, "incomeBeforeTax": 42224344, "incomeBeforeTaxRatio": 0.4069634048, "incomeTaxExpense": 11977954, "netIncome": 30246390, "netIncomeRatio": 0.291518415474, "eps": 0.68, "epsdiluted": 0.68, "weightedAverageShsOut": 44147861, "weightedAverageShsOutDil": 44149838, "link": "https://www.sec.gov/Archives/edgar/data/1099590/000119312513081326/0001193125-13-081326-index.htm", "finalLink": "https://www.sec.gov/Archives/edgar/data/1099590/000119312513081326/d466750d10k.htm"}, {"date": "2012-09-30", "symbol": "MELI", "fillingDate": "2012-11-05", "acceptedDate": "2012-11-05 17:16:20", "period": "Q3", "revenue": 97266783, "costOfRevenue": 25693604, "grossProfit": 71573179, "grossProfitRatio": 0.7358440033942523, "researchAndDevelopmentExpenses": 0.0, "generalAndAdministrativeExpenses": 11288707, "sellingAndMarketingExpenses": 18587485, "otherExpenses": 7983302.0, "operatingExpenses": 37859494, "costAndExpenses": 63553098, "interestExpense": 0.0, "depreciationAndAmortization": 2645023.0, "ebitda": 36358708, "ebitdaratio": 0.373803953195, "operatingIncome": 33713685, "operatingIncomeRatio": 0.346610466186, "totalOtherIncomeExpensesNet": 2925913000000, "incomeBeforeTax": 35953503, "incomeBeforeTaxRatio": 0.369638039741, "incomeTaxExpense": 9885608.0, "netIncome": 26067895, "netIncomeRatio": 0.268004083162, "eps": 0.6, "epsdiluted": 0.6, "weightedAverageShsOut": 44146834, "weightedAverageShsOutDil": 44146834, "link": "https://www.sec.gov/Archives/edgar/data/1099590/000119312512452129/0001193125-12-452129-index.htm", "finalLink": "https://www.sec.gov/Archives/edgar/data/1099590/000119312512452129/d427480d10q.htm"}, {"date": "2012-06-30", "symbol": "MELI", "fillingDate": "2012-08-03", "acceptedDate": "2012-08-03 16:42:06", "period": "Q2", "revenue": 172580065, "costOfRevenue": 44989178, "grossProfit": 127590887, "grossProfitRatio": 0.7393141670215503, "researchAndDevelopmentExpenses": 0.0, "generalAndAdministrativeExpenses": 22822289, "sellingAndMarketingExpenses": 34233040, "otherExpenses": 13719892, "operatingExpenses": 70775221, "costAndExpenses": 115764399, "interestExpense": 0.0, "depreciationAndAmortization": 1445558.0, "ebitda": 58261224, "ebitdaratio": 0.337589535616, "operatingIncome": 56815666, "operatingIncomeRatio": 0.329213376991, "totalOtherIncomeExpensesNet": 2982302000000, "incomeBeforeTax": 62039679, "incomeBeforeTaxRatio": 0.359483460619, "incomeTaxExpense": 17007817, "netIncome": 45031862, "netIncomeRatio": 0.26093316166, "eps": 1.02, "epsdiluted": 1.02, "weightedAverageShsOut": 44145038, "weightedAverageShsOutDil": 44149178, "link": "https://www.sec.gov/Archives/edgar/data/1099590/000119312512334988/0001193125-12-334988-index.htm", "finalLink": "https://www.sec.gov/Archives/edgar/data/1099590/000119312512334988/d360509d10q.htm"}, {"date": "2012-03-31", "symbol": "MELI", "fillingDate": "2012-05-09", "acceptedDate": "2012-05-08 19:47:13", "period": "Q1", "revenue": 83736006000000, "costOfRevenue": 21096297000000, "grossProfit": 62639709000000, "grossProfitRatio": 0.7480618194280726, "researchAndDevelopmentExpenses": 0.0, "generalAndAdministrativeExpenses": -12695212000000, "sellingAndMarketingExpenses": -17427679000000, "otherExpenses": -77317000000, "operatingExpenses": -37708965000000, "costAndExpenses": -16612668000000, "interestExpense": 0.0, "depreciationAndAmortization": 1966624000000, "ebitda": 26897368000000, "ebitdaratio": 0.321216275827629, "operatingIncome": 24930744000000, "operatingIncomeRatio": 0.297730273880032, "totalOtherIncomeExpensesNet": 3088560000000, "incomeBeforeTax": 26904757000000, "incomeBeforeTaxRatio": 0.32130451743781524, "incomeTaxExpense": -7267719000000, "netIncome": 19637038000000, "netIncomeRatio": 0.23451128060729334, "eps": 0.0, "epsdiluted": 0.0, "weightedAverageShsOut": 44145038, "weightedAverageShsOutDil": 44149178, "link": "https://www.sec.gov/Archives/edgar/data/1099590/000119312512219429/0001193125-12-219429-index.htm", "finalLink": "https://www.sec.gov/Archives/edgar/data/1099590/000119312512219429/d330725d10q.htm"}, {"date": "2011-12-31", "symbol": "MELI", "fillingDate": "2012-02-28", "acceptedDate": "2012-02-28 16:22:25", "period": "FY", "revenue": 86465653000000, "costOfRevenue": 20724540000000, "grossProfit": 65741113000000, "grossProfitRatio": 0.760314769148855, "researchAndDevelopmentExpenses": 0.0, "generalAndAdministrativeExpenses": -10624821000000, "sellingAndMarketingExpenses": -19401417000000, "otherExpenses": -1086100000000, "operatingExpenses": -36775223000000, "costAndExpenses": -16050683000000, "interestExpense": 0.0, "depreciationAndAmortization": 2018907000000, "ebitda": 30984797000000, "ebitdaratio": 0.358348036763222, "operatingIncome": 28965890000000, "operatingIncomeRatio": 0.3349988000437584, "totalOtherIncomeExpensesNet": 2868565000000, "incomeBeforeTax": 30841284000000, "incomeBeforeTaxRatio": 0.35668826788366476, "incomeTaxExpense": -9219854000000, "netIncome": 21621430000000, "netIncomeRatio": 0.2500580201481853, "eps": 1.73, "epsdiluted": 1.73, "weightedAverageShsOut": 44145038, "weightedAverageShsOutDil": 44149178, "link": "https://www.sec.gov/Archives/edgar/data/1099590/000119312512085292/0001193125-12-085292-index.htm", "finalLink": "https://www.sec.gov/Archives/edgar/data/1099590/000119312512085292/d265353d10k.htm"}, {"date": "2011-09-30", "symbol": "MELI", "fillingDate": "2011-11-04", "acceptedDate": "2011-11-04 16:15:52", "period": "Q3", "revenue": 81628144000000, "costOfRevenue": 20060473000000, "grossProfit": 61567671000000, "grossProfitRatio": 0.7542456312616884, "researchAndDevelopmentExpenses": 0.0, "generalAndAdministrativeExpenses": -8976946000000, "sellingAndMarketingExpenses": -16701981000000, "otherExpenses": -1052864000000, "operatingExpenses": -31603946000000, "costAndExpenses": -11543473000000, "interestExpense": 0.0, "depreciationAndAmortization": 1943373000000, "ebitda": 26295928, "ebitdaratio": 0.3908835413432896, "operatingIncome": 26295928, "operatingIncomeRatio": 0.3670759070548021, "totalOtherIncomeExpensesNet": 2913596000000, "incomeBeforeTax": 26295928, "incomeBeforeTaxRatio": 0.43001535107793215, "incomeTaxExpense": -8804905000000, "netIncome": 26295928, "netIncomeRatio": 0.322149306739107, "eps": 0.0, "epsdiluted": 0.0, "weightedAverageShsOut": 44145038, "weightedAverageShsOutDil": 44149178, "link": "https://www.sec.gov/Archives/edgar/data/1099590/000095012311095331/0000950123-11-095331-index.htm", "finalLink": "https://www.sec.gov/Archives/edgar/data/1099590/000095012311095331/c21958e10vq.htm"}, {"date": "2011-06-30", "symbol": "MELI", "fillingDate": "2011-08-09", "acceptedDate": "2011-08-08 17:38:29", "period": "Q2", "revenue": 69378160000000, "costOfRevenue": 16939119000000, "grossProfit": 52439041000000, "grossProfitRatio": 0.7558436401311306, "researchAndDevelopmentExpenses": 0.0, "generalAndAdministrativeExpenses": -9732339000000, "sellingAndMarketingExpenses": -15636415000000, "otherExpenses": -880819000000, "operatingExpenses": -30887647000000, "costAndExpenses": -13948528000000, "interestExpense": 0.0, "depreciationAndAmortization": 1764652000000, "ebitda": 28878459, "ebitdaratio": 0.3360718416285471, "operatingIncome": 28878459, "operatingIncomeRatio": 0.3106365749682609, "totalOtherIncomeExpensesNet": 2249900000000, "incomeBeforeTax": 28878459, "incomeBeforeTaxRatio": 0.4966104030432632, "incomeTaxExpense": -7637033000000, "netIncome": 28878459, "netIncomeRatio": 0.21362378304642268, "eps": 0.0, "epsdiluted": 0.0, "weightedAverageShsOut": 44145038, "weightedAverageShsOutDil": 44149178, "link": "https://www.sec.gov/Archives/edgar/data/1099590/000095012311074527/0000950123-11-074527-index.htm", "finalLink": "https://www.sec.gov/Archives/edgar/data/1099590/000095012311074527/c18704e10vq.htm"}, {"date": "2011-03-31", "symbol": "MELI", "fillingDate": "2011-05-06", "acceptedDate": "2011-05-06 16:16:20", "period": "Q1", "revenue": 61459668000000, "costOfRevenue": 14331703000000, "grossProfit": 47127965000000, "grossProfitRatio": 0.7668112525437006, "researchAndDevelopmentExpenses": 0.0, "generalAndAdministrativeExpenses": -9450977000000, "sellingAndMarketingExpenses": -13228942000000, "otherExpenses": -628950000000, "operatingExpenses": -27836809000000, "costAndExpenses": -13505106000000, "interestExpense": 0.0, "depreciationAndAmortization": 1541143000000, "ebitda": 20832299000000, "ebitdaratio": 0.33895885997952346, "operatingIncome": 19291156000000, "operatingIncomeRatio": 0.3138831794535564, "totalOtherIncomeExpensesNet": 1873768000000, "incomeBeforeTax": 8059605000000, "incomeBeforeTaxRatio": 0.1311364877532368, "incomeTaxExpense": -5998029000000, "netIncome": 14057634000000, "netIncomeRatio": 0.2287294165012411, "eps": 0.0, "epsdiluted": 0.0, "weightedAverageShsOut": 0.0, "weightedAverageShsOutDil": 0.0, "link": "https://www.sec.gov/Archives/edgar/data/1099590/000095012311046626/0000950123-11-046626-index.htm", "finalLink": "https://www.sec.gov/Archives/edgar/data/1099590/000095012311046626/c16026e10vq.htm"}, {"date": "2010-12-31", "symbol": "MELI", "fillingDate": "2011-02-25", "acceptedDate": "2011-02-25 16:16:14", "period": "FY", "revenue": 216000000, "costOfRevenue": 46000000, "grossProfit": 170000000, "grossProfitRatio": 0.7870370370370371, "researchAndDevelopmentExpenses": 0.0, "generalAndAdministrativeExpenses": -30000000, "sellingAndMarketingExpenses": -48000000, "otherExpenses": -7000000.0, "operatingExpenses": -95000000, "costAndExpenses": -49000000, "interestExpense": 0.0, "depreciationAndAmortization": 1327494000000, "ebitda": 1327568000000, "ebitdaratio": 6146.148148148148, "operatingIncome": 74000000, "operatingIncomeRatio": 0.3425925925925926, "totalOtherIncomeExpensesNet": 4000000.0, "incomeBeforeTax": 71000000, "incomeBeforeTaxRatio": 0.3287037037037037, "incomeTaxExpense": -15000000, "netIncome": 56000000, "netIncomeRatio": 0.25925925925925924, "eps": 0.0, "epsdiluted": 0.0, "weightedAverageShsOut": 0.0, "weightedAverageShsOutDil": 0.0, "link": "https://www.sec.gov/Archives/edgar/data/1099590/000095012311018724/0000950123-11-018724-index.htm", "finalLink": "https://www.sec.gov/Archives/edgar/data/1099590/000095012311018724/c12122e10vk.htm"}, {"date": "2010-09-30", "symbol": "MELI", "fillingDate": "2010-11-05", "acceptedDate": "2010-11-05 16:19:51", "period": "Q3", "revenue": 55951378000000, "costOfRevenue": 11450920000000, "grossProfit": 44500458000000, "grossProfitRatio": 0.7953415910507154, "researchAndDevelopmentExpenses": 0.0, "generalAndAdministrativeExpenses": -8683604000000, "sellingAndMarketingExpenses": -12281672000000, "otherExpenses": -567968000000, "operatingExpenses": -25189752000000, "costAndExpenses": -13738832000000, "interestExpense": 0.0, "depreciationAndAmortization": 1406803000000, "ebitda": 20717509000000, "ebitdaratio": 0.37027701087183235, "operatingIncome": 19310706000000, "operatingIncomeRatio": 0.34513369804761557, "totalOtherIncomeExpensesNet": 1361898000000, "incomeBeforeTax": 19750417000000, "incomeBeforeTaxRatio": 0.3529925035983922, "incomeTaxExpense": -959454000000, "netIncome": 18790963000000, "netIncomeRatio": 0.33584450770810326, "eps": 0.0, "epsdiluted": 0.0, "weightedAverageShsOut": 0.0, "weightedAverageShsOutDil": 0.0, "link": "https://www.sec.gov/Archives/edgar/data/1099590/000095012310101713/0000950123-10-101713-index.htm", "finalLink": "https://www.sec.gov/Archives/edgar/data/1099590/000095012310101713/c06018e10vq.htm"}, {"date": "2010-06-30", "symbol": "MELI", "fillingDate": "2010-08-06", "acceptedDate": "2010-08-06 16:17:36", "period": "Q2", "revenue": 52510331000000, "costOfRevenue": 11411560000000, "grossProfit": 41098771000000, "grossProfitRatio": 0.7826797168732378, "researchAndDevelopmentExpenses": 0.0, "generalAndAdministrativeExpenses": -6834596000000, "sellingAndMarketingExpenses": -11473143000000, "otherExpenses": -3355921000000, "operatingExpenses": -22284204000000, "costAndExpenses": -10872644000000, "interestExpense": 0.0, "depreciationAndAmortization": 1240480000000, "ebitda": 20055047000000, "ebitdaratio": 0.3819257395273323, "operatingIncome": 18814567000000, "operatingIncomeRatio": 0.35830219771419836, "totalOtherIncomeExpensesNet": 917387000000, "incomeBeforeTax": 16340555000000, "incomeBeforeTaxRatio": 0.31118743090764367, "incomeTaxExpense": -4666593000000, "netIncome": 11673962000000, "netIncomeRatio": 0.22231743311616148, "eps": 0.0, "epsdiluted": 0.0, "weightedAverageShsOut": 0.0, "weightedAverageShsOutDil": 0.0, "link": "https://www.sec.gov/Archives/edgar/data/1099590/000095012310074327/0000950123-10-074327-index.htm", "finalLink": "https://www.sec.gov/Archives/edgar/data/1099590/000095012310074327/c03836e10vq.htm"}, {"date": "2010-03-31", "symbol": "MELI", "fillingDate": "2010-05-07", "acceptedDate": "2010-05-07 16:21:41", "period": "Q1", "revenue": 45937774000000, "costOfRevenue": 9893051000000, "grossProfit": 36044723000000, "grossProfitRatio": 0.7846423511944658, "researchAndDevelopmentExpenses": 0.0, "generalAndAdministrativeExpenses": -6206881000000, "sellingAndMarketingExpenses": -11108801000000, "otherExpenses": -2995418000000, "operatingExpenses": -20540457000000, "costAndExpenses": -10647406000000, "interestExpense": 2995418000000, "depreciationAndAmortization": 946873000000, "ebitda": 16451139000000, "ebitdaratio": 0.3581178966137976, "operatingIncome": 15504266000000, "operatingIncomeRatio": 0.33750581819658915, "totalOtherIncomeExpensesNet": 794142000000, "incomeBeforeTax": 13699962000000, "incomeBeforeTaxRatio": 0.29822868648358974, "incomeTaxExpense": -4079361000000, "netIncome": 9620601000000, "netIncomeRatio": 0.20942679982708784, "eps": 0.0, "epsdiluted": 0.0, "weightedAverageShsOut": 0.0, "weightedAverageShsOutDil": 0.0, "link": "https://www.sec.gov/Archives/edgar/data/1099590/000095012310046424/0000950123-10-046424-index.htm", "finalLink": "https://www.sec.gov/Archives/edgar/data/1099590/000095012310046424/c00306e10vq.htm"}, {"date": "2009-12-31", "symbol": "MELI", "fillingDate": "2010-02-26", "acceptedDate": "2010-02-26 16:35:09", "period": "FY", "revenue": 172000000, "costOfRevenue": 36000000, "grossProfit": 136000000, "grossProfitRatio": 0.7906976744186046, "researchAndDevelopmentExpenses": 0.0, "generalAndAdministrativeExpenses": -25000000, "sellingAndMarketingExpenses": -42000000, "otherExpenses": -13000000, "operatingExpenses": -80000000, "costAndExpenses": -44000000, "interestExpense": 13000000, "depreciationAndAmortization": 934475000000, "ebitda": 934531000000, "ebitdaratio": 5433.319767441861, "operatingIncome": 56000000, "operatingIncomeRatio": 0.32558139534883723, "totalOtherIncomeExpensesNet": 2000000.0, "incomeBeforeTax": 42000000, "incomeBeforeTaxRatio": 0.2441860465116279, "incomeTaxExpense": -9000000.0, "netIncome": 33000000, "netIncomeRatio": 0.19186046511627908, "eps": 0.0, "epsdiluted": 0.0, "weightedAverageShsOut": 0.0, "weightedAverageShsOutDil": 0.0, "link": "https://www.sec.gov/Archives/edgar/data/1099590/000095012310018199/0000950123-10-018199-index.htm", "finalLink": "https://www.sec.gov/Archives/edgar/data/1099590/000095012310018199/c96821e10vk.htm"}, {"date": "2009-09-30", "symbol": "MELI", "fillingDate": "2009-11-06", "acceptedDate": "2009-11-06 16:30:36", "period": "Q3", "revenue": 50599276000000, "costOfRevenue": 10390671000000, "grossProfit": 40208605000000, "grossProfitRatio": 0.7946478325104889, "researchAndDevelopmentExpenses": 0.0, "generalAndAdministrativeExpenses": -6882020000000, "sellingAndMarketingExpenses": -11048799000000, "otherExpenses": -3873230000000, "operatingExpenses": -21226255000000, "costAndExpenses": -10835584000000, "interestExpense": 3873230000000, "depreciationAndAmortization": 1013895000000, "ebitda": 19996245000000, "ebitdaratio": 0.3951883619836774, "operatingIncome": 18982350000000, "operatingIncomeRatio": 0.3751506246848275, "totalOtherIncomeExpensesNet": 580343000000, "incomeBeforeTax": 12389525000000, "incomeBeforeTaxRatio": 0.24485577619727208, "incomeTaxExpense": -2537257000000, "netIncome": 9852268000000, "netIncomeRatio": 0.19471163974757266, "eps": 0.0, "epsdiluted": 0.0, "weightedAverageShsOut": 0.0, "weightedAverageShsOutDil": 0.0, "link": "https://www.sec.gov/Archives/edgar/data/1099590/000095012309059348/0000950123-09-059348-index.htm", "finalLink": "https://www.sec.gov/Archives/edgar/data/1099590/000095012309059348/c92039e10vq.htm"}, {"date": "2009-06-30", "symbol": "MELI", "fillingDate": "2009-08-07", "acceptedDate": "2009-08-07 16:27:36", "period": "Q2", "revenue": 40901799000000, "costOfRevenue": 8595477000000, "grossProfit": 32306322000000, "grossProfitRatio": 0.7898508816201458, "researchAndDevelopmentExpenses": 0.0, "generalAndAdministrativeExpenses": -6729609000000, "sellingAndMarketingExpenses": -10077284000000, "otherExpenses": -3334589000000, "operatingExpenses": -19894099000000, "costAndExpenses": -11298622000000, "interestExpense": 3334589000000, "depreciationAndAmortization": 988891000000, "ebitda": 13401114000000, "ebitdaratio": 0.32764118761622196, "operatingIncome": 12412223000000, "operatingIncomeRatio": 0.3034639869996916, "totalOtherIncomeExpensesNet": 602174000000, "incomeBeforeTax": 8333535000000, "incomeBeforeTaxRatio": 0.20374495019155514, "incomeTaxExpense": -1653756000000, "netIncome": 6679779000000, "netIncomeRatio": 0.16331259659263397, "eps": 0.0, "epsdiluted": 0.0, "weightedAverageShsOut": 0.0, "weightedAverageShsOutDil": 0.0, "link": "https://www.sec.gov/Archives/edgar/data/1099590/000095012309032127/0000950123-09-032127-index.htm", "finalLink": "https://www.sec.gov/Archives/edgar/data/1099590/000095012309032127/c88942e10vq.htm"}, {"date": "2009-03-31", "symbol": "MELI", "fillingDate": "2009-05-11", "acceptedDate": "2009-05-11 16:23:08", "period": "Q1", "revenue": 32322501000000, "costOfRevenue": 6633986000000, "grossProfit": 25688515000000, "grossProfitRatio": 0.7947564144247378, "researchAndDevelopmentExpenses": 0.0, "generalAndAdministrativeExpenses": -6071375000000, "sellingAndMarketingExpenses": -10216177000000, "otherExpenses": -2510184000000, "operatingExpenses": -18920971000000, "costAndExpenses": -12286985000000, "interestExpense": 2510184000000, "depreciationAndAmortization": 956491000000, "ebitda": 7724035000000, "ebitdaratio": 0.23896773953228434, "operatingIncome": 6767544000000, "operatingIncomeRatio": 0.2093756296890516, "totalOtherIncomeExpensesNet": 929663000000, "incomeBeforeTax": 7062509000000, "incomeBeforeTaxRatio": 0.2185013158480527, "incomeTaxExpense": -1671333000000, "netIncome": 5391176000000, "netIncomeRatio": 0.1667932812501112, "eps": 0.0, "epsdiluted": 0.0, "weightedAverageShsOut": 0.0, "weightedAverageShsOutDil": 0.0, "link": "https://www.sec.gov/Archives/edgar/data/1099590/000136231009007080/0001362310-09-007080-index.htm", "finalLink": "https://www.sec.gov/Archives/edgar/data/1099590/000136231009007080/c84957e10vq.htm"}, {"date": "2008-12-31", "symbol": "MELI", "fillingDate": "2009-02-27", "acceptedDate": "2009-02-27 12:48:23", "period": "FY", "revenue": 137000000, "costOfRevenue": 27000000, "grossProfit": 110000000, "grossProfitRatio": 0.8029197080291971, "researchAndDevelopmentExpenses": 0.0, "generalAndAdministrativeExpenses": -22000000, "sellingAndMarketingExpenses": -40000000, "otherExpenses": -8000000.0, "operatingExpenses": -72000000, "costAndExpenses": -45000000, "interestExpense": 8000000.0, "depreciationAndAmortization": 859823000000, "ebitda": 859860000000, "ebitdaratio": 6276.350364963504, "operatingIncome": 37000000, "operatingIncomeRatio": 0.27007299270072993, "totalOtherIncomeExpensesNet": 1000000.0, "incomeBeforeTax": 29000000, "incomeBeforeTaxRatio": 0.2116788321167883, "incomeTaxExpense": -10000000, "netIncome": 18000000, "netIncomeRatio": 0.13138686131386862, "eps": 0.0, "epsdiluted": 0.0, "weightedAverageShsOut": 44255985, "weightedAverageShsOutDil": 44255985, "link": "https://www.sec.gov/Archives/edgar/data/1099590/000136231009002931/0001362310-09-002931-index.htm", "finalLink": "https://www.sec.gov/Archives/edgar/data/1099590/000136231009002931/c81635e10vk.htm"}, {"date": "2008-09-30", "symbol": "MELI", "fillingDate": "2008-11-12", "acceptedDate": "2008-11-12 14:49:49", "period": "Q3", "revenue": 40260643000000, "costOfRevenue": 8153862000000, "grossProfit": 32106781000000, "grossProfitRatio": 0.7974731302726585, "researchAndDevelopmentExpenses": 0.0, "generalAndAdministrativeExpenses": -7261063000000, "sellingAndMarketingExpenses": -11425173000000, "otherExpenses": -1132524000000, "operatingExpenses": -20430845000000, "costAndExpenses": -12276983000000, "interestExpense": 1132524000000, "depreciationAndAmortization": 955148000000, "ebitda": 12631084000000, "ebitdaratio": 0.31373279358702744, "operatingIncome": 11675936000000, "operatingIncomeRatio": 0.2900086816795251, "totalOtherIncomeExpensesNet": 0.0, "incomeBeforeTax": 8264556000000, "incomeBeforeTaxRatio": 0.20527630420607043, "incomeTaxExpense": -2388764000000, "netIncome": 5875792000000, "netIncomeRatio": 0.1459438191287705, "eps": 0.25, "epsdiluted": 0.25, "weightedAverageShsOut": 44255985, "weightedAverageShsOutDil": 44255985, "link": "https://www.sec.gov/Archives/edgar/data/1099590/000119312508233617/0001193125-08-233617-index.htm", "finalLink": "https://www.sec.gov/Archives/edgar/data/1099590/000119312508233617/d10q.htm"}, {"date": "2008-06-30", "symbol": "MELI", "fillingDate": "2008-08-13", "acceptedDate": "2008-08-13 16:36:34", "period": "Q2", "revenue": 34471508000000, "costOfRevenue": 6902901000000, "grossProfit": 27568607000000, "grossProfitRatio": 0.7997505360078823, "researchAndDevelopmentExpenses": 0.0, "generalAndAdministrativeExpenses": -5506094000000, "sellingAndMarketingExpenses": -10265390000000, "otherExpenses": -958347000000, "operatingExpenses": -19420736000000, "costAndExpenses": -12517835000000, "interestExpense": 958347000000, "depreciationAndAmortization": 813252000000, "ebitda": 8961123000000, "ebitdaratio": 0.25995738277536334, "operatingIncome": 8147871000000, "operatingIncomeRatio": 0.2363653774589728, "totalOtherIncomeExpensesNet": 0.0, "incomeBeforeTax": 5409745000000, "incomeBeforeTaxRatio": 0.15693380747949873, "incomeTaxExpense": -2462650000000, "netIncome": 2947095000000, "netIncomeRatio": 0.08549364884182033, "eps": 0.11, "epsdiluted": 0.11, "weightedAverageShsOut": 44238146, "weightedAverageShsOutDil": 44238146, "link": "https://www.sec.gov/Archives/edgar/data/1099590/000119312508176444/0001193125-08-176444-index.htm", "finalLink": "https://www.sec.gov/Archives/edgar/data/1099590/000119312508176444/d10q.htm"}, {"date": "2008-03-31", "symbol": "MELI", "fillingDate": "2008-05-15", "acceptedDate": "2008-05-15 15:46:58", "period": "Q1", "revenue": 28840730000000, "costOfRevenue": 6018281000000, "grossProfit": 22822449000000, "grossProfitRatio": 0.7913270225822994, "researchAndDevelopmentExpenses": 0.0, "generalAndAdministrativeExpenses": -5321077000000, "sellingAndMarketingExpenses": -9214659000000, "otherExpenses": -1362800000000, "operatingExpenses": -16280247000000, "costAndExpenses": -10261966000000, "interestExpense": 1362800000000, "depreciationAndAmortization": 707450000000, "ebitda": 7249652000000, "ebitdaratio": 0.25136853332075854, "operatingIncome": 6542202000000, "operatingIncomeRatio": 0.2268389877787421, "totalOtherIncomeExpensesNet": 0.0, "incomeBeforeTax": 4940041000000, "incomeBeforeTaxRatio": 0.17128696118302136, "incomeTaxExpense": -2872364000000, "netIncome": 2067677000000, "netIncomeRatio": 0.07169294951965502, "eps": 0.0, "epsdiluted": 0.0, "weightedAverageShsOut": 0.0, "weightedAverageShsOutDil": 0.0, "link": "https://www.sec.gov/Archives/edgar/data/1099590/000119312508116363/0001193125-08-116363-index.htm", "finalLink": "https://www.sec.gov/Archives/edgar/data/1099590/000119312508116363/d10q.htm"}, {"date": "2007-12-31", "symbol": "MELI", "fillingDate": "2008-03-31", "acceptedDate": "2008-03-31 11:09:37", "period": "FY", "revenue": 85000000, "costOfRevenue": 19000000, "grossProfit": 66000000, "grossProfitRatio": 0.7764705882352941, "researchAndDevelopmentExpenses": 0.0, "generalAndAdministrativeExpenses": -13000000, "sellingAndMarketingExpenses": -27000000, "otherExpenses": -2000000.0, "operatingExpenses": -45000000, "costAndExpenses": -26000000, "interestExpense": 2000000.0, "depreciationAndAmortization": 639731000000, "ebitda": 639751000000, "ebitdaratio": 7526.482352941176, "operatingIncome": 20000000, "operatingIncomeRatio": 0.23529411764705882, "totalOtherIncomeExpensesNet": 0.0, "incomeBeforeTax": 14000000, "incomeBeforeTaxRatio": 0.16470588235294117, "incomeTaxExpense": -4000000.0, "netIncome": 9000000.0, "netIncomeRatio": 0.10588235294117647, "eps": 0.0, "epsdiluted": 0.0, "weightedAverageShsOut": 18214978, "weightedAverageShsOutDil": 18214978, "link": "https://www.sec.gov/Archives/edgar/data/1099590/000119312508070409/0001193125-08-070409-index.htm", "finalLink": "https://www.sec.gov/Archives/edgar/data/1099590/000119312508070409/d10k.htm"}, {"date": "2007-09-30", "symbol": "MELI", "fillingDate": "2007-11-14", "acceptedDate": "2007-11-14 16:54:35", "period": "Q3", "revenue": 22800130000000, "costOfRevenue": 5192650000000, "grossProfit": 17607480000000, "grossProfitRatio": 0.7722534915371096, "researchAndDevelopmentExpenses": 0.0, "generalAndAdministrativeExpenses": -3483918000000, "sellingAndMarketingExpenses": -6982476000000, "otherExpenses": -390029000000, "operatingExpenses": -11620711000000, "costAndExpenses": -6428061000000, "interestExpense": 390029000000, "depreciationAndAmortization": 566868000000, "ebitda": 6553637000000, "ebitdaratio": 0.2874385803940592, "operatingIncome": 5986769000000, "operatingIncomeRatio": 0.26257609057492215, "totalOtherIncomeExpensesNet": 0.0, "incomeBeforeTax": 4187002000000, "incomeBeforeTaxRatio": 0.18363939152978515, "incomeTaxExpense": -1401528000000, "netIncome": 2785474000000, "netIncomeRatio": 0.12216921570184029, "eps": 0.1, "epsdiluted": 0.1, "weightedAverageShsOut": 18214978, "weightedAverageShsOutDil": 18214978, "link": "https://www.sec.gov/Archives/edgar/data/1099590/000119312507247504/0001193125-07-247504-index.htm", "finalLink": "https://www.sec.gov/Archives/edgar/data/1099590/000119312507247504/d10q.htm"}]