[{"date": "2020-04-30", "symbol": "WDAY", "fillingDate": "2020-05-28", "acceptedDate": "2020-05-28 16:04:31", "period": "Q1", "revenue": 1018385000, "costOfRevenue": 0.0, "grossProfit": 1018385000, "grossProfitRatio": 1.0, "researchAndDevelopmentExpenses": 0.0, "generalAndAdministrativeExpenses": 95171000, "sellingAndMarketingExpenses": 318557000, "otherExpenses": -10973000, "operatingExpenses": 413728000, "costAndExpenses": 1162842000, "interestExpense": 0.0, "depreciationAndAmortization": 71514000, "ebitda": -83916000, "ebitdaratio": -0.082401056574871, "operatingIncome": -155430000, "operatingIncomeRatio": -0.152624007619908, "totalOtherIncomeExpensesNet": -10973000, "incomeBeforeTax": -155430000, "incomeBeforeTaxRatio": -0.152624007619908, "incomeTaxExpense": 2938000.0, "netIncome": -158368000, "netIncomeRatio": -0.15550896763012023, "eps": -0.68, "epsdiluted": -0.68, "weightedAverageShsOut": 232939000, "weightedAverageShsOutDil": 232939000, "link": "https://www.sec.gov/Archives/edgar/data/1327811/000132781120000070/0001327811-20-000070-index.htm", "finalLink": "https://www.sec.gov/Archives/edgar/data/1327811/000132781120000070/wday-20200430.htm"}, {"date": "2020-01-31", "symbol": "WDAY", "fillingDate": "2020-03-03", "acceptedDate": "2020-03-03 16:30:48", "period": "FY", "revenue": 445482000, "costOfRevenue": 132578000, "grossProfit": 312904000, "grossProfitRatio": 0.7023942605986325, "researchAndDevelopmentExpenses": 422211000, "generalAndAdministrativeExpenses": 108792000, "sellingAndMarketingExpenses": 306618000, "otherExpenses": 497190000, "operatingExpenses": 1334811000, "costAndExpenses": 1610909000, "interestExpense": 16406000, "depreciationAndAmortization": 114863000, "ebitda": -14350000, "ebitdaratio": -0.014698365971900001, "operatingIncome": -129213000, "operatingIncomeRatio": -0.13234982315868396, "totalOtherIncomeExpensesNet": 16884000, "incomeBeforeTax": -129213000, "incomeBeforeTaxRatio": -0.13234982315868396, "incomeTaxExpense": -1255000.0, "netIncome": -127958000, "netIncomeRatio": -0.1310643563088767, "eps": -0.56, "epsdiluted": -0.56, "weightedAverageShsOut": 227185000, "weightedAverageShsOutDil": 227185000, "link": "https://www.sec.gov/Archives/edgar/data/1327811/000132781120000022/0001327811-20-000022-index.htm", "finalLink": "https://www.sec.gov/Archives/edgar/data/1327811/000132781120000022/wday-20200131.htm"}, {"date": "2019-10-31", "symbol": "WDAY", "fillingDate": "2019-12-04", "acceptedDate": "2019-12-04 16:09:35", "period": "Q3", "revenue": 938100000, "costOfRevenue": 122305000, "grossProfit": 815795000, "grossProfitRatio": 0.8696247734783072, "researchAndDevelopmentExpenses": 401742000, "generalAndAdministrativeExpenses": 88884000, "sellingAndMarketingExpenses": 286794000, "otherExpenses": 208753000, "operatingExpenses": 986173000, "costAndExpenses": 1048350000, "interestExpense": 16205000, "depreciationAndAmortization": 108760000, "ebitda": -5626000.0, "ebitdaratio": -0.005997228440464769, "operatingIncome": -114386000, "operatingIncomeRatio": -0.12193369576804179, "totalOtherIncomeExpensesNet": -4136000.0, "incomeBeforeTax": -114386000, "incomeBeforeTaxRatio": -0.12193369576804179, "incomeTaxExpense": 1000000.0, "netIncome": -115729000, "netIncomeRatio": -0.12336531286643215, "eps": -0.51, "epsdiluted": -0.51, "weightedAverageShsOut": 227185000, "weightedAverageShsOutDil": 226071000, "link": "https://www.sec.gov/Archives/edgar/data/1327811/000132781119000196/0001327811-19-000196-index.htm", "finalLink": "https://www.sec.gov/Archives/edgar/data/1327811/000132781119000196/wday-10312019x10q.htm"}, {"date": "2019-07-31", "symbol": "WDAY", "fillingDate": "2019-08-30", "acceptedDate": "2019-08-30 16:08:47", "period": "Q2", "revenue": 887752000, "costOfRevenue": 233630000, "grossProfit": 654122000, "grossProfitRatio": 0.7368296551289099, "researchAndDevelopmentExpenses": 378122000, "generalAndAdministrativeExpenses": 85593000, "sellingAndMarketingExpenses": 280200000, "otherExpenses": 359315000, "operatingExpenses": 1103230000, "costAndExpenses": 1010249000, "interestExpense": 14473000, "depreciationAndAmortization": 104057000, "ebitda": -18546000, "ebitdaratio": -0.020890969550054518, "operatingIncome": -122603000, "operatingIncomeRatio": -0.13810501130946481, "totalOtherIncomeExpensesNet": -106000.0, "incomeBeforeTax": -122603000, "incomeBeforeTaxRatio": -0.13810501130946481, "incomeTaxExpense": -1891000.0, "netIncome": -120712000, "netIncomeRatio": -0.13597491191233588, "eps": -0.53, "epsdiluted": -0.53, "weightedAverageShsOut": 227185000, "weightedAverageShsOutDil": 224857000, "link": "https://www.sec.gov/Archives/edgar/data/1327811/000132781119000156/0001327811-19-000156-index.htm", "finalLink": "https://www.sec.gov/Archives/edgar/data/1327811/000132781119000156/wday-7312019x10q.htm"}, {"date": "2019-04-30", "symbol": "WDAY", "fillingDate": "2019-05-30", "acceptedDate": "2019-05-30 16:36:15", "period": "Q1", "revenue": 825055000, "costOfRevenue": 0.0, "grossProfit": 825055000, "grossProfitRatio": 1.0, "researchAndDevelopmentExpenses": 347831000, "generalAndAdministrativeExpenses": 84455000, "sellingAndMarketingExpenses": 272936000, "otherExpenses": 7141000.0, "operatingExpenses": 705222000, "costAndExpenses": 948441000, "interestExpense": 11601000, "depreciationAndAmortization": 93632000, "ebitda": -22613000, "ebitdaratio": -0.02740786977837841, "operatingIncome": -116245000, "operatingIncomeRatio": -0.1408936373938707, "totalOtherIncomeExpensesNet": 7141000.0, "incomeBeforeTax": -116245000, "incomeBeforeTaxRatio": -0.1408936373938707, "incomeTaxExpense": 30000.0, "netIncome": -116275000, "netIncomeRatio": -0.14092999860615352, "eps": -0.52, "epsdiluted": -0.52, "weightedAverageShsOut": 227185000, "weightedAverageShsOutDil": 223309000, "link": "https://www.sec.gov/Archives/edgar/data/1327811/000132781119000092/0001327811-19-000092-index.htm", "finalLink": "https://www.sec.gov/Archives/edgar/data/1327811/000132781119000038/wday-01312019x10k.htm"}, {"date": "2019-01-31", "symbol": "WDAY", "fillingDate": "2019-03-18", "acceptedDate": "2019-03-18 16:11:12", "period": "FY", "revenue": 788628000, "costOfRevenue": 124949000, "grossProfit": 663679000, "grossProfitRatio": 0.8415615473962376, "researchAndDevelopmentExpenses": 337405000, "generalAndAdministrativeExpenses": 87804000, "sellingAndMarketingExpenses": 249954000, "otherExpenses": 233748000, "operatingExpenses": 908911000, "costAndExpenses": 1033860000, "interestExpense": 12044000, "depreciationAndAmortization": 90860000, "ebitda": -14273000, "ebitdaratio": -0.018098520468459146, "operatingIncome": -105133000, "operatingIncomeRatio": -0.133311269698768, "totalOtherIncomeExpensesNet": 39532000, "incomeBeforeTax": 55114000, "incomeBeforeTaxRatio": 0.0698859284732, "incomeTaxExpense": -772000.0, "netIncome": -104361000, "netIncomeRatio": -0.1323323544180526, "eps": -0.47, "epsdiluted": -0.47, "weightedAverageShsOut": 227185000, "weightedAverageShsOutDil": 216789000, "link": "https://www.sec.gov/Archives/edgar/data/1327811/000132781119000038/0001327811-19-000038-index.htm", "finalLink": "https://www.sec.gov/Archives/edgar/data/1327811/000132781119000038/wday-01312019x10k.htm"}, {"date": "2018-10-31", "symbol": "WDAY", "fillingDate": "2018-12-03", "acceptedDate": "2018-12-03 17:23:52", "period": "Q3", "revenue": 743189000, "costOfRevenue": 119691000, "grossProfit": 623498000, "grossProfitRatio": 0.8389494462377672, "researchAndDevelopmentExpenses": 318003000, "generalAndAdministrativeExpenses": 138784000, "sellingAndMarketingExpenses": 246156000, "otherExpenses": 223001000, "operatingExpenses": 925944000, "costAndExpenses": 1045635000, "interestExpense": 12348000, "depreciationAndAmortization": 88523000, "ebitda": -67615000, "ebitdaratio": -0.09097954894380837, "operatingIncome": -156138000, "operatingIncomeRatio": -0.2100919147081025, "totalOtherIncomeExpensesNet": 26617000, "incomeBeforeTax": -156138000, "incomeBeforeTaxRatio": -0.2100919147081025, "incomeTaxExpense": -2807000.0, "netIncome": -153331000, "netIncomeRatio": -0.20631494814912493, "eps": -0.71, "epsdiluted": -0.71, "weightedAverageShsOut": 227185000, "weightedAverageShsOutDil": 215588000, "link": "https://www.sec.gov/Archives/edgar/data/1327811/000132781118000058/0001327811-18-000058-index.htm", "finalLink": "https://www.sec.gov/Archives/edgar/data/1327811/000132781118000058/wday-10312018x10q.htm"}, {"date": "2018-07-31", "symbol": "WDAY", "fillingDate": "2018-09-05", "acceptedDate": "2018-09-05 16:03:56", "period": "Q2", "revenue": 671720000, "costOfRevenue": 210433000, "grossProfit": 461287000, "grossProfitRatio": 0.6867251235633896, "researchAndDevelopmentExpenses": 292840000, "generalAndAdministrativeExpenses": 65168000, "sellingAndMarketingExpenses": 202464000, "otherExpenses": 200230000, "operatingExpenses": 760702000, "costAndExpenses": 971135000, "interestExpense": 17515000, "depreciationAndAmortization": 76777000, "ebitda": -10592000, "ebitdaratio": -0.01576847495980468, "operatingIncome": -87369000, "operatingIncomeRatio": -0.13006758768534507, "totalOtherIncomeExpensesNet": 1613000.0, "incomeBeforeTax": -87369000, "incomeBeforeTaxRatio": -0.13006758768534507, "incomeTaxExpense": -1213000.0, "netIncome": -86156000, "netIncomeRatio": -0.12826177573989161, "eps": -0.4, "epsdiluted": -0.4, "weightedAverageShsOut": 227185000, "weightedAverageShsOutDil": 214517000, "link": "https://www.sec.gov/Archives/edgar/data/1327811/000132781118000024/0001327811-18-000024-index.htm", "finalLink": "https://www.sec.gov/Archives/edgar/data/1327811/000132781118000024/wday-07312018x10q.htm"}, {"date": "2018-04-30", "symbol": "WDAY", "fillingDate": "2018-06-01", "acceptedDate": "2018-06-01 16:13:30", "period": "Q1", "revenue": 618643000, "costOfRevenue": 0.0, "grossProfit": 618643000, "grossProfitRatio": 1.0, "researchAndDevelopmentExpenses": 263584000, "generalAndAdministrativeExpenses": 55581000, "sellingAndMarketingExpenses": 192771000, "otherExpenses": 177971000, "operatingExpenses": 689907000, "costAndExpenses": 689907000, "interestExpense": 18302000, "depreciationAndAmortization": 73163000, "ebitda": 1899000.0, "ebitdaratio": 0.00306962173661, "operatingIncome": -75112000, "operatingIncomeRatio": -0.12141412737232944, "totalOtherIncomeExpensesNet": -3848000.0, "incomeBeforeTax": -75112000, "incomeBeforeTaxRatio": -0.12141412737232944, "incomeTaxExpense": -702000.0, "netIncome": -74410000, "netIncomeRatio": -0.1202793856877068, "eps": -0.35, "epsdiluted": -0.35, "weightedAverageShsOut": 227185000, "weightedAverageShsOutDil": 213055000, "link": "https://www.sec.gov/Archives/edgar/data/1327811/000132781118000022/0001327811-18-000022-index.htm", "finalLink": "https://www.sec.gov/Archives/edgar/data/1327811/000132781118000009/wday-01312018x10k.htm"}, {"date": "2018-01-31", "symbol": "WDAY", "fillingDate": "2018-03-14", "acceptedDate": "2018-03-14 16:42:29", "period": "FY", "revenue": 582480000, "costOfRevenue": 0.0, "grossProfit": 582480000, "grossProfitRatio": 1.0, "researchAndDevelopmentExpenses": 253454000, "generalAndAdministrativeExpenses": 59824000, "sellingAndMarketingExpenses": 179585000, "otherExpenses": 170952000, "operatingExpenses": 663815000, "costAndExpenses": 663815000, "interestExpense": 18438000, "depreciationAndAmortization": 68080000, "ebitda": -20351000, "ebitdaratio": -0.034938538662271666, "operatingIncome": -88431000, "operatingIncomeRatio": -0.15181808817470127, "totalOtherIncomeExpensesNet": -7096000.0, "incomeBeforeTax": -88431000, "incomeBeforeTaxRatio": -0.15181808817470127, "incomeTaxExpense": 436000.0, "netIncome": -89100000, "netIncomeRatio": -0.15296662546353523, "eps": -0.43, "epsdiluted": -0.43, "weightedAverageShsOut": 227185000, "weightedAverageShsOutDil": 207774000, "link": "https://www.sec.gov/Archives/edgar/data/1327811/000132781118000009/0001327811-18-000009-index.htm", "finalLink": "https://www.sec.gov/Archives/edgar/data/1327811/000132781118000009/wday-01312018x10k.htm"}, {"date": "2017-10-31", "symbol": "WDAY", "fillingDate": "2017-11-30", "acceptedDate": "2017-11-30 16:03:37", "period": "Q3", "revenue": 555389000, "costOfRevenue": 0.0, "grossProfit": 555389000, "grossProfitRatio": 1.0, "researchAndDevelopmentExpenses": 239588000, "generalAndAdministrativeExpenses": 56184000, "sellingAndMarketingExpenses": 176121000, "otherExpenses": 163555000, "operatingExpenses": 635448000, "costAndExpenses": 635448000, "interestExpense": 12285000, "depreciationAndAmortization": 61239000, "ebitda": -22562000, "ebitdaratio": -0.040623779008946884, "operatingIncome": -83801000, "operatingIncomeRatio": -0.15088703593337283, "totalOtherIncomeExpensesNet": 2055000.0, "incomeBeforeTax": -83801000, "incomeBeforeTaxRatio": -0.15088703593337283, "incomeTaxExpense": 2000000.0, "netIncome": -85546000, "netIncomeRatio": -0.1540289778875707, "eps": -0.41, "epsdiluted": -0.41, "weightedAverageShsOut": 227185000, "weightedAverageShsOutDil": 206715000, "link": "https://www.sec.gov/Archives/edgar/data/1327811/000132781117000032/0001327811-17-000032-index.htm", "finalLink": "https://www.sec.gov/Archives/edgar/data/1327811/000132781117000032/wday-10312017x10q.htm"}, {"date": "2017-07-31", "symbol": "WDAY", "fillingDate": "2017-08-31", "acceptedDate": "2017-08-31 16:14:46", "period": "Q2", "revenue": 525320000, "costOfRevenue": 0.0, "grossProfit": 525320000, "grossProfitRatio": 1.0, "researchAndDevelopmentExpenses": 221103000, "generalAndAdministrativeExpenses": 55699000, "sellingAndMarketingExpenses": 171952000, "otherExpenses": 158195000, "operatingExpenses": 606949000, "costAndExpenses": 606949000, "interestExpense": 6840000.0, "depreciationAndAmortization": 54806000, "ebitda": -25885000, "ebitdaratio": -0.04927472778496916, "operatingIncome": -80691000, "operatingIncomeRatio": -0.15360351785578313, "totalOtherIncomeExpensesNet": 2201000.0, "incomeBeforeTax": -80691000, "incomeBeforeTaxRatio": -0.15360351785578313, "incomeTaxExpense": 2000000.0, "netIncome": -82532000, "netIncomeRatio": -0.15710804842762507, "eps": -0.4, "epsdiluted": -0.4, "weightedAverageShsOut": 227185000, "weightedAverageShsOutDil": 205453000, "link": "https://www.sec.gov/Archives/edgar/data/1327811/000132781117000023/0001327811-17-000023-index.htm", "finalLink": "https://www.sec.gov/Archives/edgar/data/1327811/000132781117000023/wday-07312017x10q.htm"}, {"date": "2017-04-30", "symbol": "WDAY", "fillingDate": "2017-06-02", "acceptedDate": "2017-06-02 16:02:37", "period": "Q1", "revenue": 479861000, "costOfRevenue": 0.0, "grossProfit": 479861000, "grossProfitRatio": 1.0, "researchAndDevelopmentExpenses": 196439000, "generalAndAdministrativeExpenses": 51202000, "sellingAndMarketingExpenses": 155709000, "otherExpenses": 136711000, "operatingExpenses": 540061000, "costAndExpenses": 540061000, "interestExpense": 6986000.0, "depreciationAndAmortization": 54327000, "ebitda": -7536000.0, "ebitdaratio": -0.015704547775293263, "operatingIncome": -61863000, "operatingIncomeRatio": -0.12891858267289902, "totalOtherIncomeExpensesNet": 1294000.0, "incomeBeforeTax": -61863000, "incomeBeforeTaxRatio": -0.12891858267289902, "incomeTaxExpense": 2000000.0, "netIncome": -64044000, "netIncomeRatio": -0.13346364884831233, "eps": -0.31, "epsdiluted": -0.31, "weightedAverageShsOut": 227185000, "weightedAverageShsOutDil": 203818000, "link": "https://www.sec.gov/Archives/edgar/data/1327811/000132781117000015/0001327811-17-000015-index.htm", "finalLink": "https://www.sec.gov/Archives/edgar/data/1327811/000132781117000008/wday-01312017x10k.htm"}, {"date": "2017-01-31", "symbol": "WDAY", "fillingDate": "2017-03-20", "acceptedDate": "2017-03-20 16:13:14", "period": "FY", "revenue": 436672000, "costOfRevenue": 0.0, "grossProfit": 436672000, "grossProfitRatio": 1.0, "researchAndDevelopmentExpenses": 191556000, "generalAndAdministrativeExpenses": 53513000, "sellingAndMarketingExpenses": 167657000, "otherExpenses": 130181000, "operatingExpenses": 542907000, "costAndExpenses": 542907000, "interestExpense": 6952000.0, "depreciationAndAmortization": 46579000, "ebitda": -61947000, "ebitdaratio": -0.1418616261175436, "operatingIncome": -108526000, "operatingIncomeRatio": -0.2485297889491426, "totalOtherIncomeExpensesNet": 1274000.0, "incomeBeforeTax": -108526000, "incomeBeforeTaxRatio": -0.2485297889491426, "incomeTaxExpense": -2961000.0, "netIncome": -105565000, "netIncomeRatio": -0.2417489557379452, "eps": -0.52, "epsdiluted": -0.52, "weightedAverageShsOut": 227185000, "weightedAverageShsOutDil": 198214000, "link": "https://www.sec.gov/Archives/edgar/data/1327811/000132781117000008/0001327811-17-000008-index.htm", "finalLink": "https://www.sec.gov/Archives/edgar/data/1327811/000132781117000008/wday-01312017x10k.htm"}, {"date": "2016-10-31", "symbol": "WDAY", "fillingDate": "2016-12-02", "acceptedDate": "2016-12-02 16:07:57", "period": "Q3", "revenue": 409582000, "costOfRevenue": 0.0, "grossProfit": 409582000, "grossProfitRatio": 1.0, "researchAndDevelopmentExpenses": 185311000, "generalAndAdministrativeExpenses": 57721000, "sellingAndMarketingExpenses": 149549000, "otherExpenses": 126885000, "operatingExpenses": 519466000, "costAndExpenses": 519466000, "interestExpense": 7206000.0, "depreciationAndAmortization": 43742000, "ebitda": -69247000, "ebitdaratio": -0.16906748831735768, "operatingIncome": -112989000, "operatingIncomeRatio": -0.27586417371857164, "totalOtherIncomeExpensesNet": 1296000.0, "incomeBeforeTax": -112989000, "incomeBeforeTaxRatio": -0.27586417371857164, "incomeTaxExpense": 1077000.0, "netIncome": -114066000, "netIncomeRatio": -0.27849368380446404, "eps": -0.58, "epsdiluted": -0.58, "weightedAverageShsOut": 227185000, "weightedAverageShsOutDil": 197093000, "link": "https://www.sec.gov/Archives/edgar/data/1327811/000132781116000062/0001327811-16-000062-index.htm", "finalLink": "https://www.sec.gov/Archives/edgar/data/1327811/000132781116000062/wday-10312016x10q.htm"}, {"date": "2016-07-31", "symbol": "WDAY", "fillingDate": "2016-09-02", "acceptedDate": "2016-09-02 16:19:06", "period": "Q2", "revenue": 377723000, "costOfRevenue": 0.0, "grossProfit": 377723000, "grossProfitRatio": 1.0, "researchAndDevelopmentExpenses": 161886000, "generalAndAdministrativeExpenses": 45705000, "sellingAndMarketingExpenses": 139177000, "otherExpenses": 117852000, "operatingExpenses": 464620000, "costAndExpenses": 464620000, "interestExpense": 7914000.0, "depreciationAndAmortization": 39492000, "ebitda": -68598000, "ebitdaratio": -0.18160927452127618, "operatingIncome": -108090000, "operatingIncomeRatio": -0.286162081737146, "totalOtherIncomeExpensesNet": -1241000.0, "incomeBeforeTax": -108090000, "incomeBeforeTaxRatio": -0.286162081737146, "incomeTaxExpense": -65000.0, "netIncome": -108025000, "netIncomeRatio": -0.2859899979614691, "eps": -0.55, "epsdiluted": -0.55, "weightedAverageShsOut": 227185000, "weightedAverageShsOutDil": 195887000, "link": "https://www.sec.gov/Archives/edgar/data/1327811/000132781116000050/0001327811-16-000050-index.htm", "finalLink": "https://www.sec.gov/Archives/edgar/data/1327811/000132781116000050/wday-07312016x10q.htm"}, {"date": "2016-04-30", "symbol": "WDAY", "fillingDate": "2016-06-01", "acceptedDate": "2016-06-01 16:53:16", "period": "Q1", "revenue": 345430000, "costOfRevenue": 0.0, "grossProfit": 345430000, "grossProfitRatio": 1.0, "researchAndDevelopmentExpenses": 141778000, "generalAndAdministrativeExpenses": 41183000, "sellingAndMarketingExpenses": 127491000, "otherExpenses": 108627000, "operatingExpenses": 419079000, "costAndExpenses": 419079000, "interestExpense": 8031000.0, "depreciationAndAmortization": 38596000, "ebitda": -40891000, "ebitdaratio": -0.11837709521465999, "operatingIncome": -79487000, "operatingIncomeRatio": -0.23011029731059837, "totalOtherIncomeExpensesNet": -21000.0, "incomeBeforeTax": -79487000, "incomeBeforeTaxRatio": -0.23011029731059837, "incomeTaxExpense": 1135000.0, "netIncome": -80622000, "netIncomeRatio": -0.2333960570882668, "eps": -0.41, "epsdiluted": -0.41, "weightedAverageShsOut": 227185000, "weightedAverageShsOutDil": 194529000, "link": "https://www.sec.gov/Archives/edgar/data/1327811/000132781116000041/0001327811-16-000041-index.htm", "finalLink": "https://www.sec.gov/Archives/edgar/data/1327811/000132781116000032/wday-01312016x10k.htm"}, {"date": "2016-01-31", "symbol": "WDAY", "fillingDate": "2016-03-22", "acceptedDate": "2016-03-22 16:29:27", "period": "FY", "revenue": 323427000, "costOfRevenue": 0.0, "grossProfit": 323427000, "grossProfitRatio": 1.0, "researchAndDevelopmentExpenses": 131244000, "generalAndAdministrativeExpenses": 41871000, "sellingAndMarketingExpenses": 121073000, "otherExpenses": 102680000, "operatingExpenses": 396868000, "costAndExpenses": 396868000, "interestExpense": 8094000.0, "depreciationAndAmortization": 37460000, "ebitda": -42486000, "ebitdaratio": -0.13136194566316356, "operatingIncome": -79946000, "operatingIncomeRatio": -0.24718406317345182, "totalOtherIncomeExpensesNet": -187000.0, "incomeBeforeTax": -79946000, "incomeBeforeTaxRatio": -0.24718406317345182, "incomeTaxExpense": 1182000.0, "netIncome": -81128000, "netIncomeRatio": -0.2508386745695319, "eps": -0.43, "epsdiluted": -0.43, "weightedAverageShsOut": 227185000, "weightedAverageShsOutDil": 190016000, "link": "https://www.sec.gov/Archives/edgar/data/1327811/000132781116000032/0001327811-16-000032-index.htm", "finalLink": "https://www.sec.gov/Archives/edgar/data/1327811/000132781116000032/wday-01312016x10k.htm"}, {"date": "2015-10-31", "symbol": "WDAY", "fillingDate": "2015-12-04", "acceptedDate": "2015-12-04 16:02:52", "period": "Q3", "revenue": 305266000, "costOfRevenue": 0.0, "grossProfit": 305266000, "grossProfitRatio": 1.0, "researchAndDevelopmentExpenses": 124020000, "generalAndAdministrativeExpenses": 38008000, "sellingAndMarketingExpenses": 111658000, "otherExpenses": 101754000, "operatingExpenses": 375440000, "costAndExpenses": 375440000, "interestExpense": 8001000.0, "depreciationAndAmortization": 34071000, "ebitda": -42825000, "ebitdaratio": -0.14028748697856952, "operatingIncome": -76896000, "operatingIncomeRatio": -0.2518983443947246, "totalOtherIncomeExpensesNet": 153000.0, "incomeBeforeTax": -76896000, "incomeBeforeTaxRatio": -0.2518983443947246, "incomeTaxExpense": 915000.0, "netIncome": -77811000, "netIncomeRatio": -0.2548957302811319, "eps": -0.4, "epsdiluted": -0.4, "weightedAverageShsOut": 227185000, "weightedAverageShsOutDil": 189185000, "link": "https://www.sec.gov/Archives/edgar/data/1327811/000132781115000027/0001327811-15-000027-index.htm", "finalLink": "https://www.sec.gov/Archives/edgar/data/1327811/000132781115000027/wday-10312015x10q.htm"}, {"date": "2015-07-31", "symbol": "WDAY", "fillingDate": "2015-09-04", "acceptedDate": "2015-09-04 16:06:45", "period": "Q2", "revenue": 282696000, "costOfRevenue": 0.0, "grossProfit": 282696000, "grossProfitRatio": 1.0, "researchAndDevelopmentExpenses": 115345000, "generalAndAdministrativeExpenses": 36482000, "sellingAndMarketingExpenses": 106430000, "otherExpenses": 92079000, "operatingExpenses": 350336000, "costAndExpenses": 350336000, "interestExpense": 7952000.0, "depreciationAndAmortization": 33959000, "ebitda": -37460000, "ebitdaratio": -0.13250983388516285, "operatingIncome": -71419000, "operatingIncomeRatio": -0.25263533972889607, "totalOtherIncomeExpensesNet": -45000.0, "incomeBeforeTax": -71419000, "incomeBeforeTaxRatio": -0.25263533972889607, "incomeTaxExpense": -1998000.0, "netIncome": -69421000, "netIncomeRatio": -0.24556767693918555, "eps": -0.37, "epsdiluted": -0.37, "weightedAverageShsOut": 227185000, "weightedAverageShsOutDil": 188382000, "link": "https://www.sec.gov/Archives/edgar/data/1327811/000132781115000021/0001327811-15-000021-index.htm", "finalLink": "https://www.sec.gov/Archives/edgar/data/1327811/000132781115000021/wday-07312015x10q.htm"}, {"date": "2015-04-30", "symbol": "WDAY", "fillingDate": "2015-06-05", "acceptedDate": "2015-06-05 16:14:39", "period": "Q1", "revenue": 250957000, "costOfRevenue": 0.0, "grossProfit": 250957000, "grossProfitRatio": 1.0, "researchAndDevelopmentExpenses": 99335000, "generalAndAdministrativeExpenses": 32217000, "sellingAndMarketingExpenses": 94895000, "otherExpenses": 77914000, "operatingExpenses": 304361000, "costAndExpenses": 304361000, "interestExpense": 7885000.0, "depreciationAndAmortization": 29444000, "ebitda": -31196000, "ebitdaratio": -0.12430814840789459, "operatingIncome": -60640000, "operatingIncomeRatio": -0.24163502113907961, "totalOtherIncomeExpensesNet": -306000.0, "incomeBeforeTax": -60640000, "incomeBeforeTaxRatio": -0.24163502113907961, "incomeTaxExpense": 918000.0, "netIncome": -61558000, "netIncomeRatio": -0.24529301832584866, "eps": -0.33, "epsdiluted": -0.33, "weightedAverageShsOut": 227185000, "weightedAverageShsOutDil": 187390000, "link": "https://www.sec.gov/Archives/edgar/data/1327811/000132781115000014/0001327811-15-000014-index.htm", "finalLink": "https://www.sec.gov/Archives/edgar/data/1327811/000132781115000006/wday-01312015x10k.htm"}, {"date": "2015-01-31", "symbol": "WDAY", "fillingDate": "2015-03-25", "acceptedDate": "2015-03-25 17:26:16", "period": "FY", "revenue": 226273000, "costOfRevenue": 0.0, "grossProfit": 226273000, "grossProfitRatio": 1.0, "researchAndDevelopmentExpenses": 88963000, "generalAndAdministrativeExpenses": 29270000, "sellingAndMarketingExpenses": 88469000, "otherExpenses": 69955000, "operatingExpenses": 276657000, "costAndExpenses": 276657000, "interestExpense": 7809000.0, "depreciationAndAmortization": 27867000, "ebitda": -30788000, "ebitdaratio": -0.1360657259151556, "operatingIncome": -58655000, "operatingIncomeRatio": -0.25922226690767347, "totalOtherIncomeExpensesNet": -30270000, "incomeBeforeTax": -58655000, "incomeBeforeTaxRatio": -0.25922226690767347, "incomeTaxExpense": 811000.0, "netIncome": -59466000, "netIncomeRatio": -0.2628064329372042, "eps": -0.32, "epsdiluted": -0.32, "weightedAverageShsOut": 227185000, "weightedAverageShsOutDil": 183702000, "link": "https://www.sec.gov/Archives/edgar/data/1327811/000132781115000006/0001327811-15-000006-index.htm", "finalLink": "https://www.sec.gov/Archives/edgar/data/1327811/000132781115000006/wday-01312015x10k.htm"}, {"date": "2014-10-31", "symbol": "WDAY", "fillingDate": "2014-12-05", "acceptedDate": "2014-12-05 16:36:48", "period": "Q3", "revenue": 215070000, "costOfRevenue": 0.0, "grossProfit": 215070000, "grossProfitRatio": 1.0, "researchAndDevelopmentExpenses": 85270000, "generalAndAdministrativeExpenses": 28796000, "sellingAndMarketingExpenses": 80681000, "otherExpenses": 71789000, "operatingExpenses": 266536000, "costAndExpenses": 266536000, "interestExpense": 7778000.0, "depreciationAndAmortization": 27505000, "ebitda": -32008000, "ebitdaratio": -0.1488259636397452, "operatingIncome": -59513000, "operatingIncomeRatio": -0.27671455805086714, "totalOtherIncomeExpensesNet": -1006000.0, "incomeBeforeTax": -59513000, "incomeBeforeTaxRatio": -0.27671455805086714, "incomeTaxExpense": 399000.0, "netIncome": -59912000, "netIncomeRatio": -0.2785697679825173, "eps": -0.33, "epsdiluted": -0.33, "weightedAverageShsOut": 227185000, "weightedAverageShsOutDil": 182770000, "link": "https://www.sec.gov/Archives/edgar/data/1327811/000132781114000007/0001327811-14-000007-index.htm", "finalLink": "https://www.sec.gov/Archives/edgar/data/1327811/000132781114000007/wday-10312014x10q.htm"}, {"date": "2014-07-31", "symbol": "WDAY", "fillingDate": "2014-09-02", "acceptedDate": "2014-09-02 16:51:25", "period": "Q2", "revenue": 186780000, "costOfRevenue": 0.0, "grossProfit": 186780000, "grossProfitRatio": 1.0, "researchAndDevelopmentExpenses": 77464000, "generalAndAdministrativeExpenses": 26922000, "sellingAndMarketingExpenses": 78523000, "otherExpenses": 65640000, "operatingExpenses": 248549000, "costAndExpenses": 248549000, "interestExpense": 7765000.0, "depreciationAndAmortization": 24897000, "ebitda": -43825000, "ebitdaratio": -0.23463432915729734, "operatingIncome": -68722000, "operatingIncomeRatio": -0.36793018524467286, "totalOtherIncomeExpensesNet": 143000.0, "incomeBeforeTax": -68722000, "incomeBeforeTaxRatio": -0.36793018524467286, "incomeTaxExpense": 493000.0, "netIncome": -69215000, "netIncomeRatio": -0.37056965413855875, "eps": -0.38, "epsdiluted": -0.38, "weightedAverageShsOut": 227185000, "weightedAverageShsOutDil": 183733000, "link": "https://www.sec.gov/Archives/edgar/data/1327811/000119312514329149/0001193125-14-329149-index.htm", "finalLink": "https://www.sec.gov/Archives/edgar/data/1327811/000119312514329149/d752291d10q.htm"}, {"date": "2014-04-30", "symbol": "WDAY", "fillingDate": "2014-06-06", "acceptedDate": "2014-06-06 17:02:27", "period": "Q1", "revenue": 159737000, "costOfRevenue": 0.0, "grossProfit": 159737000, "grossProfitRatio": 1.0, "researchAndDevelopmentExpenses": 65171000, "generalAndAdministrativeExpenses": 21063000, "sellingAndMarketingExpenses": 68167000, "otherExpenses": 57419000, "operatingExpenses": 211820000, "costAndExpenses": 211820000, "interestExpense": 7708000.0, "depreciationAndAmortization": 22395000, "ebitda": -36687000, "ebitdaratio": -0.22967127215360247, "operatingIncome": -59082000, "operatingIncomeRatio": -0.36987047459261163, "totalOtherIncomeExpensesNet": 14000.0, "incomeBeforeTax": -59082000, "incomeBeforeTaxRatio": -0.36987047459261163, "incomeTaxExpense": 307000.0, "netIncome": -59389000, "netIncomeRatio": -0.37179238373075746, "eps": -0.32, "epsdiluted": -0.32, "weightedAverageShsOut": 227185000, "weightedAverageShsOutDil": 183084000, "link": "https://www.sec.gov/Archives/edgar/data/1327811/000119312514228909/0001193125-14-228909-index.htm", "finalLink": "https://www.sec.gov/Archives/edgar/data/1327811/000119312514124249/d667142d10k.htm"}, {"date": "2014-01-31", "symbol": "WDAY", "fillingDate": "2014-03-31", "acceptedDate": "2014-03-31 17:25:09", "period": "FY", "revenue": 141866000, "costOfRevenue": 126044000, "grossProfit": 15822000, "grossProfitRatio": 0.11152777973580703, "researchAndDevelopmentExpenses": 55317000, "generalAndAdministrativeExpenses": 22951000, "sellingAndMarketingExpenses": 60808000, "otherExpenses": 50766000, "operatingExpenses": 189842000, "costAndExpenses": 63798000, "interestExpense": 7654000.0, "depreciationAndAmortization": 28879000, "ebitda": -26018000, "ebitdaratio": -0.18339841822564956, "operatingIncome": -54897000, "operatingIncomeRatio": -0.3869637545289217, "totalOtherIncomeExpensesNet": 118000.0, "incomeBeforeTax": -54897000, "incomeBeforeTaxRatio": -0.3869637545289217, "incomeTaxExpense": 1085000.0, "netIncome": -55982000, "netIncomeRatio": -0.3946118167848533, "eps": -0.33, "epsdiluted": -0.33, "weightedAverageShsOut": 227185000, "weightedAverageShsOutDil": 171297000, "link": "https://www.sec.gov/Archives/edgar/data/1327811/000119312514124249/0001193125-14-124249-index.htm", "finalLink": "https://www.sec.gov/Archives/edgar/data/1327811/000119312514124249/d667142d10k.htm"}, {"date": "2013-10-31", "symbol": "WDAY", "fillingDate": "2013-12-02", "acceptedDate": "2013-12-02 17:25:14", "period": "Q3", "revenue": 127872000, "costOfRevenue": 48591000, "grossProfit": 79281000, "grossProfitRatio": 0.6200028153153153, "researchAndDevelopmentExpenses": 49349000, "generalAndAdministrativeExpenses": 16280000, "sellingAndMarketingExpenses": 54051000, "otherExpenses": 48591000, "operatingExpenses": 168271000, "costAndExpenses": 216862000, "interestExpense": 7663000.0, "depreciationAndAmortization": 12572000, "ebitda": -34720000, "ebitdaratio": -0.27152152152152154, "operatingIncome": -47292000, "operatingIncomeRatio": -0.3698385885885886, "totalOtherIncomeExpensesNet": -41000.0, "incomeBeforeTax": -47292000, "incomeBeforeTaxRatio": -0.3698385885885886, "incomeTaxExpense": 242000.0, "netIncome": -47534000, "netIncomeRatio": -0.3717311061061061, "eps": -0.28, "epsdiluted": -0.28, "weightedAverageShsOut": 227185000, "weightedAverageShsOutDil": 171269000, "link": "https://www.sec.gov/Archives/edgar/data/1327811/000119312513459380/0001193125-13-459380-index.htm", "finalLink": "https://www.sec.gov/Archives/edgar/data/1327811/000119312513459380/d614742d10q.htm"}, {"date": "2013-07-31", "symbol": "WDAY", "fillingDate": "2013-09-06", "acceptedDate": "2013-09-06 17:13:30", "period": "Q2", "revenue": 107555000, "costOfRevenue": 40754000, "grossProfit": 66801000, "grossProfitRatio": 0.6210868857793687, "researchAndDevelopmentExpenses": 41168000, "generalAndAdministrativeExpenses": 13766000, "sellingAndMarketingExpenses": 44150000, "otherExpenses": 40754000, "operatingExpenses": 139838000, "costAndExpenses": 180592000, "interestExpense": 4301000.0, "depreciationAndAmortization": 10807000, "ebitda": -24955000, "ebitdaratio": -0.23202082655385617, "operatingIncome": -35762000, "operatingIncomeRatio": -0.33249965134117426, "totalOtherIncomeExpensesNet": 0.0, "incomeBeforeTax": -35762000, "incomeBeforeTaxRatio": -0.33249965134117426, "incomeTaxExpense": 216000.0, "netIncome": -35978000, "netIncomeRatio": -0.3345079261773046, "eps": -0.2, "epsdiluted": -0.2, "weightedAverageShsOut": 227185000, "weightedAverageShsOutDil": 170617000, "link": "https://www.sec.gov/Archives/edgar/data/1327811/000119312513360085/0001193125-13-360085-index.htm", "finalLink": "https://www.sec.gov/Archives/edgar/data/1327811/000119312513360085/d567972d10q.htm"}, {"date": "2013-04-30", "symbol": "WDAY", "fillingDate": "2013-06-05", "acceptedDate": "2013-06-05 16:57:11", "period": "Q1", "revenue": 91645000, "costOfRevenue": 36699000, "grossProfit": 54946000, "grossProfitRatio": 0.599552621528725, "researchAndDevelopmentExpenses": 36282000, "generalAndAdministrativeExpenses": 12924000, "sellingAndMarketingExpenses": 38364000, "otherExpenses": 36699000, "operatingExpenses": 124269000, "costAndExpenses": 160968000, "interestExpense": 0.0, "depreciationAndAmortization": 9051000.0, "ebitda": -23829000, "ebitdaratio": -0.2600141851710404, "operatingIncome": -32880000, "operatingIncomeRatio": -0.3587757106225108, "totalOtherIncomeExpensesNet": 0.0, "incomeBeforeTax": -32880000, "incomeBeforeTaxRatio": -0.3587757106225108, "incomeTaxExpense": 135000.0, "netIncome": -33015000, "netIncomeRatio": -0.360248786076709, "eps": -0.2, "epsdiluted": -0.2, "weightedAverageShsOut": 38638000, "weightedAverageShsOutDil": 168074000, "link": "https://www.sec.gov/Archives/edgar/data/1327811/000119312513248710/0001193125-13-248710-index.htm", "finalLink": "https://www.sec.gov/Archives/edgar/data/1327811/000119312513122351/d448150d10k.htm"}, {"date": "2013-01-31", "symbol": "WDAY", "fillingDate": "2013-03-22", "acceptedDate": "2013-03-22 16:54:25", "period": "FY", "revenue": 81519000, "costOfRevenue": 32986000, "grossProfit": 48533000, "grossProfitRatio": 0.5953581373667488, "researchAndDevelopmentExpenses": 30252000, "generalAndAdministrativeExpenses": 12570000, "sellingAndMarketingExpenses": 36389000, "otherExpenses": 32986000, "operatingExpenses": 112197000, "costAndExpenses": 145183000, "interestExpense": 1363000.0, "depreciationAndAmortization": 8816000.0, "ebitda": -22029000, "ebitdaratio": -0.27023147977772055, "operatingIncome": -30845000, "operatingIncomeRatio": -0.378378046835707, "totalOtherIncomeExpensesNet": -1203000.0, "incomeBeforeTax": -30845000, "incomeBeforeTaxRatio": -0.378378046835707, "incomeTaxExpense": 99000.0, "netIncome": -30944000, "netIncomeRatio": -0.3795924876409181, "eps": 0.44, "epsdiluted": 0.44, "weightedAverageShsOut": 8006000.0, "weightedAverageShsOutDil": 74011000, "link": "https://www.sec.gov/Archives/edgar/data/1327811/000119312513122351/0001193125-13-122351-index.htm", "finalLink": "https://www.sec.gov/Archives/edgar/data/1327811/000119312513122351/d448150d10k.htm"}, {"date": "2012-10-31", "symbol": "WDAY", "fillingDate": null, "acceptedDate": "Not found...", "period": "Q3", "revenue": -3834581000, "costOfRevenue": 2301058000, "grossProfit": 1533523000, "grossProfitRatio": -0.39991931321831514, "researchAndDevelopmentExpenses": 72413000, "generalAndAdministrativeExpenses": -373822000, "sellingAndMarketingExpenses": 87051000, "otherExpenses": 83549000, "operatingExpenses": -224630000, "costAndExpenses": -2525688000, "interestExpense": -111313000, "depreciationAndAmortization": -556532000, "ebitda": -1287311000, "ebitdaratio": 0.335710994239, "operatingIncome": -730779000, "operatingIncomeRatio": 0.190575971664, "totalOtherIncomeExpensesNet": 0.0, "incomeBeforeTax": -632250000, "incomeBeforeTaxRatio": 0.164881117389, "incomeTaxExpense": -110514000, "netIncome": -522393000, "netIncomeRatio": 0.136232094198, "eps": -3.7, "epsdiluted": -3.7, "weightedAverageShsOut": 1910000.0, "weightedAverageShsOutDil": 43053000, "link": "updating...", "finalLink": null}]