[{"date": "2020-04-30", "symbol": "ADSK", "fillingDate": "2020-06-02", "acceptedDate": "2020-06-02 16:07:13", "period": "Q1", "revenue": 885700000, "costOfRevenue": 81900000, "grossProfit": 803800000, "grossProfitRatio": 0.9075307666252681, "researchAndDevelopmentExpenses": 217400000, "generalAndAdministrativeExpenses": 104800000, "sellingAndMarketingExpenses": 341300000, "otherExpenses": 9700000.0, "operatingExpenses": 673200000, "costAndExpenses": 755100000, "interestExpense": 0.0, "depreciationAndAmortization": 30000000, "ebitda": 160600000, "ebitdaratio": 0.18132550525, "operatingIncome": 130600000, "operatingIncomeRatio": 0.147453991193, "totalOtherIncomeExpensesNet": 0.0, "incomeBeforeTax": 90500000, "incomeBeforeTaxRatio": 0.102179067404, "incomeTaxExpense": 24000000, "netIncome": 66500000, "netIncomeRatio": 0.075081856159, "eps": 0.3, "epsdiluted": 0.3, "weightedAverageShsOut": 219200000, "weightedAverageShsOutDil": 221300000, "link": "https://www.sec.gov/Archives/edgar/data/769397/000076939720000023/0000769397-20-000023-index.htm", "finalLink": "https://www.sec.gov/Archives/edgar/data/769397/000076939720000013/adsk-0131202010xk.htm"}, {"date": "2020-01-31", "symbol": "ADSK", "fillingDate": "2020-03-19", "acceptedDate": "2020-03-19 16:08:49", "period": "FY", "revenue": 899300000, "costOfRevenue": 83200000, "grossProfit": 816100000, "grossProfitRatio": 0.9074835983542755, "researchAndDevelopmentExpenses": 217100000, "generalAndAdministrativeExpenses": 106000000, "sellingAndMarketingExpenses": 349500000, "otherExpenses": 9700000.0, "operatingExpenses": 682300000, "costAndExpenses": 765500000, "interestExpense": 0.0, "depreciationAndAmortization": 30900000, "ebitda": 164700000, "ebitdaratio": 0.183142444123, "operatingIncome": 133800000, "operatingIncomeRatio": 0.1487823863, "totalOtherIncomeExpensesNet": 0.0, "incomeBeforeTax": 123300000, "incomeBeforeTaxRatio": 0.137106638497, "incomeTaxExpense": 8000000.0, "netIncome": 131800000, "netIncomeRatio": 0.146558434338, "eps": 0.6, "epsdiluted": 0.59, "weightedAverageShsOut": 219700000, "weightedAverageShsOutDil": 222500000, "link": "https://www.sec.gov/Archives/edgar/data/769397/000076939720000013/0000769397-20-000013-index.htm", "finalLink": "https://www.sec.gov/Archives/edgar/data/769397/000076939720000013/adsk-0131202010xk.htm"}, {"date": "2019-10-31", "symbol": "ADSK", "fillingDate": "2019-12-05", "acceptedDate": "2019-12-05 16:08:07", "period": "Q3", "revenue": 842700000, "costOfRevenue": 79500000, "grossProfit": 763200000, "grossProfitRatio": 0.9056603773584906, "researchAndDevelopmentExpenses": 213000000, "generalAndAdministrativeExpenses": 99100000, "sellingAndMarketingExpenses": 330700000, "otherExpenses": 9800000.0, "operatingExpenses": 652600000, "costAndExpenses": 732100000, "interestExpense": 0.0, "depreciationAndAmortization": 31600000, "ebitda": 142200000, "ebitdaratio": 0.168743325027, "operatingIncome": 110600000, "operatingIncomeRatio": 0.131244808354, "totalOtherIncomeExpensesNet": 23000000, "incomeBeforeTax": 96400000, "incomeBeforeTaxRatio": 0.11439420909, "incomeTaxExpense": 29700000, "netIncome": 66700000, "netIncomeRatio": 0.0791503500653, "eps": 0.31, "epsdiluted": 0.3, "weightedAverageShsOut": 219600000, "weightedAverageShsOutDil": 222100000, "link": "https://www.sec.gov/Archives/edgar/data/769397/000076939719000052/0000769397-19-000052-index.htm", "finalLink": "https://www.sec.gov/Archives/edgar/data/769397/000076939719000052/adsk-10312019x10q.htm"}, {"date": "2019-07-31", "symbol": "ADSK", "fillingDate": "2019-09-04", "acceptedDate": "2019-09-04 16:04:55", "period": "Q2", "revenue": 796800000, "costOfRevenue": 79500000, "grossProfit": 717300000, "grossProfitRatio": 0.9002259036144579, "researchAndDevelopmentExpenses": 215400000, "generalAndAdministrativeExpenses": 101400000, "sellingAndMarketingExpenses": 316800000, "otherExpenses": 9900000.0, "operatingExpenses": 643500000, "costAndExpenses": 723000000, "interestExpense": 0.0, "depreciationAndAmortization": 32100000, "ebitda": 105900000, "ebitdaratio": 0.132906626506, "operatingIncome": 73800000, "operatingIncomeRatio": 0.0926204819277, "totalOtherIncomeExpensesNet": -23000000, "incomeBeforeTax": 66500000, "incomeBeforeTaxRatio": 0.0834588353414, "incomeTaxExpense": 26300000, "netIncome": 40200000, "netIncomeRatio": 0.0504518072289, "eps": 0.18, "epsdiluted": 0.18, "weightedAverageShsOut": 219600000, "weightedAverageShsOutDil": 222300000, "link": "https://www.sec.gov/Archives/edgar/data/769397/000076939719000040/0000769397-19-000040-index.htm", "finalLink": "https://www.sec.gov/Archives/edgar/data/769397/000076939719000040/adsk-7312019x10q.htm"}, {"date": "2019-04-30", "symbol": "ADSK", "fillingDate": "2019-06-04", "acceptedDate": "2019-06-04 16:09:22", "period": "Q1", "revenue": 735500000, "costOfRevenue": 82700000, "grossProfit": 652800000, "grossProfitRatio": 0.8875594833446635, "researchAndDevelopmentExpenses": 205600000, "generalAndAdministrativeExpenses": 99100000, "sellingAndMarketingExpenses": 313300000, "otherExpenses": 10000000, "operatingExpenses": 628000000, "costAndExpenses": 710700000, "interestExpense": 0.0, "depreciationAndAmortization": 32700000, "ebitda": 57500000, "ebitdaratio": 0.0781781101292, "operatingIncome": 24800000, "operatingIncomeRatio": 0.0337185588035, "totalOtherIncomeExpensesNet": 0.0, "incomeBeforeTax": 8600000.0, "incomeBeforeTaxRatio": 0.010884353741496598, "incomeTaxExpense": 32800000, "netIncome": -24000000, "netIncomeRatio": -0.0326530612244898, "eps": -0.11, "epsdiluted": -0.11, "weightedAverageShsOut": 219600000, "weightedAverageShsOutDil": 219600000, "link": "https://www.sec.gov/Archives/edgar/data/769397/000076939719000030/0000769397-19-000030-index.htm", "finalLink": "https://www.sec.gov/Archives/edgar/data/769397/000076939719000016/adsk-0131201910xk.htm"}, {"date": "2019-01-31", "symbol": "ADSK", "fillingDate": "2019-03-25", "acceptedDate": "2019-03-25 16:05:52", "period": "FY", "revenue": 737300000, "costOfRevenue": 77000000, "grossProfit": 660300000, "grossProfitRatio": 0.895564898955649, "researchAndDevelopmentExpenses": 190400000, "generalAndAdministrativeExpenses": 100700000, "sellingAndMarketingExpenses": 320800000, "otherExpenses": 8100000.0, "operatingExpenses": 620000000, "costAndExpenses": 697000000, "interestExpense": 0.0, "depreciationAndAmortization": 25400000, "ebitda": 65700000, "ebitdaratio": 0.0891089108911, "operatingIncome": 40300000, "operatingIncomeRatio": 0.0546588905466, "totalOtherIncomeExpensesNet": 0.0, "incomeBeforeTax": 33000000, "incomeBeforeTaxRatio": 0.0447579004476, "incomeTaxExpense": 31000000, "netIncome": 64700000, "netIncomeRatio": 0.0877526108775, "eps": 0.3, "epsdiluted": 0.3, "weightedAverageShsOut": 218900000, "weightedAverageShsOutDil": 218900000, "link": "https://www.sec.gov/Archives/edgar/data/769397/000076939719000016/0000769397-19-000016-index.htm", "finalLink": "https://www.sec.gov/Archives/edgar/data/769397/000076939719000016/adsk-0131201910xk.htm"}, {"date": "2018-10-31", "symbol": "ADSK", "fillingDate": "2018-12-06", "acceptedDate": "2018-12-06 16:04:23", "period": "Q3", "revenue": 660900000, "costOfRevenue": 72300000, "grossProfit": 588600000, "grossProfitRatio": 0.8906037221970041, "researchAndDevelopmentExpenses": 181000000, "generalAndAdministrativeExpenses": 87400000, "sellingAndMarketingExpenses": 297600000, "otherExpenses": 7900000.0, "operatingExpenses": 573900000, "costAndExpenses": 646200000, "interestExpense": 0.0, "depreciationAndAmortization": 23500000, "ebitda": 38200000, "ebitdaratio": 0.0577999697382, "operatingIncome": 14700000, "operatingIncomeRatio": 0.0222423967317, "totalOtherIncomeExpensesNet": 7000000.0, "incomeBeforeTax": 11500000, "incomeBeforeTaxRatio": 0.01740051445, "incomeTaxExpense": 35200000, "netIncome": -24000000, "netIncomeRatio": -0.036308623298033284, "eps": -0.11, "epsdiluted": -0.11, "weightedAverageShsOut": 218700000, "weightedAverageShsOutDil": 218700000, "link": "https://www.sec.gov/Archives/edgar/data/769397/000076939718000051/0000769397-18-000051-index.htm", "finalLink": "https://www.sec.gov/Archives/edgar/data/769397/000076939718000051/adsk-10312018x10q.htm"}, {"date": "2018-07-31", "symbol": "ADSK", "fillingDate": "2018-08-30", "acceptedDate": "2018-08-30 16:07:54", "period": "Q2", "revenue": 611700000, "costOfRevenue": 69800000, "grossProfit": 541900000, "grossProfitRatio": 0.8858917770148765, "researchAndDevelopmentExpenses": 180800000, "generalAndAdministrativeExpenses": 79100000, "sellingAndMarketingExpenses": 289100000, "otherExpenses": 17600000, "operatingExpenses": 566600000, "costAndExpenses": 636400000, "interestExpense": 0.0, "depreciationAndAmortization": 22200000, "ebitda": -2800000.0, "ebitdaratio": -0.004575163398692811, "operatingIncome": -25000000, "operatingIncomeRatio": -0.04084967320261438, "totalOtherIncomeExpensesNet": -7000000.0, "incomeBeforeTax": -24000000, "incomeBeforeTaxRatio": -0.0392156862745098, "incomeTaxExpense": 16000000, "netIncome": -39000000, "netIncomeRatio": -0.06372549019607843, "eps": -0.18, "epsdiluted": -0.18, "weightedAverageShsOut": 218800000, "weightedAverageShsOutDil": 218800000, "link": "https://www.sec.gov/Archives/edgar/data/769397/000076939718000042/0000769397-18-000042-index.htm", "finalLink": "https://www.sec.gov/Archives/edgar/data/769397/000076939718000042/adsk-7312018x10q.htm"}, {"date": "2018-04-30", "symbol": "ADSK", "fillingDate": "2018-06-08", "acceptedDate": "2018-06-08 16:04:36", "period": "Q1", "revenue": 559900000, "costOfRevenue": 66800000, "grossProfit": 493100000, "grossProfitRatio": 0.8806929808894446, "researchAndDevelopmentExpenses": 172800000, "generalAndAdministrativeExpenses": 72900000, "sellingAndMarketingExpenses": 276400000, "otherExpenses": 26300000, "operatingExpenses": 548400000, "costAndExpenses": 615200000, "interestExpense": 0.0, "depreciationAndAmortization": 24100000, "ebitda": -30900000, "ebitdaratio": -0.055277280858676205, "operatingIncome": -55000000, "operatingIncomeRatio": -0.09838998211091235, "totalOtherIncomeExpensesNet": 0.0, "incomeBeforeTax": -63000000, "incomeBeforeTaxRatio": -0.11270125223613596, "incomeTaxExpense": 18600000, "netIncome": -82000000, "netIncomeRatio": -0.14669051878354203, "eps": -0.38, "epsdiluted": -0.38, "weightedAverageShsOut": 218600000, "weightedAverageShsOutDil": 218600000, "link": "https://www.sec.gov/Archives/edgar/data/769397/000076939718000024/0000769397-18-000024-index.htm", "finalLink": "https://www.sec.gov/Archives/edgar/data/769397/000076939718000011/adsk-0131201810xk.htm"}, {"date": "2018-01-31", "symbol": "ADSK", "fillingDate": "2018-03-22", "acceptedDate": "2018-03-22 17:04:04", "period": "FY", "revenue": 553800000, "costOfRevenue": 73100000, "grossProfit": 480700000, "grossProfitRatio": 0.8680028891296497, "researchAndDevelopmentExpenses": 182200000, "generalAndAdministrativeExpenses": 80100000, "sellingAndMarketingExpenses": 301500000, "otherExpenses": 98800000, "operatingExpenses": 662600000, "costAndExpenses": 735700000, "interestExpense": 0.0, "depreciationAndAmortization": 26900000, "ebitda": -155100000, "ebitdaratio": -0.2799638989169675, "operatingIncome": -182000000, "operatingIncomeRatio": -0.3285198555956679, "totalOtherIncomeExpensesNet": 0.0, "incomeBeforeTax": -198000000, "incomeBeforeTaxRatio": -0.3574007220216607, "incomeTaxExpense": 25000000, "netIncome": -173000000, "netIncomeRatio": -0.31227436823104693, "eps": -0.79, "epsdiluted": -0.79, "weightedAverageShsOut": 219500000, "weightedAverageShsOutDil": 219500000, "link": "https://www.sec.gov/Archives/edgar/data/769397/000076939718000011/0000769397-18-000011-index.htm", "finalLink": "https://www.sec.gov/Archives/edgar/data/769397/000076939718000011/adsk-0131201810xk.htm"}, {"date": "2017-10-31", "symbol": "ADSK", "fillingDate": "2017-12-05", "acceptedDate": "2017-12-05 16:03:34", "period": "Q3", "revenue": 515300000, "costOfRevenue": 77500000, "grossProfit": 437800000, "grossProfitRatio": 0.8496021734911702, "researchAndDevelopmentExpenses": 191800000, "generalAndAdministrativeExpenses": 68800000, "sellingAndMarketingExpenses": 272500000, "otherExpenses": 4700000.0, "operatingExpenses": 537800000, "costAndExpenses": 615300000, "interestExpense": 0.0, "depreciationAndAmortization": 24700000, "ebitda": -75300000, "ebitdaratio": -0.1462135922330097, "operatingIncome": -100000000, "operatingIncomeRatio": -0.1941747572815534, "totalOtherIncomeExpensesNet": 0.0, "incomeBeforeTax": -112000000, "incomeBeforeTaxRatio": -0.2174757281553398, "incomeTaxExpense": 8600000.0, "netIncome": -120000000, "netIncomeRatio": -0.23300970873786409, "eps": -0.54, "epsdiluted": -0.54, "weightedAverageShsOut": 219700000, "weightedAverageShsOutDil": 219700000, "link": "https://www.sec.gov/Archives/edgar/data/769397/000076939717000057/0000769397-17-000057-index.htm", "finalLink": "https://www.sec.gov/Archives/edgar/data/769397/000076939717000057/adsk-10312017x10q.htm"}, {"date": "2017-07-31", "symbol": "ADSK", "fillingDate": "2017-08-31", "acceptedDate": "2017-08-31 16:03:10", "period": "Q2", "revenue": 501800000, "costOfRevenue": 74600000, "grossProfit": 427200000, "grossProfitRatio": 0.8513351933041052, "researchAndDevelopmentExpenses": 193800000, "generalAndAdministrativeExpenses": 78000000, "sellingAndMarketingExpenses": 257600000, "otherExpenses": 5400000.0, "operatingExpenses": 534800000, "costAndExpenses": 609400000, "interestExpense": 0.0, "depreciationAndAmortization": 28400000, "ebitda": -79600000, "ebitdaratio": -0.15856573705179283, "operatingIncome": -108000000, "operatingIncomeRatio": -0.2151394422310757, "totalOtherIncomeExpensesNet": 0.0, "incomeBeforeTax": -126000000, "incomeBeforeTaxRatio": -0.250996015936255, "incomeTaxExpense": 17600000, "netIncome": -144000000, "netIncomeRatio": -0.2868525896414343, "eps": -0.66, "epsdiluted": -0.66, "weightedAverageShsOut": 219700000, "weightedAverageShsOutDil": 219700000, "link": "https://www.sec.gov/Archives/edgar/data/769397/000076939717000051/0000769397-17-000051-index.htm", "finalLink": "https://www.sec.gov/Archives/edgar/data/769397/000076939717000051/adsk-07312017x10q.htm"}, {"date": "2017-04-30", "symbol": "ADSK", "fillingDate": "2017-05-31", "acceptedDate": "2017-05-31 16:04:55", "period": "Q1", "revenue": 485700000, "costOfRevenue": 78200000, "grossProfit": 407500000, "grossProfitRatio": 0.8389952645666049, "researchAndDevelopmentExpenses": 187700000, "generalAndAdministrativeExpenses": 78300000, "sellingAndMarketingExpenses": 255700000, "otherExpenses": 5400000.0, "operatingExpenses": 527100000, "costAndExpenses": 605300000, "interestExpense": 0.0, "depreciationAndAmortization": 28400000, "ebitda": -90600000, "ebitdaratio": -0.1868041237113402, "operatingIncome": -119000000, "operatingIncomeRatio": -0.24536082474226803, "totalOtherIncomeExpensesNet": 0.0, "incomeBeforeTax": -121000000, "incomeBeforeTaxRatio": -0.24948453608247423, "incomeTaxExpense": 8200000.0, "netIncome": -129000000, "netIncomeRatio": -0.26597938144329897, "eps": -0.59, "epsdiluted": -0.59, "weightedAverageShsOut": 219900000, "weightedAverageShsOutDil": 219900000, "link": "https://www.sec.gov/Archives/edgar/data/769397/000076939717000031/0000769397-17-000031-index.htm", "finalLink": "https://www.sec.gov/Archives/edgar/data/769397/000076939717000014/adsk-0131201710xk.htm"}, {"date": "2017-01-31", "symbol": "ADSK", "fillingDate": "2017-03-21", "acceptedDate": "2017-03-21 16:03:19", "period": "FY", "revenue": 478800000, "costOfRevenue": 82900000, "grossProfit": 395900000, "grossProfitRatio": 0.826858813700919, "researchAndDevelopmentExpenses": 187000000, "generalAndAdministrativeExpenses": 74100000, "sellingAndMarketingExpenses": 283600000, "otherExpenses": 18300000, "operatingExpenses": 563000000, "costAndExpenses": 645900000, "interestExpense": 0.0, "depreciationAndAmortization": 34700000, "ebitda": -132300000, "ebitdaratio": -0.27620041753653446, "operatingIncome": -167000000, "operatingIncomeRatio": -0.348643006263048, "totalOtherIncomeExpensesNet": 0.0, "incomeBeforeTax": -168000000, "incomeBeforeTaxRatio": -0.35073068893528186, "incomeTaxExpense": 5200000.0, "netIncome": -57000000, "netIncomeRatio": -0.11899791231732777, "eps": -0.78, "epsdiluted": -0.78, "weightedAverageShsOut": 222700000, "weightedAverageShsOutDil": 222700000, "link": "https://www.sec.gov/Archives/edgar/data/769397/000076939717000014/0000769397-17-000014-index.htm", "finalLink": "https://www.sec.gov/Archives/edgar/data/769397/000076939717000014/adsk-0131201710xk.htm"}, {"date": "2016-10-31", "symbol": "ADSK", "fillingDate": "2016-12-01", "acceptedDate": "2016-12-01 16:03:34", "period": "Q3", "revenue": 489600000, "costOfRevenue": 81500000, "grossProfit": 408100000, "grossProfitRatio": 0.8335375816993464, "researchAndDevelopmentExpenses": 192600000, "generalAndAdministrativeExpenses": 70400000, "sellingAndMarketingExpenses": 255000000, "otherExpenses": 10000000, "operatingExpenses": 528000000, "costAndExpenses": 609500000, "interestExpense": 0.0, "depreciationAndAmortization": 34100000, "ebitda": -85900000, "ebitdaratio": -0.17530612244897958, "operatingIncome": -120000000, "operatingIncomeRatio": -0.24489795918367346, "totalOtherIncomeExpensesNet": 0.0, "incomeBeforeTax": -129000000, "incomeBeforeTaxRatio": -0.26326530612244897, "incomeTaxExpense": 13500000, "netIncome": -143000000, "netIncomeRatio": -0.29183673469387755, "eps": -0.64, "epsdiluted": -0.64, "weightedAverageShsOut": 223300000, "weightedAverageShsOutDil": 223300000, "link": "https://www.sec.gov/Archives/edgar/data/769397/000076939716000097/0000769397-16-000097-index.htm", "finalLink": "https://www.sec.gov/Archives/edgar/data/769397/000076939716000097/adsk-10312016x10q.htm"}, {"date": "2016-07-31", "symbol": "ADSK", "fillingDate": "2016-08-30", "acceptedDate": "2016-08-30 16:28:08", "period": "Q2", "revenue": 550700000, "costOfRevenue": 85000000, "grossProfit": 465700000, "grossProfitRatio": 0.845650989649537, "researchAndDevelopmentExpenses": 191000000, "generalAndAdministrativeExpenses": 67500000, "sellingAndMarketingExpenses": 241000000, "otherExpenses": 23800000, "operatingExpenses": 523300000, "costAndExpenses": 608300000, "interestExpense": 0.0, "depreciationAndAmortization": 33000000, "ebitda": -24000000, "ebitdaratio": -0.043557168784029036, "operatingIncome": -57000000, "operatingIncomeRatio": -0.10344827586206896, "totalOtherIncomeExpensesNet": 3000000.0, "incomeBeforeTax": -68000000, "incomeBeforeTaxRatio": -0.12341197822141561, "incomeTaxExpense": 25200000, "netIncome": -121000000, "netIncomeRatio": -0.21960072595281308, "eps": -0.42, "epsdiluted": -0.42, "weightedAverageShsOut": 223800000, "weightedAverageShsOutDil": 223800000, "link": "https://www.sec.gov/Archives/edgar/data/769397/000076939716000087/0000769397-16-000087-index.htm", "finalLink": "https://www.sec.gov/Archives/edgar/data/769397/000076939716000087/adsk-7312016x10q.htm"}, {"date": "2016-04-30", "symbol": "ADSK", "fillingDate": "2016-06-06", "acceptedDate": "2016-06-06 16:03:49", "period": "Q1", "revenue": 511900000, "costOfRevenue": 92500000, "grossProfit": 419400000, "grossProfitRatio": 0.8193006446571596, "researchAndDevelopmentExpenses": 195500000, "generalAndAdministrativeExpenses": 75800000, "sellingAndMarketingExpenses": 242900000, "otherExpenses": 60200000, "operatingExpenses": 574400000, "costAndExpenses": 666900000, "interestExpense": 0.0, "depreciationAndAmortization": 37400000, "ebitda": -117600000, "ebitdaratio": -0.23013698630136986, "operatingIncome": -155000000, "operatingIncomeRatio": -0.30332681017612523, "totalOtherIncomeExpensesNet": -3000000.0, "incomeBeforeTax": -158000000, "incomeBeforeTaxRatio": -0.30919765166340507, "incomeTaxExpense": 14400000, "netIncome": -144000000, "netIncomeRatio": -0.28180039138943247, "eps": -0.77, "epsdiluted": -0.77, "weightedAverageShsOut": 224400000, "weightedAverageShsOutDil": 224400000, "link": "https://www.sec.gov/Archives/edgar/data/769397/000076939716000079/0000769397-16-000079-index.htm", "finalLink": "https://www.sec.gov/Archives/edgar/data/769397/000076939716000067/adsk-0131201610xk.htm"}, {"date": "2016-01-31", "symbol": "ADSK", "fillingDate": "2016-03-23", "acceptedDate": "2016-03-23 16:02:56", "period": "FY", "revenue": 648300000, "costOfRevenue": 94900000, "grossProfit": 553400000, "grossProfitRatio": 0.8536171525528304, "researchAndDevelopmentExpenses": 204500000, "generalAndAdministrativeExpenses": 73200000, "sellingAndMarketingExpenses": 277400000, "otherExpenses": 8000000.0, "operatingExpenses": 563100000, "costAndExpenses": 658000000, "interestExpense": 0.0, "depreciationAndAmortization": 36100000, "ebitda": 26400000, "ebitdaratio": 0.0407218880148, "operatingIncome": -10000000, "operatingIncomeRatio": -0.015408320493066256, "totalOtherIncomeExpensesNet": 0.0, "incomeBeforeTax": 273000000, "incomeBeforeTaxRatio": 0.4206471494607088, "incomeTaxExpense": 16700000, "netIncome": 290000000, "netIncomeRatio": 0.44684129429892144, "eps": -0.17, "epsdiluted": -0.17, "weightedAverageShsOut": 226000000, "weightedAverageShsOutDil": 226000000, "link": "https://www.sec.gov/Archives/edgar/data/769397/000076939716000067/0000769397-16-000067-index.htm", "finalLink": "https://www.sec.gov/Archives/edgar/data/769397/000076939716000067/adsk-0131201610xk.htm"}, {"date": "2015-10-31", "symbol": "ADSK", "fillingDate": "2015-12-09", "acceptedDate": "2015-12-09 17:12:29", "period": "Q3", "revenue": 599800000, "costOfRevenue": 91000000, "grossProfit": 508800000, "grossProfitRatio": 0.8482827609203067, "researchAndDevelopmentExpenses": 197900000, "generalAndAdministrativeExpenses": 74200000, "sellingAndMarketingExpenses": 243400000, "otherExpenses": 8100000.0, "operatingExpenses": 523600000, "costAndExpenses": 614600000, "interestExpense": 0.0, "depreciationAndAmortization": 35700000, "ebitda": 20900000, "ebitdaratio": 0.0348449483161, "operatingIncome": -14000000, "operatingIncomeRatio": -0.02337228714524207, "totalOtherIncomeExpensesNet": 0.0, "incomeBeforeTax": -315000000, "incomeBeforeTaxRatio": -0.5258764607679466, "incomeTaxExpense": 54400000, "netIncome": -261000000, "netIncomeRatio": -0.4357262103505843, "eps": -0.34, "epsdiluted": -0.34, "weightedAverageShsOut": 226500000, "weightedAverageShsOutDil": 226500000, "link": "https://www.sec.gov/Archives/edgar/data/769397/000076939715000050/0000769397-15-000050-index.htm", "finalLink": "https://www.sec.gov/Archives/edgar/data/769397/000076939715000050/adsk-10312015x10q.htm"}, {"date": "2015-07-31", "symbol": "ADSK", "fillingDate": "2015-08-31", "acceptedDate": "2015-08-31 16:02:05", "period": "Q2", "revenue": 609500000, "costOfRevenue": 93000000, "grossProfit": 516500000, "grossProfitRatio": 0.8474159146841673, "researchAndDevelopmentExpenses": 193100000, "generalAndAdministrativeExpenses": 70100000, "sellingAndMarketingExpenses": 240800000, "otherExpenses": 8200000.0, "operatingExpenses": 512200000, "costAndExpenses": 605200000, "interestExpense": 0.0, "depreciationAndAmortization": 36200000, "ebitda": 40500000, "ebitdaratio": 0.0664479081214, "operatingIncome": 4300000.0, "operatingIncomeRatio": 0.0070549630845, "totalOtherIncomeExpensesNet": 0.0, "incomeBeforeTax": 900000.0, "incomeBeforeTaxRatio": 0.00147662018048, "incomeTaxExpense": 236400000, "netIncome": 242000000, "netIncomeRatio": 0.39672131147540984, "eps": -1.03, "epsdiluted": -1.03, "weightedAverageShsOut": 227100000, "weightedAverageShsOutDil": 227100000, "link": "https://www.sec.gov/Archives/edgar/data/769397/000076939715000040/0000769397-15-000040-index.htm", "finalLink": "https://www.sec.gov/Archives/edgar/data/769397/000076939715000040/adsk-7312015x10q.htm"}, {"date": "2015-04-30", "symbol": "ADSK", "fillingDate": "2015-05-28", "acceptedDate": "2015-05-28 16:08:09", "period": "Q1", "revenue": 646500000, "costOfRevenue": 91800000, "grossProfit": 554700000, "grossProfitRatio": 0.8580046403712297, "researchAndDevelopmentExpenses": 194500000, "generalAndAdministrativeExpenses": 75900000, "sellingAndMarketingExpenses": 253900000, "otherExpenses": 8900000.0, "operatingExpenses": 533200000, "costAndExpenses": 625000000, "interestExpense": 0.0, "depreciationAndAmortization": 37800000, "ebitda": 59300000, "ebitdaratio": 0.091724671307, "operatingIncome": 21500000, "operatingIncomeRatio": 0.0332559938128, "totalOtherIncomeExpensesNet": 0.0, "incomeBeforeTax": 21800000, "incomeBeforeTaxRatio": 0.0337200309358, "incomeTaxExpense": 2700000.0, "netIncome": 19100000, "netIncomeRatio": 0.0295436968291, "eps": 0.08, "epsdiluted": 0.08, "weightedAverageShsOut": 227200000, "weightedAverageShsOutDil": 231700000, "link": "https://www.sec.gov/Archives/edgar/data/769397/000076939715000024/0000769397-15-000024-index.htm", "finalLink": "https://www.sec.gov/Archives/edgar/data/769397/000076939715000012/adsk-0131201510xk.htm"}, {"date": "2015-01-31", "symbol": "ADSK", "fillingDate": "2015-03-18", "acceptedDate": "2015-03-18 16:04:42", "period": "FY", "revenue": 664600000, "costOfRevenue": 89500000, "grossProfit": 575100000, "grossProfitRatio": 0.8653325308456215, "researchAndDevelopmentExpenses": 191500000, "generalAndAdministrativeExpenses": 70400000, "sellingAndMarketingExpenses": 289900000, "otherExpenses": 9300000.0, "operatingExpenses": 561100000, "costAndExpenses": 650600000, "interestExpense": 0.0, "depreciationAndAmortization": 36000000, "ebitda": 50000000, "ebitdaratio": 0.0752332229913, "operatingIncome": 14000000, "operatingIncomeRatio": 0.0210653024376, "totalOtherIncomeExpensesNet": -21000000, "incomeBeforeTax": -7000000.0, "incomeBeforeTaxRatio": -0.010526315789473684, "incomeTaxExpense": 18000000, "netIncome": 11500000, "netIncomeRatio": 0.017303641288, "eps": 0.05, "epsdiluted": 0.05, "weightedAverageShsOut": 227100000, "weightedAverageShsOutDil": 232400000, "link": "https://www.sec.gov/Archives/edgar/data/769397/000076939715000012/0000769397-15-000012-index.htm", "finalLink": "https://www.sec.gov/Archives/edgar/data/769397/000076939715000012/adsk-0131201510xk.htm"}, {"date": "2014-10-31", "symbol": "ADSK", "fillingDate": "2014-12-05", "acceptedDate": "2014-12-05 16:01:17", "period": "Q3", "revenue": 618000000, "costOfRevenue": 86000000, "grossProfit": 532000000, "grossProfitRatio": 0.86084142394822, "researchAndDevelopmentExpenses": 183900000, "generalAndAdministrativeExpenses": 78900000, "sellingAndMarketingExpenses": 245100000, "otherExpenses": 9500000.0, "operatingExpenses": 517400000, "costAndExpenses": 603400000, "interestExpense": 0.0, "depreciationAndAmortization": 36600000, "ebitda": 51200000, "ebitdaratio": 0.0828478964401, "operatingIncome": 14600000, "operatingIncomeRatio": 0.0236245954693, "totalOtherIncomeExpensesNet": -3000000.0, "incomeBeforeTax": 11600000, "incomeBeforeTaxRatio": 0.0187702265372, "incomeTaxExpense": 900000.0, "netIncome": 10700000, "netIncomeRatio": 0.0173139158576, "eps": 0.05, "epsdiluted": 0.04, "weightedAverageShsOut": 227100000, "weightedAverageShsOutDil": 231900000, "link": "https://www.sec.gov/Archives/edgar/data/769397/000076939714000060/0000769397-14-000060-index.htm", "finalLink": "https://www.sec.gov/Archives/edgar/data/769397/000076939714000060/adsk-10312014x10q.htm"}, {"date": "2014-07-31", "symbol": "ADSK", "fillingDate": "2014-09-02", "acceptedDate": "2014-09-02 16:01:55", "period": "Q2", "revenue": 637100000, "costOfRevenue": 87900000, "grossProfit": 549200000, "grossProfitRatio": 0.8620310783236541, "researchAndDevelopmentExpenses": 179300000, "generalAndAdministrativeExpenses": 60600000, "sellingAndMarketingExpenses": 237600000, "otherExpenses": 21800000, "operatingExpenses": 499300000, "costAndExpenses": 587200000, "interestExpense": 0.0, "depreciationAndAmortization": 37200000, "ebitda": 87100000, "ebitdaratio": 0.136713231832, "operatingIncome": 49900000, "operatingIncomeRatio": 0.0783236540574, "totalOtherIncomeExpensesNet": -7000000.0, "incomeBeforeTax": 42900000, "incomeBeforeTaxRatio": 0.0673363679171, "incomeTaxExpense": 11600000, "netIncome": 31300000, "netIncomeRatio": 0.0491288651703, "eps": 0.14, "epsdiluted": 0.14, "weightedAverageShsOut": 227100000, "weightedAverageShsOutDil": 232400000, "link": "https://www.sec.gov/Archives/edgar/data/769397/000076939714000051/0000769397-14-000051-index.htm", "finalLink": "https://www.sec.gov/Archives/edgar/data/769397/000076939714000051/adsk-7312014x10q.htm"}, {"date": "2014-04-30", "symbol": "ADSK", "fillingDate": "2014-06-03", "acceptedDate": "2014-06-03 16:03:28", "period": "Q1", "revenue": 592500000, "costOfRevenue": 78700000, "grossProfit": 513800000, "grossProfitRatio": 0.8671729957805907, "researchAndDevelopmentExpenses": 170500000, "generalAndAdministrativeExpenses": 73400000, "sellingAndMarketingExpenses": 225400000, "otherExpenses": 2300000.0, "operatingExpenses": 471600000, "costAndExpenses": 550300000, "interestExpense": 0.0, "depreciationAndAmortization": 36100000, "ebitda": 78300000, "ebitdaratio": 0.132151898734, "operatingIncome": 42200000, "operatingIncomeRatio": 0.071223628692, "totalOtherIncomeExpensesNet": -6000000.0, "incomeBeforeTax": 35600000, "incomeBeforeTaxRatio": 0.05912162162162162, "incomeTaxExpense": 7300000.0, "netIncome": 28300000, "netIncomeRatio": 0.0477637130802, "eps": 0.12, "epsdiluted": 0.12, "weightedAverageShsOut": 227000000, "weightedAverageShsOutDil": 231600000, "link": "https://www.sec.gov/Archives/edgar/data/769397/000076939714000035/0000769397-14-000035-index.htm", "finalLink": "https://www.sec.gov/Archives/edgar/data/769397/000076939714000018/adsk-0131201410xk.htm"}, {"date": "2014-01-31", "symbol": "ADSK", "fillingDate": "2014-03-10", "acceptedDate": "2014-03-10 16:17:25", "period": "FY", "revenue": 586600000, "costOfRevenue": 71900000, "grossProfit": 514700000, "grossProfitRatio": 0.8774292533242414, "researchAndDevelopmentExpenses": 162400000, "generalAndAdministrativeExpenses": 62000000, "sellingAndMarketingExpenses": 232300000, "otherExpenses": 6300000.0, "operatingExpenses": 463000000, "costAndExpenses": 534900000, "interestExpense": 0.0, "depreciationAndAmortization": 33200000, "ebitda": 84900000, "ebitdaratio": 0.14473235595, "operatingIncome": 51700000, "operatingIncomeRatio": 0.0881350153427, "totalOtherIncomeExpensesNet": 5000000.0, "incomeBeforeTax": 56300000, "incomeBeforeTaxRatio": 0.0959768155472, "incomeTaxExpense": 2400000.0, "netIncome": 53900000, "netIncomeRatio": 0.0918854415274, "eps": 0.24, "epsdiluted": 0.23, "weightedAverageShsOut": 224000000, "weightedAverageShsOutDil": 229600000, "link": "https://www.sec.gov/Archives/edgar/data/769397/000076939714000018/0000769397-14-000018-index.htm", "finalLink": "https://www.sec.gov/Archives/edgar/data/769397/000076939714000018/adsk-0131201410xk.htm"}, {"date": "2013-10-31", "symbol": "ADSK", "fillingDate": "2013-12-06", "acceptedDate": "2013-12-06 16:46:43", "period": "Q3", "revenue": 555200000, "costOfRevenue": 67100000, "grossProfit": 488100000, "grossProfitRatio": 0.87914265129683, "researchAndDevelopmentExpenses": 149000000, "generalAndAdministrativeExpenses": 63200000, "sellingAndMarketingExpenses": 203400000, "otherExpenses": 4400000.0, "operatingExpenses": 420000000, "costAndExpenses": 487100000, "interestExpense": 0.0, "depreciationAndAmortization": 30600000, "ebitda": 98700000, "ebitdaratio": 0.177773775216, "operatingIncome": 68100000, "operatingIncomeRatio": 0.122658501441, "totalOtherIncomeExpensesNet": 1000000.0, "incomeBeforeTax": 69200000, "incomeBeforeTaxRatio": 0.124639769452, "incomeTaxExpense": 11600000, "netIncome": 57600000, "netIncomeRatio": 0.103746397695, "eps": 0.26, "epsdiluted": 0.26, "weightedAverageShsOut": 223400000, "weightedAverageShsOutDil": 228600000, "link": "https://www.sec.gov/Archives/edgar/data/769397/000076939713000091/0000769397-13-000091-index.htm", "finalLink": "https://www.sec.gov/Archives/edgar/data/769397/000076939713000091/adsk-10x31x2013x10q.htm"}, {"date": "2013-07-31", "symbol": "ADSK", "fillingDate": "2013-09-03", "acceptedDate": "2013-09-03 16:32:47", "period": "Q2", "revenue": 561700000, "costOfRevenue": 67800000, "grossProfit": 493900000, "grossProfitRatio": 0.8792949973295353, "researchAndDevelopmentExpenses": 148900000, "generalAndAdministrativeExpenses": 61600000, "sellingAndMarketingExpenses": 198100000, "otherExpenses": 1700000.0, "operatingExpenses": 410300000, "costAndExpenses": 478100000, "interestExpense": 0.0, "depreciationAndAmortization": 32000000, "ebitda": 115600000, "ebitdaratio": 0.205803809863, "operatingIncome": 83600000, "operatingIncomeRatio": 0.148833897098, "totalOtherIncomeExpensesNet": -2000000.0, "incomeBeforeTax": 81800000, "incomeBeforeTaxRatio": 0.145629339505, "incomeTaxExpense": 20100000, "netIncome": 61700000, "netIncomeRatio": 0.10984511305, "eps": 0.27, "epsdiluted": 0.27, "weightedAverageShsOut": 223600000, "weightedAverageShsOutDil": 229300000, "link": "https://www.sec.gov/Archives/edgar/data/769397/000076939713000056/0000769397-13-000056-index.htm", "finalLink": "https://www.sec.gov/Archives/edgar/data/769397/000076939713000056/adsk-07x31x2013x10q.htm"}, {"date": "2013-04-30", "symbol": "ADSK", "fillingDate": "2013-06-05", "acceptedDate": "2013-06-05 16:46:39", "period": "Q1", "revenue": 570400000, "costOfRevenue": 67500000, "grossProfit": 502900000, "grossProfitRatio": 0.8816619915848527, "researchAndDevelopmentExpenses": 150800000, "generalAndAdministrativeExpenses": 61500000, "sellingAndMarketingExpenses": 208800000, "otherExpenses": 400000.0, "operatingExpenses": 421500000, "costAndExpenses": 489000000, "interestExpense": 0.0, "depreciationAndAmortization": 33100000, "ebitda": 114500000, "ebitdaratio": 0.200736325386, "operatingIncome": 81400000, "operatingIncomeRatio": 0.14270687237, "totalOtherIncomeExpensesNet": -8000000.0, "incomeBeforeTax": 72600000, "incomeBeforeTaxRatio": 0.127279102384, "incomeTaxExpense": 17000000, "netIncome": 55600000, "netIncomeRatio": 0.0974754558205, "eps": 0.25, "epsdiluted": 0.24, "weightedAverageShsOut": 223800000, "weightedAverageShsOutDil": 229300000, "link": "https://www.sec.gov/Archives/edgar/data/769397/000076939713000036/0000769397-13-000036-index.htm", "finalLink": "https://www.sec.gov/Archives/edgar/data/769397/000076939713000007/adsk-0131201310xk.htm"}, {"date": "2013-01-31", "symbol": "ADSK", "fillingDate": "2013-03-18", "acceptedDate": "2013-03-18 16:01:59", "period": "FY", "revenue": 606900000, "costOfRevenue": 62000000, "grossProfit": 544900000, "grossProfitRatio": 0.8978414895369913, "researchAndDevelopmentExpenses": 149400000, "generalAndAdministrativeExpenses": 67700000, "sellingAndMarketingExpenses": 236000000, "otherExpenses": 7200000.0, "operatingExpenses": 460300000, "costAndExpenses": 522300000, "interestExpense": 0.0, "depreciationAndAmortization": 34700000, "ebitda": 119300000, "ebitdaratio": 0.196572746746, "operatingIncome": 84600000, "operatingIncomeRatio": 0.139396935245, "totalOtherIncomeExpensesNet": 2000000.0, "incomeBeforeTax": 86100000, "incomeBeforeTaxRatio": 0.141868512111, "incomeTaxExpense": 11600000, "netIncome": 74500000, "netIncomeRatio": 0.122754984347, "eps": 0.33, "epsdiluted": 0.32, "weightedAverageShsOut": 226400000, "weightedAverageShsOutDil": 231700000, "link": "https://www.sec.gov/Archives/edgar/data/769397/000076939713000007/0000769397-13-000007-index.htm", "finalLink": "https://www.sec.gov/Archives/edgar/data/769397/000076939713000007/adsk-0131201310xk.htm"}, {"date": "2012-10-31", "symbol": "ADSK", "fillingDate": "2012-12-04", "acceptedDate": "2012-12-04 16:04:41", "period": "Q3", "revenue": 548000000, "costOfRevenue": 57900000, "grossProfit": 490100000, "grossProfitRatio": 0.8943430656934307, "researchAndDevelopmentExpenses": 153000000, "generalAndAdministrativeExpenses": 62100000, "sellingAndMarketingExpenses": 203900000, "otherExpenses": 36700000, "operatingExpenses": 455700000, "costAndExpenses": 513600000, "interestExpense": 0.0, "depreciationAndAmortization": 35000000, "ebitda": 69400000, "ebitdaratio": 0.126642335766, "operatingIncome": 34400000, "operatingIncomeRatio": 0.0627737226277, "totalOtherIncomeExpensesNet": 0.0, "incomeBeforeTax": 34300000, "incomeBeforeTaxRatio": 0.0625912408759, "incomeTaxExpense": 4900000.0, "netIncome": 29400000, "netIncomeRatio": 0.0536496350365, "eps": 0.13, "epsdiluted": 0.13, "weightedAverageShsOut": 227100000, "weightedAverageShsOutDil": 231400000, "link": "https://www.sec.gov/Archives/edgar/data/769397/000076939712000023/0000769397-12-000023-index.htm", "finalLink": "https://www.sec.gov/Archives/edgar/data/769397/000076939712000023/adsk-10x31x2012x10q.htm"}, {"date": "2012-07-31", "symbol": "ADSK", "fillingDate": "2012-09-05", "acceptedDate": "2012-09-05 16:32:25", "period": "Q2", "revenue": 568700000, "costOfRevenue": 59800000, "grossProfit": 508900000, "grossProfitRatio": 0.8948478987163707, "researchAndDevelopmentExpenses": 144900000, "generalAndAdministrativeExpenses": 58700000, "sellingAndMarketingExpenses": 212400000, "otherExpenses": 0.0, "operatingExpenses": 416000000, "costAndExpenses": 475800000, "interestExpense": 0.0, "depreciationAndAmortization": 28900000, "ebitda": 121800000, "ebitdaratio": 0.214172674521, "operatingIncome": 92900000, "operatingIncomeRatio": 0.163355020222, "totalOtherIncomeExpensesNet": -1000000.0, "incomeBeforeTax": 92100000, "incomeBeforeTaxRatio": 0.161948303148, "incomeTaxExpense": 27500000, "netIncome": 64600000, "netIncomeRatio": 0.113592403728, "eps": 0.28, "epsdiluted": 0.28, "weightedAverageShsOut": 228000000, "weightedAverageShsOutDil": 233100000, "link": "https://www.sec.gov/Archives/edgar/data/769397/000076939712000016/0000769397-12-000016-index.htm", "finalLink": "https://www.sec.gov/Archives/edgar/data/769397/000076939712000016/adsk-7x31x2012x10q.htm"}, {"date": "2012-04-30", "symbol": "ADSK", "fillingDate": "2012-06-01", "acceptedDate": "2012-06-01 16:37:32", "period": "Q1", "revenue": 588600000, "costOfRevenue": 58800000, "grossProfit": 529800000, "grossProfitRatio": 0.9001019367991845, "researchAndDevelopmentExpenses": 152700000, "generalAndAdministrativeExpenses": 59900000, "sellingAndMarketingExpenses": 223200000, "otherExpenses": 1000000.0, "operatingExpenses": 435800000, "costAndExpenses": 494600000, "interestExpense": 0.0, "depreciationAndAmortization": 29200000, "ebitda": 123200000, "ebitdaratio": 0.209310227659, "operatingIncome": 94000000, "operatingIncomeRatio": 0.159700985389, "totalOtherIncomeExpensesNet": 3000000.0, "incomeBeforeTax": 97500000, "incomeBeforeTaxRatio": 0.165647298675, "incomeTaxExpense": 18600000, "netIncome": 78900000, "netIncomeRatio": 0.134046890928, "eps": 0.35, "epsdiluted": 0.34, "weightedAverageShsOut": 228100000, "weightedAverageShsOutDil": 234100000, "link": "https://www.sec.gov/Archives/edgar/data/769397/000076939712000009/0000769397-12-000009-index.htm", "finalLink": "https://www.sec.gov/Archives/edgar/data/769397/000076939712000005/adsk-0131201210xk.htm"}, {"date": "2012-01-31", "symbol": "ADSK", "fillingDate": "2012-03-15", "acceptedDate": "2012-03-15 16:05:18", "period": "FY", "revenue": 592400000, "costOfRevenue": 57500000, "grossProfit": 534900000, "grossProfitRatio": 0.9029372045914922, "researchAndDevelopmentExpenses": 149500000, "generalAndAdministrativeExpenses": 60100000, "sellingAndMarketingExpenses": 233500000, "otherExpenses": -6000000.0, "operatingExpenses": 443100000, "costAndExpenses": 500600000, "interestExpense": 0.0, "depreciationAndAmortization": 30300000, "ebitda": 122100000, "ebitdaratio": 0.206110735989, "operatingIncome": 91800000, "operatingIncomeRatio": 0.15496286293, "totalOtherIncomeExpensesNet": 1000000.0, "incomeBeforeTax": 92900000, "incomeBeforeTaxRatio": 0.156819716408, "incomeTaxExpense": 20900000, "netIncome": 72000000, "netIncomeRatio": 0.121539500338, "eps": 0.32, "epsdiluted": 0.31, "weightedAverageShsOut": 227700000, "weightedAverageShsOutDil": 233300000, "link": "https://www.sec.gov/Archives/edgar/data/769397/000076939712000005/0000769397-12-000005-index.htm", "finalLink": "https://www.sec.gov/Archives/edgar/data/769397/000076939712000005/adsk-0131201210xk.htm"}, {"date": "2011-10-31", "symbol": "ADSK", "fillingDate": "2011-12-06", "acceptedDate": "2011-12-06 16:44:15", "period": "Q3", "revenue": 548600000, "costOfRevenue": 59600000, "grossProfit": 489000000, "grossProfitRatio": 0.8913598250091141, "researchAndDevelopmentExpenses": 141200000, "generalAndAdministrativeExpenses": 51400000, "sellingAndMarketingExpenses": 206200000, "otherExpenses": 5000000.0, "operatingExpenses": 398800000, "costAndExpenses": 458400000, "interestExpense": 0.0, "depreciationAndAmortization": 31000000, "ebitda": 121200000, "ebitdaratio": 0.220925993438, "operatingIncome": 90200000, "operatingIncomeRatio": 0.164418519869, "totalOtherIncomeExpensesNet": 1000000.0, "incomeBeforeTax": 91300000, "incomeBeforeTaxRatio": 0.16642362377, "incomeTaxExpense": 18500000, "netIncome": 72800000, "netIncomeRatio": 0.132701421801, "eps": 0.32, "epsdiluted": 0.32, "weightedAverageShsOut": 228200000, "weightedAverageShsOutDil": 233700000, "link": "https://www.sec.gov/Archives/edgar/data/769397/000119312511332153/0001193125-11-332153-index.htm", "finalLink": "https://www.sec.gov/Archives/edgar/data/769397/000119312511332153/d234764d10q.htm"}, {"date": "2011-07-31", "symbol": "ADSK", "fillingDate": "2011-09-01", "acceptedDate": "2011-09-01 16:06:24", "period": "Q2", "revenue": 546300000, "costOfRevenue": 57400000, "grossProfit": 488900000, "grossProfitRatio": 0.8949295259015193, "researchAndDevelopmentExpenses": 139200000, "generalAndAdministrativeExpenses": 55000000, "sellingAndMarketingExpenses": 201000000, "otherExpenses": -1000000.0, "operatingExpenses": 395200000, "costAndExpenses": 452600000, "interestExpense": 0.0, "depreciationAndAmortization": 29700000, "ebitda": 124700000, "ebitdaratio": 0.228262859235, "operatingIncome": 95000000, "operatingIncomeRatio": 0.173897126121, "totalOtherIncomeExpensesNet": 0.0, "incomeBeforeTax": 94200000, "incomeBeforeTaxRatio": 0.17243272927, "incomeTaxExpense": 23000000, "netIncome": 71200000, "netIncomeRatio": 0.130331319788, "eps": 0.31, "epsdiluted": 0.3, "weightedAverageShsOut": 228800000, "weightedAverageShsOutDil": 236900000, "link": "https://www.sec.gov/Archives/edgar/data/769397/000119312511239152/0001193125-11-239152-index.htm", "finalLink": "https://www.sec.gov/Archives/edgar/data/769397/000119312511239152/d10q.htm"}, {"date": "2011-04-30", "symbol": "ADSK", "fillingDate": "2011-06-03", "acceptedDate": "2011-06-03 16:51:32", "period": "Q1", "revenue": 528300000, "costOfRevenue": 54600000, "grossProfit": 473700000, "grossProfitRatio": 0.8966496308915389, "researchAndDevelopmentExpenses": 136600000, "generalAndAdministrativeExpenses": 56600000, "sellingAndMarketingExpenses": 201900000, "otherExpenses": 2000000.0, "operatingExpenses": 395100000, "costAndExpenses": 449700000, "interestExpense": 0.0, "depreciationAndAmortization": 24500000, "ebitda": 103100000, "ebitdaratio": 0.195154268408, "operatingIncome": 78600000, "operatingIncomeRatio": 0.148779102783, "totalOtherIncomeExpensesNet": 5000000.0, "incomeBeforeTax": 84500000, "incomeBeforeTaxRatio": 0.159946999811, "incomeTaxExpense": 15200000, "netIncome": 69300000, "netIncomeRatio": 0.131175468484, "eps": 0.3, "epsdiluted": 0.29, "weightedAverageShsOut": 228200000, "weightedAverageShsOutDil": 237100000, "link": "https://www.sec.gov/Archives/edgar/data/769397/000119312511158515/0001193125-11-158515-index.htm", "finalLink": "https://www.sec.gov/Archives/edgar/data/769397/000119312511071209/d10k.htm"}, {"date": "2011-01-31", "symbol": "ADSK", "fillingDate": "2011-03-18", "acceptedDate": "2011-03-18 16:07:11", "period": "FY", "revenue": 527700000, "costOfRevenue": 48400000, "grossProfit": 479300000, "grossProfitRatio": 0.9082812203903733, "researchAndDevelopmentExpenses": 126900000, "generalAndAdministrativeExpenses": 52100000, "sellingAndMarketingExpenses": 226900000, "otherExpenses": 1800000.0, "operatingExpenses": 407700000, "costAndExpenses": 456100000, "interestExpense": 0.0, "depreciationAndAmortization": 25800000, "ebitda": 97400000, "ebitdaratio": 0.184574568884, "operatingIncome": 71600000, "operatingIncomeRatio": 0.135683153307, "totalOtherIncomeExpensesNet": 0.0, "incomeBeforeTax": 73000000, "incomeBeforeTaxRatio": 0.138336175857, "incomeTaxExpense": 11400000, "netIncome": 61600000, "netIncomeRatio": 0.11673299223, "eps": 0.27, "epsdiluted": 0.26, "weightedAverageShsOut": 227600000, "weightedAverageShsOutDil": 234200000, "link": "https://www.sec.gov/Archives/edgar/data/769397/000119312511071209/0001193125-11-071209-index.htm", "finalLink": "https://www.sec.gov/Archives/edgar/data/769397/000119312511071209/d10k.htm"}, {"date": "2010-10-31", "symbol": "ADSK", "fillingDate": "2010-12-07", "acceptedDate": "2010-12-07 17:06:31", "period": "Q3", "revenue": 476700000, "costOfRevenue": 48500000, "grossProfit": 428200000, "grossProfitRatio": 0.8982588630165723, "researchAndDevelopmentExpenses": 122800000, "generalAndAdministrativeExpenses": 51100000, "sellingAndMarketingExpenses": 185100000, "otherExpenses": 0.0, "operatingExpenses": 359000000, "costAndExpenses": 407500000, "interestExpense": 0.0, "depreciationAndAmortization": 26600000, "ebitda": 95800000, "ebitdaratio": 0.200964967485, "operatingIncome": 69200000, "operatingIncomeRatio": 0.145164673799, "totalOtherIncomeExpensesNet": 3000000.0, "incomeBeforeTax": 71700000, "incomeBeforeTaxRatio": 0.150409062303, "incomeTaxExpense": 18100000, "netIncome": 53600000, "netIncomeRatio": 0.112439689532, "eps": 0.24, "epsdiluted": 0.23, "weightedAverageShsOut": 227900000, "weightedAverageShsOutDil": 233400000, "link": "https://www.sec.gov/Archives/edgar/data/769397/000119312510275686/0001193125-10-275686-index.htm", "finalLink": "https://www.sec.gov/Archives/edgar/data/769397/000119312510275686/d10q.htm"}, {"date": "2010-07-31", "symbol": "ADSK", "fillingDate": "2010-09-01", "acceptedDate": "2010-09-01 07:01:29", "period": "Q2", "revenue": 472800000, "costOfRevenue": 48400000, "grossProfit": 424400000, "grossProfitRatio": 0.8976311336717429, "researchAndDevelopmentExpenses": 119300000, "generalAndAdministrativeExpenses": 45900000, "sellingAndMarketingExpenses": 177500000, "otherExpenses": 1900000.0, "operatingExpenses": 344600000, "costAndExpenses": 393000000, "interestExpense": 0.0, "depreciationAndAmortization": 26300000, "ebitda": 106100000, "ebitdaratio": 0.224407783418, "operatingIncome": 79800000, "operatingIncomeRatio": 0.168781725888, "totalOtherIncomeExpensesNet": 0.0, "incomeBeforeTax": 79900000, "incomeBeforeTaxRatio": 0.16899323181, "incomeTaxExpense": 20000000, "netIncome": 59900000, "netIncomeRatio": 0.126692047377, "eps": 0.26, "epsdiluted": 0.25, "weightedAverageShsOut": 228500000, "weightedAverageShsOutDil": 234500000, "link": "https://www.sec.gov/Archives/edgar/data/769397/000119312510202279/0001193125-10-202279-index.htm", "finalLink": "https://www.sec.gov/Archives/edgar/data/769397/000119312510202279/d10q.htm"}, {"date": "2010-04-30", "symbol": "ADSK", "fillingDate": "2010-06-04", "acceptedDate": "2010-06-04 07:01:23", "period": "Q1", "revenue": 474600000, "costOfRevenue": 51300000, "grossProfit": 423300000, "grossProfitRatio": 0.8919089759797725, "researchAndDevelopmentExpenses": 127200000, "generalAndAdministrativeExpenses": 51700000, "sellingAndMarketingExpenses": 186500000, "otherExpenses": 7100000.0, "operatingExpenses": 372500000, "costAndExpenses": 423800000, "interestExpense": 0.0, "depreciationAndAmortization": 26700000, "ebitda": 77500000, "ebitdaratio": 0.163295406658, "operatingIncome": 50800000, "operatingIncomeRatio": 0.107037505268, "totalOtherIncomeExpensesNet": -3000000.0, "incomeBeforeTax": 47400000, "incomeBeforeTaxRatio": 0.0998735777497, "incomeTaxExpense": 10500000, "netIncome": 36900000, "netIncomeRatio": 0.0777496839444, "eps": 0.16, "epsdiluted": 0.16, "weightedAverageShsOut": 229000000, "weightedAverageShsOutDil": 234600000, "link": "https://www.sec.gov/Archives/edgar/data/769397/000119312510132539/0001193125-10-132539-index.htm", "finalLink": "https://www.sec.gov/Archives/edgar/data/769397/000119312510061070/d10k.htm"}, {"date": "2010-01-31", "symbol": "ADSK", "fillingDate": "2010-03-19", "acceptedDate": "2010-03-19 06:05:42", "period": "FY", "revenue": 1696442000, "costOfRevenue": 191800000, "grossProfit": 1504642000, "grossProfitRatio": 0.886939842328827, "researchAndDevelopmentExpenses": 390455000, "generalAndAdministrativeExpenses": 162905000, "sellingAndMarketingExpenses": 731900000, "otherExpenses": 63640000, "operatingExpenses": 1348900000, "costAndExpenses": 1540700000, "interestExpense": 0.0, "depreciationAndAmortization": 104967000, "ebitda": 260709000, "ebitdaratio": 0.153679878239, "operatingIncome": 155742000, "operatingIncomeRatio": 0.0918050838166, "totalOtherIncomeExpensesNet": 3000000.0, "incomeBeforeTax": 169484000, "incomeBeforeTaxRatio": 0.0999055670633, "incomeTaxExpense": 29112000, "netIncome": 140372000, "netIncomeRatio": 0.0827449450084, "eps": 1.28, "epsdiluted": 1.28, "weightedAverageShsOut": 228700000, "weightedAverageShsOutDil": 232100000, "link": "https://www.sec.gov/Archives/edgar/data/769397/000119312510061070/0001193125-10-061070-index.htm", "finalLink": "https://www.sec.gov/Archives/edgar/data/769397/000119312510061070/d10k.htm"}, {"date": "2009-10-31", "symbol": "ADSK", "fillingDate": "2009-12-08", "acceptedDate": "2009-12-08 16:26:56", "period": "Q3", "revenue": 417000000, "costOfRevenue": 90000000, "grossProfit": 327000000, "grossProfitRatio": 0.7841726618705036, "researchAndDevelopmentExpenses": 109000000, "generalAndAdministrativeExpenses": 51000000, "sellingAndMarketingExpenses": 180000000, "otherExpenses": 5000000.0, "operatingExpenses": 345000000, "costAndExpenses": 435000000, "interestExpense": -16000000, "depreciationAndAmortization": 29000000, "ebitda": 54000000, "ebitdaratio": 0.12949640287769784, "operatingIncome": 25000000, "operatingIncomeRatio": 0.05995203836930456, "totalOtherIncomeExpensesNet": 6000000.0, "incomeBeforeTax": 32000000, "incomeBeforeTaxRatio": 0.07673860911270983, "incomeTaxExpense": -3000000.0, "netIncome": 28000000, "netIncomeRatio": 0.0671462829736211, "eps": 0.03, "epsdiluted": 0.03, "weightedAverageShsOut": 228700000, "weightedAverageShsOutDil": 232100000, "link": "https://www.sec.gov/Archives/edgar/data/769397/000119312509249297/0001193125-09-249297-index.htm", "finalLink": "https://www.sec.gov/Archives/edgar/data/769397/000119312509249297/d10q.htm"}, {"date": "2009-07-31", "symbol": "ADSK", "fillingDate": "2009-08-28", "acceptedDate": "2009-08-28 08:01:24", "period": "Q2", "revenue": 415000000, "costOfRevenue": 100000000, "grossProfit": 315000000, "grossProfitRatio": 0.7590361445783133, "researchAndDevelopmentExpenses": 107000000, "generalAndAdministrativeExpenses": 54000000, "sellingAndMarketingExpenses": 175000000, "otherExpenses": 27000000, "operatingExpenses": 363000000, "costAndExpenses": 463000000, "interestExpense": 0.0, "depreciationAndAmortization": 28000000, "ebitda": 31000000, "ebitdaratio": 0.0746987951807229, "operatingIncome": 3000000.0, "operatingIncomeRatio": 0.007228915662650603, "totalOtherIncomeExpensesNet": 10000000, "incomeBeforeTax": 13000000, "incomeBeforeTaxRatio": 0.03132530120481928, "incomeTaxExpense": -3000000.0, "netIncome": 11000000, "netIncomeRatio": 0.02650602409638554, "eps": -0.09, "epsdiluted": -0.09, "weightedAverageShsOut": 228700000, "weightedAverageShsOutDil": 232100000, "link": "https://www.sec.gov/Archives/edgar/data/769397/000119312509183342/0001193125-09-183342-index.htm", "finalLink": "https://www.sec.gov/Archives/edgar/data/769397/000119312509183342/d10q.htm"}, {"date": "2009-04-30", "symbol": "ADSK", "fillingDate": "2009-06-03", "acceptedDate": "2009-06-03 16:08:21", "period": "Q1", "revenue": 425000000, "costOfRevenue": 103000000, "grossProfit": 322000000, "grossProfitRatio": 0.7576470588235295, "researchAndDevelopmentExpenses": 124000000, "generalAndAdministrativeExpenses": 45000000, "sellingAndMarketingExpenses": 185000000, "otherExpenses": 38000000, "operatingExpenses": 392000000, "costAndExpenses": 495000000, "interestExpense": 0.0, "depreciationAndAmortization": 27000000, "ebitda": 8000000.0, "ebitdaratio": 0.018823529411764704, "operatingIncome": -19000000, "operatingIncomeRatio": -0.04470588235294118, "totalOtherIncomeExpensesNet": 0.0, "incomeBeforeTax": -19000000, "incomeBeforeTaxRatio": -0.04470588235294118, "incomeTaxExpense": -12000000, "netIncome": -32000000, "netIncomeRatio": -0.07529411764705882, "eps": -0.14, "epsdiluted": -0.14, "weightedAverageShsOut": 228700000, "weightedAverageShsOutDil": 232100000, "link": "https://www.sec.gov/Archives/edgar/data/769397/000119312509124260/0001193125-09-124260-index.htm", "finalLink": "https://www.sec.gov/Archives/edgar/data/769397/000119312509059920/d10k.htm"}, {"date": "2009-01-31", "symbol": "ADSK", "fillingDate": "2009-03-20", "acceptedDate": "2009-03-20 17:12:00", "period": "FY", "revenue": 490000000, "costOfRevenue": 98000000, "grossProfit": 392000000, "grossProfitRatio": 0.8, "researchAndDevelopmentExpenses": 144000000, "generalAndAdministrativeExpenses": 39000000, "sellingAndMarketingExpenses": 222000000, "otherExpenses": 169000000, "operatingExpenses": 574000000, "costAndExpenses": 672000000, "interestExpense": 9000000.0, "depreciationAndAmortization": 27000000, "ebitda": -107000000, "ebitdaratio": -0.21836734693877552, "operatingIncome": -134000000, "operatingIncomeRatio": -0.27346938775510204, "totalOtherIncomeExpensesNet": -1000000.0, "incomeBeforeTax": -136000000, "incomeBeforeTaxRatio": -0.27755102040816326, "incomeTaxExpense": 31000000, "netIncome": -106000000, "netIncomeRatio": -0.2163265306122449, "eps": 0.81, "epsdiluted": 0.81, "weightedAverageShsOut": 225000000, "weightedAverageShsOutDil": 225000000, "link": "https://www.sec.gov/Archives/edgar/data/769397/000119312509059920/0001193125-09-059920-index.htm", "finalLink": "https://www.sec.gov/Archives/edgar/data/769397/000119312509059920/d10k.htm"}, {"date": "2008-10-31", "symbol": "ADSK", "fillingDate": "2008-12-04", "acceptedDate": "2008-12-04 09:01:13", "period": "Q3", "revenue": 607000000, "costOfRevenue": 105000000, "grossProfit": 502000000, "grossProfitRatio": 0.8270181219110379, "researchAndDevelopmentExpenses": 136000000, "generalAndAdministrativeExpenses": 54000000, "sellingAndMarketingExpenses": 226000000, "otherExpenses": -1000000.0, "operatingExpenses": 415000000, "costAndExpenses": 520000000, "interestExpense": -9000000.0, "depreciationAndAmortization": 25000000, "ebitda": 165000000, "ebitdaratio": 0.27182866556836904, "operatingIncome": 140000000, "operatingIncomeRatio": 0.23064250411861614, "totalOtherIncomeExpensesNet": -4000000.0, "incomeBeforeTax": 137000000, "incomeBeforeTaxRatio": 0.2257001647446458, "incomeTaxExpense": -32000000, "netIncome": 105000000, "netIncomeRatio": 0.17298187808896212, "eps": 1.28, "epsdiluted": 1.28, "weightedAverageShsOut": 225000000, "weightedAverageShsOutDil": 225000000, "link": "https://www.sec.gov/Archives/edgar/data/769397/000119312508247608/0001193125-08-247608-index.htm", "finalLink": "https://www.sec.gov/Archives/edgar/data/769397/000119312508247608/d10q.htm"}, {"date": "2008-07-31", "symbol": "ADSK", "fillingDate": "2008-09-05", "acceptedDate": "2008-09-05 16:06:42", "period": "Q2", "revenue": 620000000, "costOfRevenue": 120000000, "grossProfit": 500000000, "grossProfitRatio": 0.8064516129032258, "researchAndDevelopmentExpenses": 153000000, "generalAndAdministrativeExpenses": 59000000, "sellingAndMarketingExpenses": 229000000, "otherExpenses": 0.0, "operatingExpenses": 441000000, "costAndExpenses": 561000000, "interestExpense": 0.0, "depreciationAndAmortization": 23000000, "ebitda": 142000000, "ebitdaratio": 0.22903225806451613, "operatingIncome": 119000000, "operatingIncomeRatio": 0.19193548387096773, "totalOtherIncomeExpensesNet": 7000000.0, "incomeBeforeTax": 125000000, "incomeBeforeTaxRatio": 0.20161290322580644, "incomeTaxExpense": -35000000, "netIncome": 90000000, "netIncomeRatio": 0.14516129032258066, "eps": 0.82, "epsdiluted": 0.82, "weightedAverageShsOut": 225000000, "weightedAverageShsOutDil": 225000000, "link": "https://www.sec.gov/Archives/edgar/data/769397/000119312508191064/0001193125-08-191064-index.htm", "finalLink": "https://www.sec.gov/Archives/edgar/data/769397/000119312508191064/d10q.htm"}, {"date": "2008-04-30", "symbol": "ADSK", "fillingDate": "2008-06-02", "acceptedDate": "2008-05-30 19:42:09", "period": "Q1", "revenue": 598000000, "costOfRevenue": 114000000, "grossProfit": 484000000, "grossProfitRatio": 0.8093645484949833, "researchAndDevelopmentExpenses": 143000000, "generalAndAdministrativeExpenses": 53000000, "sellingAndMarketingExpenses": 223000000, "otherExpenses": 2000000.0, "operatingExpenses": 421000000, "costAndExpenses": 535000000, "interestExpense": 0.0, "depreciationAndAmortization": 16000000, "ebitda": 135000000, "ebitdaratio": 0.225752508361204, "operatingIncome": 119000000, "operatingIncomeRatio": 0.19899665551839466, "totalOtherIncomeExpensesNet": 6000000.0, "incomeBeforeTax": 126000000, "incomeBeforeTaxRatio": 0.21070234113712374, "incomeTaxExpense": -32000000, "netIncome": 94000000, "netIncomeRatio": 0.15719063545150502, "eps": 0.42, "epsdiluted": 0.42, "weightedAverageShsOut": 226000000, "weightedAverageShsOutDil": 226000000, "link": "https://www.sec.gov/Archives/edgar/data/769397/000119312508125979/0001193125-08-125979-index.htm", "finalLink": "https://www.sec.gov/Archives/edgar/data/769397/000119312508068567/d10k.htm"}, {"date": "2008-01-31", "symbol": "ADSK", "fillingDate": "2008-03-28", "acceptedDate": "2008-03-28 12:05:39", "period": "FY", "revenue": 599000000, "costOfRevenue": 51000000, "grossProfit": 548000000, "grossProfitRatio": 0.9148580968280468, "researchAndDevelopmentExpenses": 133000000, "generalAndAdministrativeExpenses": 49000000, "sellingAndMarketingExpenses": 242000000, "otherExpenses": 0.0, "operatingExpenses": 424000000, "costAndExpenses": 475000000, "interestExpense": 0.0, "depreciationAndAmortization": 17000000, "ebitda": 141000000, "ebitdaratio": 0.2353923205342237, "operatingIncome": 124000000, "operatingIncomeRatio": 0.20701168614357263, "totalOtherIncomeExpensesNet": 7000000.0, "incomeBeforeTax": 131000000, "incomeBeforeTaxRatio": 0.21869782971619364, "incomeTaxExpense": -34000000, "netIncome": 97000000, "netIncomeRatio": 0.16193656093489148, "eps": 1.55, "epsdiluted": 1.55, "weightedAverageShsOut": 230000000, "weightedAverageShsOutDil": 230000000, "link": "https://www.sec.gov/Archives/edgar/data/769397/000119312508068567/0001193125-08-068567-index.htm", "finalLink": "https://www.sec.gov/Archives/edgar/data/769397/000119312508068567/d10k.htm"}, {"date": "2007-10-31", "symbol": "ADSK", "fillingDate": "2007-12-04", "acceptedDate": "2007-12-04 17:00:42", "period": "Q3", "revenue": 538000000, "costOfRevenue": 51000000, "grossProfit": 487000000, "grossProfitRatio": 0.9052044609665427, "researchAndDevelopmentExpenses": 123000000, "generalAndAdministrativeExpenses": 49000000, "sellingAndMarketingExpenses": 209000000, "otherExpenses": 0.0, "operatingExpenses": 381000000, "costAndExpenses": 433000000, "interestExpense": 0.0, "depreciationAndAmortization": 16000000, "ebitda": 122000000, "ebitdaratio": 0.22676579925650558, "operatingIncome": 106000000, "operatingIncomeRatio": 0.1970260223048327, "totalOtherIncomeExpensesNet": 4000000.0, "incomeBeforeTax": 110000000, "incomeBeforeTaxRatio": 0.20446096654275092, "incomeTaxExpense": -25000000, "netIncome": 85000000, "netIncomeRatio": 0.1579925650557621, "eps": 1.13, "epsdiluted": 1.13, "weightedAverageShsOut": 230000000, "weightedAverageShsOutDil": 230000000, "link": "https://www.sec.gov/Archives/edgar/data/769397/000119312507258829/0001193125-07-258829-index.htm", "finalLink": "https://www.sec.gov/Archives/edgar/data/769397/000119312507258829/d10q.htm"}, {"date": "2007-07-31", "symbol": "ADSK", "fillingDate": "2007-08-31", "acceptedDate": "2007-08-31 17:00:49", "period": "Q2", "revenue": 526000000, "costOfRevenue": 52000000, "grossProfit": 474000000, "grossProfitRatio": 0.9011406844106464, "researchAndDevelopmentExpenses": 115000000, "generalAndAdministrativeExpenses": 46000000, "sellingAndMarketingExpenses": 199000000, "otherExpenses": 0.0, "operatingExpenses": 360000000, "costAndExpenses": 411000000, "interestExpense": 0.0, "depreciationAndAmortization": 14000000, "ebitda": 128000000, "ebitdaratio": 0.24334600760456274, "operatingIncome": 114000000, "operatingIncomeRatio": 0.21673003802281368, "totalOtherIncomeExpensesNet": 4000000.0, "incomeBeforeTax": 118000000, "incomeBeforeTaxRatio": 0.22433460076045628, "incomeTaxExpense": -27000000, "netIncome": 91000000, "netIncomeRatio": 0.17300380228136883, "eps": 0.76, "epsdiluted": 0.76, "weightedAverageShsOut": 230000000, "weightedAverageShsOutDil": 230000000, "link": "https://www.sec.gov/Archives/edgar/data/769397/000119312507194166/0001193125-07-194166-index.htm", "finalLink": "https://www.sec.gov/Archives/edgar/data/769397/000119312507194166/d10q.htm"}, {"date": "2007-04-30", "symbol": "ADSK", "fillingDate": "2007-06-08", "acceptedDate": "2007-06-08 17:14:54", "period": "Q1", "revenue": 508000000, "costOfRevenue": 52000000, "grossProfit": 456000000, "grossProfitRatio": 0.8976377952755905, "researchAndDevelopmentExpenses": 114000000, "generalAndAdministrativeExpenses": 47000000, "sellingAndMarketingExpenses": 192000000, "otherExpenses": 0.0, "operatingExpenses": 353000000, "costAndExpenses": 407000000, "interestExpense": 0.0, "depreciationAndAmortization": 14000000, "ebitda": 115000000, "ebitdaratio": 0.2263779527559055, "operatingIncome": 101000000, "operatingIncomeRatio": 0.19881889763779528, "totalOtherIncomeExpensesNet": 9000000.0, "incomeBeforeTax": 111000000, "incomeBeforeTaxRatio": 0.21850393700787402, "incomeTaxExpense": -27000000, "netIncome": 83000000, "netIncomeRatio": 0.16338582677165353, "eps": 0.36, "epsdiluted": 0.36, "weightedAverageShsOut": 231000000, "weightedAverageShsOutDil": 231000000, "link": "https://www.sec.gov/Archives/edgar/data/769397/000119312507132663/0001193125-07-132663-index.htm", "finalLink": "https://www.sec.gov/Archives/edgar/data/769397/000119312507128970/d10k.htm"}, {"date": "2007-01-31", "symbol": "ADSK", "fillingDate": "2007-06-04", "acceptedDate": "2007-06-04 17:08:17", "period": "FY", "revenue": 181000000, "costOfRevenue": 9000000.0, "grossProfit": 172000000, "grossProfitRatio": 0.9502762430939227, "researchAndDevelopmentExpenses": -5000000.0, "generalAndAdministrativeExpenses": -2000000.0, "sellingAndMarketingExpenses": 38000000, "otherExpenses": 0.0, "operatingExpenses": 31000000, "costAndExpenses": 41000000, "interestExpense": 0.0, "depreciationAndAmortization": 14000000, "ebitda": 153000000, "ebitdaratio": 0.8453038674033149, "operatingIncome": 139000000, "operatingIncomeRatio": 0.7679558011049724, "totalOtherIncomeExpensesNet": 1000000.0, "incomeBeforeTax": 141000000, "incomeBeforeTaxRatio": 0.7790055248618785, "incomeTaxExpense": -5000000.0, "netIncome": 135000000, "netIncomeRatio": 0.7458563535911602, "eps": 1.44, "epsdiluted": 1.44, "weightedAverageShsOut": 229000000, "weightedAverageShsOutDil": 229000000, "link": "https://www.sec.gov/Archives/edgar/data/769397/000119312507128970/0001193125-07-128970-index.htm", "finalLink": "https://www.sec.gov/Archives/edgar/data/769397/000119312507128970/d10k.htm"}, {"date": "2006-10-31", "symbol": "ADSK", "fillingDate": "2007-06-04", "acceptedDate": "2007-06-04 17:05:00", "period": "Q3", "revenue": 457000000, "costOfRevenue": 56000000, "grossProfit": 401000000, "grossProfitRatio": 0.8774617067833698, "researchAndDevelopmentExpenses": 109000000, "generalAndAdministrativeExpenses": 46000000, "sellingAndMarketingExpenses": 178000000, "otherExpenses": 0.0, "operatingExpenses": 333000000, "costAndExpenses": 388000000, "interestExpense": 0.0, "depreciationAndAmortization": 13000000, "ebitda": 82000000, "ebitdaratio": 0.17943107221006566, "operatingIncome": 69000000, "operatingIncomeRatio": 0.15098468271334792, "totalOtherIncomeExpensesNet": 6000000.0, "incomeBeforeTax": 75000000, "incomeBeforeTaxRatio": 0.16411378555798686, "incomeTaxExpense": -17000000, "netIncome": 58000000, "netIncomeRatio": 0.12691466083150985, "eps": 0.84, "epsdiluted": 0.84, "weightedAverageShsOut": 230000000, "weightedAverageShsOutDil": 230000000, "link": "https://www.sec.gov/Archives/edgar/data/769397/000119312507128965/0001193125-07-128965-index.htm", "finalLink": "https://www.sec.gov/Archives/edgar/data/769397/000119312507128965/d10q.htm"}, {"date": "2006-07-31", "symbol": "ADSK", "fillingDate": "2007-06-04", "acceptedDate": "2007-06-04 17:01:50", "period": "Q2", "revenue": 449000000, "costOfRevenue": 56000000, "grossProfit": 393000000, "grossProfitRatio": 0.8752783964365256, "researchAndDevelopmentExpenses": 98000000, "generalAndAdministrativeExpenses": 26000000, "sellingAndMarketingExpenses": 167000000, "otherExpenses": 0.0, "operatingExpenses": 291000000, "costAndExpenses": 348000000, "interestExpense": 0.0, "depreciationAndAmortization": 14000000, "ebitda": 116000000, "ebitdaratio": 0.2583518930957684, "operatingIncome": 102000000, "operatingIncomeRatio": 0.22717149220489977, "totalOtherIncomeExpensesNet": 3000000.0, "incomeBeforeTax": 105000000, "incomeBeforeTaxRatio": 0.23385300668151449, "incomeTaxExpense": -18000000, "netIncome": 87000000, "netIncomeRatio": 0.19376391982182628, "eps": 0.59, "epsdiluted": 0.59, "weightedAverageShsOut": 230000000, "weightedAverageShsOutDil": 230000000, "link": "https://www.sec.gov/Archives/edgar/data/769397/000119312507128961/0001193125-07-128961-index.htm", "finalLink": "https://www.sec.gov/Archives/edgar/data/769397/000119312507128961/d10q.htm"}, {"date": "2006-04-30", "symbol": "ADSK", "fillingDate": "2006-06-06", "acceptedDate": "2006-06-05 20:07:46", "period": "Q1", "revenue": 436000000, "costOfRevenue": 49000000, "grossProfit": 387000000, "grossProfitRatio": 0.8876146788990825, "researchAndDevelopmentExpenses": 99000000, "generalAndAdministrativeExpenses": 57000000, "sellingAndMarketingExpenses": 170000000, "otherExpenses": 0.0, "operatingExpenses": 326000000, "costAndExpenses": 376000000, "interestExpense": 0.0, "depreciationAndAmortization": 12000000, "ebitda": 71000000, "ebitdaratio": 0.1628440366972477, "operatingIncome": 59000000, "operatingIncomeRatio": 0.1353211009174312, "totalOtherIncomeExpensesNet": 3000000.0, "incomeBeforeTax": 62000000, "incomeBeforeTaxRatio": 0.14220183486238533, "incomeTaxExpense": -14000000, "netIncome": 48000000, "netIncomeRatio": 0.11009174311926606, "eps": 0.21, "epsdiluted": 0.21, "weightedAverageShsOut": 230000000, "weightedAverageShsOutDil": 230000000, "link": "https://www.sec.gov/Archives/edgar/data/769397/000119312506124545/0001193125-06-124545-index.htm", "finalLink": "https://www.sec.gov/Archives/edgar/data/769397/000119312506068809/d10k.htm"}, {"date": "2006-01-31", "symbol": "ADSK", "fillingDate": "2006-03-30", "acceptedDate": "2006-03-30 17:16:14", "period": "FY", "revenue": 1523000000, "costOfRevenue": 170000000, "grossProfit": 1353000000, "grossProfitRatio": 0.8883782009192384, "researchAndDevelopmentExpenses": 301000000, "generalAndAdministrativeExpenses": 127000000, "sellingAndMarketingExpenses": 553000000, "otherExpenses": 0.0, "operatingExpenses": 981000000, "costAndExpenses": 1153000000, "interestExpense": 0.0, "depreciationAndAmortization": -33769000000, "ebitda": -33400000000, "ebitdaratio": -21.930400525279055, "operatingIncome": 369000000, "operatingIncomeRatio": 0.242284963887065, "totalOtherIncomeExpensesNet": 13000000, "incomeBeforeTax": 383000000, "incomeBeforeTaxRatio": 0.25147734734077476, "incomeTaxExpense": -54000000, "netIncome": 328000000, "netIncomeRatio": 0.2153644123440578, "eps": 1.44, "epsdiluted": 1.44, "weightedAverageShsOut": 229000000, "weightedAverageShsOutDil": 229000000, "link": "https://www.sec.gov/Archives/edgar/data/769397/000119312506068809/0001193125-06-068809-index.htm", "finalLink": "https://www.sec.gov/Archives/edgar/data/769397/000119312506068809/d10k.htm"}, {"date": "2005-10-31", "symbol": "ADSK", "fillingDate": "2005-12-07", "acceptedDate": "2005-12-06 17:57:34", "period": "Q3", "revenue": 378262000000, "costOfRevenue": 42398000000, "grossProfit": 335864000000, "grossProfitRatio": 0.8879136683039798, "researchAndDevelopmentExpenses": 74034000000, "generalAndAdministrativeExpenses": 32444000000, "sellingAndMarketingExpenses": 136349000000, "otherExpenses": 0.0, "operatingExpenses": 242827000000, "costAndExpenses": 285225000000, "interestExpense": 0.0, "depreciationAndAmortization": 9524000000, "ebitda": 102561000000, "ebitdaratio": 0.27113746556619484, "operatingIncome": 93037000000, "operatingIncomeRatio": 0.24595915000713792, "totalOtherIncomeExpensesNet": 3167000000, "incomeBeforeTax": 96204000000, "incomeBeforeTaxRatio": 0.25433165372149463, "incomeTaxExpense": -1667000000, "netIncome": 94537000000, "netIncomeRatio": 0.24992465539758157, "eps": 1.08, "epsdiluted": 1.08, "weightedAverageShsOut": 228687000, "weightedAverageShsOutDil": 228687000, "link": "https://www.sec.gov/Archives/edgar/data/769397/000119312505237622/0001193125-05-237622-index.htm", "finalLink": "https://www.sec.gov/Archives/edgar/data/769397/000119312505237622/d10q.htm"}, {"date": "2005-07-31", "symbol": "ADSK", "fillingDate": "2005-09-02", "acceptedDate": "2005-09-02 16:02:48", "period": "Q2", "revenue": 372984000000, "costOfRevenue": 44472000000, "grossProfit": 328512000000, "grossProfitRatio": 0.880767003410334, "researchAndDevelopmentExpenses": 72995000000, "generalAndAdministrativeExpenses": 32604000000, "sellingAndMarketingExpenses": 134019000000, "otherExpenses": 0.0, "operatingExpenses": 239618000000, "costAndExpenses": 284090000000, "interestExpense": 0.0, "depreciationAndAmortization": 11703000000, "ebitda": 100597000000, "ebitdaratio": 0.2697086202089098, "operatingIncome": 88894000000, "operatingIncomeRatio": 0.2383319391716535, "totalOtherIncomeExpensesNet": 2832000000, "incomeBeforeTax": 91726000000, "incomeBeforeTaxRatio": 0.24592475816657014, "incomeTaxExpense": -16428000000, "netIncome": 75298000000, "netIncomeRatio": 0.20187997340368488, "eps": 0.66, "epsdiluted": 0.66, "weightedAverageShsOut": 228212000, "weightedAverageShsOutDil": 228212000, "link": "https://www.sec.gov/Archives/edgar/data/769397/000119312505179876/0001193125-05-179876-index.htm", "finalLink": "https://www.sec.gov/Archives/edgar/data/769397/000119312505179876/d10q.htm"}, {"date": "2005-04-30", "symbol": "ADSK", "fillingDate": "2005-06-07", "acceptedDate": "2005-06-07 14:56:32", "period": "Q1", "revenue": 355119000000, "costOfRevenue": 43507000000, "grossProfit": 311612000000, "grossProfitRatio": 0.8774861384493648, "researchAndDevelopmentExpenses": 65852000000, "generalAndAdministrativeExpenses": 27741000000, "sellingAndMarketingExpenses": 127397000000, "otherExpenses": 0.0, "operatingExpenses": 220990000000, "costAndExpenses": 264497000000, "interestExpense": 0.0, "depreciationAndAmortization": 12585000000, "ebitda": 103207000000, "ebitdaratio": 0.29062652237700604, "operatingIncome": 90622000000, "operatingIncomeRatio": 0.25518769764501475, "totalOtherIncomeExpensesNet": 3012000000, "incomeBeforeTax": 93634000000, "incomeBeforeTaxRatio": 0.26366936153796333, "incomeTaxExpense": -17556000000, "netIncome": 76078000000, "netIncomeRatio": 0.2142324122336456, "eps": 0.33, "epsdiluted": 0.33, "weightedAverageShsOut": 227715000, "weightedAverageShsOutDil": 227715000, "link": "https://www.sec.gov/Archives/edgar/data/769397/000119312505121478/0001193125-05-121478-index.htm", "finalLink": "https://www.sec.gov/Archives/edgar/data/769397/000119312505067261/d10k.htm"}, {"date": "2005-01-31", "symbol": "ADSK", "fillingDate": "2005-03-31", "acceptedDate": "2005-03-31 17:15:18", "period": "FY", "revenue": 356155000, "costOfRevenue": 43961000, "grossProfit": 312194000, "grossProfitRatio": 0.8765677864974519, "researchAndDevelopmentExpenses": 63239000, "generalAndAdministrativeExpenses": 24559000, "sellingAndMarketingExpenses": 134435000, "otherExpenses": 0.0, "operatingExpenses": 222233000, "costAndExpenses": 278005000, "interestExpense": 0.0, "depreciationAndAmortization": 13368000, "ebitda": 91518000, "ebitdaratio": 0.25696115455349494, "operatingIncome": 78150000, "operatingIncomeRatio": 0.21942693490193876, "totalOtherIncomeExpensesNet": 4059000.0, "incomeBeforeTax": 82209000, "incomeBeforeTaxRatio": 0.23082365823868822, "incomeTaxExpense": -16441000, "netIncome": 65768000, "netIncomeRatio": 0.1846611728039758, "eps": 0.98, "epsdiluted": 0.98, "weightedAverageShsOut": 227036000, "weightedAverageShsOutDil": 227036000, "link": "https://www.sec.gov/Archives/edgar/data/769397/000119312505067261/0001193125-05-067261-index.htm", "finalLink": "https://www.sec.gov/Archives/edgar/data/769397/000119312505067261/d10k.htm"}, {"date": "2004-10-31", "symbol": "ADSK", "fillingDate": "2004-12-09", "acceptedDate": "2004-12-09 16:01:53", "period": "Q3", "revenue": 300158000, "costOfRevenue": 43394000, "grossProfit": 256764000, "grossProfitRatio": 0.8554294738104599, "researchAndDevelopmentExpenses": 59942000, "generalAndAdministrativeExpenses": 26837000, "sellingAndMarketingExpenses": 113205000, "otherExpenses": 0.0, "operatingExpenses": 199984000, "costAndExpenses": 246300000, "interestExpense": 0.0, "depreciationAndAmortization": 13209000, "ebitda": 67067000, "ebitdaratio": 0.2234389887992324, "operatingIncome": 53858000, "operatingIncomeRatio": 0.17943216572605095, "totalOtherIncomeExpensesNet": 2801000.0, "incomeBeforeTax": 56659000, "incomeBeforeTaxRatio": 0.18876391767002712, "incomeTaxExpense": 17411000, "netIncome": 74070000, "netIncomeRatio": 0.24677003444852377, "eps": 0.69, "epsdiluted": 0.69, "weightedAverageShsOut": 227344000, "weightedAverageShsOutDil": 227344000, "link": "https://www.sec.gov/Archives/edgar/data/769397/000119312504210314/0001193125-04-210314-index.htm", "finalLink": "https://www.sec.gov/Archives/edgar/data/769397/000119312504210314/d10q.htm"}, {"date": "2004-07-31", "symbol": "ADSK", "fillingDate": "2004-09-09", "acceptedDate": "2004-09-09 15:29:44", "period": "Q2", "revenue": 279578000, "costOfRevenue": 40216000, "grossProfit": 239362000, "grossProfitRatio": 0.856154633054103, "researchAndDevelopmentExpenses": 58342000, "generalAndAdministrativeExpenses": 22946000, "sellingAndMarketingExpenses": 105013000, "otherExpenses": 0.0, "operatingExpenses": 186301000, "costAndExpenses": 230234000, "interestExpense": 0.0, "depreciationAndAmortization": 12870000, "ebitda": 62214000, "ebitdaratio": 0.22252823898876165, "operatingIncome": 49344000, "operatingIncomeRatio": 0.1764945739650473, "totalOtherIncomeExpensesNet": 2179000.0, "incomeBeforeTax": 51523000, "incomeBeforeTaxRatio": 0.1842884633268712, "incomeTaxExpense": -12358000, "netIncome": 39165000, "netIncomeRatio": 0.14008612980992782, "eps": 0.72, "epsdiluted": 0.72, "weightedAverageShsOut": 113094000, "weightedAverageShsOutDil": 113094000, "link": "https://www.sec.gov/Archives/edgar/data/769397/000119312504154247/0001193125-04-154247-index.htm", "finalLink": "https://www.sec.gov/Archives/edgar/data/769397/000119312504154247/d10q.htm"}, {"date": "2004-04-30", "symbol": "ADSK", "fillingDate": "2004-06-09", "acceptedDate": "2004-06-09 16:36:11", "period": "Q1", "revenue": 297876000, "costOfRevenue": 41872000, "grossProfit": 256004000, "grossProfitRatio": 0.8594314412708643, "researchAndDevelopmentExpenses": 57881000, "generalAndAdministrativeExpenses": 27073000, "sellingAndMarketingExpenses": 109279000, "otherExpenses": 0.0, "operatingExpenses": 194233000, "costAndExpenses": 244355000, "interestExpense": 0.0, "depreciationAndAmortization": 12502000, "ebitda": 66023000, "ebitdaratio": 0.22164591977869985, "operatingIncome": 53521000, "operatingIncomeRatio": 0.17967543541607917, "totalOtherIncomeExpensesNet": 2416000.0, "incomeBeforeTax": 55937000, "incomeBeforeTaxRatio": 0.18778619291248708, "incomeTaxExpense": -13432000, "netIncome": 42505000, "netIncomeRatio": 0.1426936040500074, "eps": 0.38, "epsdiluted": 0.38, "weightedAverageShsOut": 112052000, "weightedAverageShsOutDil": 112052000, "link": "https://www.sec.gov/Archives/edgar/data/769397/000119312504100924/0001193125-04-100924-index.htm", "finalLink": "https://www.sec.gov/Archives/edgar/data/769397/000119312504059372/d10k.htm"}, {"date": "2004-01-31", "symbol": "ADSK", "fillingDate": "2004-04-08", "acceptedDate": "2004-04-08 17:09:54", "period": "FY", "revenue": 295310000, "costOfRevenue": 40917000, "grossProfit": 254393000, "grossProfitRatio": 0.8614439064034405, "researchAndDevelopmentExpenses": 67641000, "generalAndAdministrativeExpenses": -8934000.0, "sellingAndMarketingExpenses": 134233000, "otherExpenses": 0.0, "operatingExpenses": 192940000, "costAndExpenses": 237562000, "interestExpense": 0.0, "depreciationAndAmortization": 14326000, "ebitda": 72074000, "ebitdaratio": 0.24406217195489485, "operatingIncome": 57748000, "operatingIncomeRatio": 0.19555043852223086, "totalOtherIncomeExpensesNet": 8812000.0, "incomeBeforeTax": 66560000, "incomeBeforeTaxRatio": 0.2253902678541194, "incomeTaxExpense": -8961000.0, "netIncome": 57599000, "netIncomeRatio": 0.19504588398631947, "eps": 1.08, "epsdiluted": 1.08, "weightedAverageShsOut": 111497000, "weightedAverageShsOutDil": 111497000, "link": "https://www.sec.gov/Archives/edgar/data/769397/000119312504059372/0001193125-04-059372-index.htm", "finalLink": "https://www.sec.gov/Archives/edgar/data/769397/000119312504059372/d10k.htm"}, {"date": "2003-10-31", "symbol": "ADSK", "fillingDate": "2003-12-12", "acceptedDate": "2003-12-12 13:53:17", "period": "Q3", "revenue": 233862000, "costOfRevenue": 35364000, "grossProfit": 198498000, "grossProfitRatio": 0.8487826153885625, "researchAndDevelopmentExpenses": 48562000, "generalAndAdministrativeExpenses": 32136000, "sellingAndMarketingExpenses": 89859000, "otherExpenses": 0.0, "operatingExpenses": 170557000, "costAndExpenses": 205921000, "interestExpense": 0.0, "depreciationAndAmortization": 11837000, "ebitda": 39778000, "ebitdaratio": 0.1700917635186563, "operatingIncome": 27941000, "operatingIncomeRatio": 0.11947644337258725, "totalOtherIncomeExpensesNet": 1805000.0, "incomeBeforeTax": 29746000, "incomeBeforeTaxRatio": 0.12719467036115314, "incomeTaxExpense": -7139000.0, "netIncome": 22607000, "netIncomeRatio": 0.0966681205155177, "eps": 0.56, "epsdiluted": 0.56, "weightedAverageShsOut": 111497000, "weightedAverageShsOutDil": 111497000, "link": "https://www.sec.gov/Archives/edgar/data/769397/000119312503093490/0001193125-03-093490-index.htm", "finalLink": "https://www.sec.gov/Archives/edgar/data/769397/000119312503093490/d10q.htm"}, {"date": "2003-07-31", "symbol": "ADSK", "fillingDate": "2003-09-15", "acceptedDate": "2003-09-15 14:41:39", "period": "Q2", "revenue": 211705000, "costOfRevenue": 34896000, "grossProfit": 176809000, "grossProfitRatio": 0.8351668595451217, "researchAndDevelopmentExpenses": 45754000, "generalAndAdministrativeExpenses": 33510000, "sellingAndMarketingExpenses": 83604000, "otherExpenses": 0.0, "operatingExpenses": 162868000, "costAndExpenses": 197764000, "interestExpense": 0.0, "depreciationAndAmortization": 11822000, "ebitda": 25763000, "ebitdaratio": 0.12169292175432796, "operatingIncome": 13941000, "operatingIncomeRatio": 0.06585106634231595, "totalOtherIncomeExpensesNet": 3070000.0, "incomeBeforeTax": 17011000, "incomeBeforeTaxRatio": 0.08035237712855152, "incomeTaxExpense": 15591000, "netIncome": 32602000, "netIncomeRatio": 0.15399730757421884, "eps": 0.36, "epsdiluted": 0.36, "weightedAverageShsOut": 111642000, "weightedAverageShsOutDil": 111642000, "link": "https://www.sec.gov/Archives/edgar/data/769397/000119312503049499/0001193125-03-049499-index.htm", "finalLink": "https://www.sec.gov/Archives/edgar/data/769397/000119312503049499/d10q.htm"}, {"date": "2003-04-30", "symbol": "ADSK", "fillingDate": "2003-06-13", "acceptedDate": "2003-06-13 15:29:47", "period": "Q1", "revenue": 210766000, "costOfRevenue": 36951000, "grossProfit": 173815000, "grossProfitRatio": 0.8246823491454979, "researchAndDevelopmentExpenses": 47392000, "generalAndAdministrativeExpenses": 34278000, "sellingAndMarketingExpenses": 85538000, "otherExpenses": 0.0, "operatingExpenses": 167208000, "costAndExpenses": 204159000, "interestExpense": 0.0, "depreciationAndAmortization": 12307000, "ebitda": 18914000, "ebitdaratio": 0.08973933177077897, "operatingIncome": 6607000.0, "operatingIncomeRatio": 0.03134756080202689, "totalOtherIncomeExpensesNet": 3272000.0, "incomeBeforeTax": 9879000.0, "incomeBeforeTaxRatio": 0.04687188635738212, "incomeTaxExpense": -2371000.0, "netIncome": 7508000.0, "netIncomeRatio": 0.035622443847679416, "eps": 0.07, "epsdiluted": 0.07, "weightedAverageShsOut": 111775000, "weightedAverageShsOutDil": 111775000, "link": "https://www.sec.gov/Archives/edgar/data/769397/000119312503009874/0001193125-03-009874-index.htm", "finalLink": "https://www.sec.gov/Archives/edgar/data/769397/000119312503002078/d10k.htm"}, {"date": "2003-01-31", "symbol": "ADSK", "fillingDate": "2003-04-28", "acceptedDate": "2003-04-25 17:32:06", "period": "FY", "revenue": 195516000, "costOfRevenue": 33425000, "grossProfit": 162091000, "grossProfitRatio": 0.8290421244297141, "researchAndDevelopmentExpenses": 39957000, "generalAndAdministrativeExpenses": 33084000, "sellingAndMarketingExpenses": 80474000, "otherExpenses": 0.0, "operatingExpenses": 153515000, "costAndExpenses": 186940000, "interestExpense": 0.0, "depreciationAndAmortization": 12146000, "ebitda": 13372000, "ebitdaratio": 0.06839337956995847, "operatingIncome": 1226000.0, "operatingIncomeRatio": 0.006270586550461343, "totalOtherIncomeExpensesNet": 2321000.0, "incomeBeforeTax": 3547000.0, "incomeBeforeTaxRatio": 0.018141737760592483, "incomeTaxExpense": 2866000.0, "netIncome": -12443000, "netIncomeRatio": -0.06364185028335277, "eps": 0.28, "epsdiluted": 0.28, "weightedAverageShsOut": 113035000, "weightedAverageShsOutDil": 113035000, "link": "https://www.sec.gov/Archives/edgar/data/769397/000119312503002078/0001193125-03-002078-index.htm", "finalLink": "https://www.sec.gov/Archives/edgar/data/769397/000119312503002078/d10k.htm"}, {"date": "2002-10-31", "symbol": "ADSK", "fillingDate": "2002-12-11", "acceptedDate": "2002-12-11 16:26:35", "period": "Q3", "revenue": 188701000, "costOfRevenue": 31835000, "grossProfit": 156866000, "grossProfitRatio": 0.8312939518073567, "researchAndDevelopmentExpenses": 41179000, "generalAndAdministrativeExpenses": 28091000, "sellingAndMarketingExpenses": 82129000, "otherExpenses": 0.0, "operatingExpenses": 151399000, "costAndExpenses": 183234000, "interestExpense": 0.0, "depreciationAndAmortization": 11979000, "ebitda": 4134000.0, "ebitdaratio": 0.02190767404518259, "operatingIncome": -7845000.0, "operatingIncomeRatio": -0.041573706551634594, "totalOtherIncomeExpensesNet": 2489000.0, "incomeBeforeTax": -5356000.0, "incomeBeforeTaxRatio": -0.02838352737929317, "incomeTaxExpense": 1446000.0, "netIncome": 14946000, "netIncomeRatio": 0.07920466770181397, "eps": 0.23, "epsdiluted": 0.23, "weightedAverageShsOut": 113161000, "weightedAverageShsOutDil": 113161000, "link": "https://www.sec.gov/Archives/edgar/data/769397/000102140802015089/0001021408-02-015089-index.htm", "finalLink": "https://www.sec.gov/Archives/edgar/data/769397/000102140802015089/d10q.htm"}, {"date": "2002-07-31", "symbol": "ADSK", "fillingDate": "2002-09-16", "acceptedDate": "2002-09-16 13:27:13", "period": "Q2", "revenue": 211401000, "costOfRevenue": 34210000, "grossProfit": 177191000, "grossProfitRatio": 0.8381748430707517, "researchAndDevelopmentExpenses": 46642000, "generalAndAdministrativeExpenses": 34595000, "sellingAndMarketingExpenses": 81782000, "otherExpenses": 0.0, "operatingExpenses": 163019000, "costAndExpenses": 197229000, "interestExpense": 0.0, "depreciationAndAmortization": 12082000, "ebitda": 22475000, "ebitdaratio": 0.10631453966632134, "operatingIncome": 10393000, "operatingIncomeRatio": 0.04916249213579879, "totalOtherIncomeExpensesNet": 5716000.0, "incomeBeforeTax": 16109000, "incomeBeforeTaxRatio": 0.07620115325849924, "incomeTaxExpense": -4349000.0, "netIncome": 11760000, "netIncomeRatio": 0.05562887592773923, "eps": 0.26, "epsdiluted": 0.26, "weightedAverageShsOut": 113326000, "weightedAverageShsOutDil": 113326000, "link": "https://www.sec.gov/Archives/edgar/data/769397/000089843002003452/0000898430-02-003452-index.htm", "finalLink": "https://www.sec.gov/Archives/edgar/data/769397/000089843002003452/d10q.htm"}, {"date": "2002-04-30", "symbol": "ADSK", "fillingDate": "2002-05-28", "acceptedDate": "2002-05-28 17:19:25", "period": "Q1", "revenue": 229327000, "costOfRevenue": 40692000, "grossProfit": 188635000, "grossProfitRatio": 0.8225590532296677, "researchAndDevelopmentExpenses": 45207000, "generalAndAdministrativeExpenses": 33159000, "sellingAndMarketingExpenses": 87336000, "otherExpenses": 0.0, "operatingExpenses": 165702000, "costAndExpenses": 206394000, "interestExpense": 0.0, "depreciationAndAmortization": 12637000, "ebitda": 33825000, "ebitdaratio": 0.14749680587109237, "operatingIncome": 21188000, "operatingIncomeRatio": 0.09239208640936306, "totalOtherIncomeExpensesNet": 2978000.0, "incomeBeforeTax": 24166000, "incomeBeforeTaxRatio": 0.10537791014577437, "incomeTaxExpense": -6525000.0, "netIncome": 17641000, "netIncomeRatio": 0.0769250895010182, "eps": 0.16, "epsdiluted": 0.16, "weightedAverageShsOut": 113258000, "weightedAverageShsOutDil": 113258000, "link": "https://www.sec.gov/Archives/edgar/data/769397/000102140802007714/0001021408-02-007714-index.htm", "finalLink": "https://www.sec.gov/Archives/edgar/data/769397/000102140802007714/d10q.htm"}]