[{"date": "2020-03-31", "symbol": "MDLZ", "fillingDate": "2020-04-29", "acceptedDate": "2020-04-28 18:34:52", "period": "Q1", "revenue": 6707000000, "costOfRevenue": 4256000000, "grossProfit": 2451000000, "grossProfitRatio": 0.3654390934844193, "researchAndDevelopmentExpenses": 0.0, "generalAndAdministrativeExpenses": 1537000000, "sellingAndMarketingExpenses": 0.0, "otherExpenses": 190000.0, "operatingExpenses": 1580000000, "costAndExpenses": 5836000000, "interestExpense": 0.0, "depreciationAndAmortization": 256000000, "ebitda": 1112000000, "ebitdaratio": 0.165796928582, "operatingIncome": 856000000, "operatingIncomeRatio": 0.127627851498, "totalOtherIncomeExpensesNet": -190000000, "incomeBeforeTax": 699000000, "incomeBeforeTaxRatio": 0.104219472193, "incomeTaxExpense": 148000000, "netIncome": 753000000, "netIncomeRatio": 0.112270761891, "eps": 0.53, "epsdiluted": 0.52, "weightedAverageShsOut": 1434000000, "weightedAverageShsOutDil": 1445000000, "link": "https://www.sec.gov/Archives/edgar/data/1103982/000110398220000006/0001103982-20-000006-index.htm", "finalLink": "https://www.sec.gov/Archives/edgar/data/1103982/000110398220000006/a2020q110-qdocument.htm"}, {"date": "2019-12-31", "symbol": "MDLZ", "fillingDate": "2020-02-07", "acceptedDate": "2020-02-07 11:22:43", "period": "FY", "revenue": 6913000000, "costOfRevenue": 4154000000, "grossProfit": 2759000000, "grossProfitRatio": 0.3991031390134529, "researchAndDevelopmentExpenses": 351000000, "generalAndAdministrativeExpenses": 1750000000, "sellingAndMarketingExpenses": 0.0, "otherExpenses": 70000.0, "operatingExpenses": 2145000000, "costAndExpenses": 6299000000, "interestExpense": 0.0, "depreciationAndAmortization": 270000000, "ebitda": 1176000000, "ebitdaratio": 0.170114277448, "operatingIncome": 906000000, "operatingIncomeRatio": 0.131057428034, "totalOtherIncomeExpensesNet": -70000000, "incomeBeforeTax": 854000000, "incomeBeforeTaxRatio": 0.123535368147, "incomeTaxExpense": 230000000, "netIncome": 726000000, "netIncomeRatio": 0.105019528425, "eps": 0.51, "epsdiluted": 0.5, "weightedAverageShsOut": 1445000000, "weightedAverageShsOutDil": 1458000000, "link": "https://www.sec.gov/Archives/edgar/data/1103982/000110398220000003/0001103982-20-000003-index.htm", "finalLink": "https://www.sec.gov/Archives/edgar/data/1103982/000110398220000003/mdlz10k123119document1.htm"}, {"date": "2019-09-30", "symbol": "MDLZ", "fillingDate": "2019-10-30", "acceptedDate": "2019-10-29 19:11:46", "period": "Q3", "revenue": 6355000000, "costOfRevenue": 3839000000, "grossProfit": 2516000000, "grossProfitRatio": 0.3959087332808812, "researchAndDevelopmentExpenses": 0.0, "generalAndAdministrativeExpenses": 1466000000, "sellingAndMarketingExpenses": 0.0, "otherExpenses": 205000.0, "operatingExpenses": 1509000000, "costAndExpenses": 5348000000, "interestExpense": 0.0, "depreciationAndAmortization": 260000000, "ebitda": 1136000000, "ebitdaratio": 0.178756884343, "operatingIncome": 876000000, "operatingIncomeRatio": 0.137844217152, "totalOtherIncomeExpensesNet": -205000000, "incomeBeforeTax": 684000000, "incomeBeforeTaxRatio": 0.107631785995, "incomeTaxExpense": 633000.0, "netIncome": 1423000000, "netIncomeRatio": 0.223918174666, "eps": 0.98, "epsdiluted": 0.97, "weightedAverageShsOut": 1446000000, "weightedAverageShsOutDil": 1459000000, "link": "https://www.sec.gov/Archives/edgar/data/1103982/000110398219000017/0001103982-19-000017-index.htm", "finalLink": "https://www.sec.gov/Archives/edgar/data/1103982/000110398219000017/a2019q310-qdocument.htm"}, {"date": "2019-06-30", "symbol": "MDLZ", "fillingDate": "2019-07-31", "acceptedDate": "2019-07-30 18:19:42", "period": "Q2", "revenue": 6062000000, "costOfRevenue": 3593000000, "grossProfit": 2469000000, "grossProfitRatio": 0.40729132299571097, "researchAndDevelopmentExpenses": 0.0, "generalAndAdministrativeExpenses": 1427000000, "sellingAndMarketingExpenses": 0.0, "otherExpenses": 101000.0, "operatingExpenses": 1470000000, "costAndExpenses": 5063000000, "interestExpense": 0.0, "depreciationAndAmortization": 259000000, "ebitda": 1284000000, "ebitdaratio": 0.211811283405, "operatingIncome": 1025000000, "operatingIncomeRatio": 0.169086110195, "totalOtherIncomeExpensesNet": -101000000, "incomeBeforeTax": 858000000, "incomeBeforeTaxRatio": 0.141537446387, "incomeTaxExpense": 216000000, "netIncome": 807000000, "netIncomeRatio": 0.133124381392, "eps": 0.56, "epsdiluted": 0.55, "weightedAverageShsOut": 1447000000, "weightedAverageShsOutDil": 1460000000, "link": "https://www.sec.gov/Archives/edgar/data/1103982/000110398219000014/0001103982-19-000014-index.htm", "finalLink": "https://www.sec.gov/Archives/edgar/data/1103982/000110398219000014/a2019q210-qdocument.htm"}, {"date": "2019-03-31", "symbol": "MDLZ", "fillingDate": "2019-05-01", "acceptedDate": "2019-04-30 18:22:02", "period": "Q1", "revenue": 6538000000, "costOfRevenue": 3945000000, "grossProfit": 2593000000, "grossProfitRatio": 0.39660446619761397, "researchAndDevelopmentExpenses": 0.0, "generalAndAdministrativeExpenses": 1493000000, "sellingAndMarketingExpenses": 0.0, "otherExpenses": 80000.0, "operatingExpenses": 1537000000, "costAndExpenses": 5482000000, "interestExpense": 0.0, "depreciationAndAmortization": 258000000, "ebitda": 1294000000, "ebitdaratio": 0.197919853166, "operatingIncome": 1036000000, "operatingIncomeRatio": 0.158458244111, "totalOtherIncomeExpensesNet": -80000000, "incomeBeforeTax": 1051000000, "incomeBeforeTaxRatio": 0.160752523708, "incomeTaxExpense": 189000000, "netIncome": 914000000, "netIncomeRatio": 0.139798103396, "eps": 0.63, "epsdiluted": 0.63, "weightedAverageShsOut": 1449000000, "weightedAverageShsOutDil": 1461000000, "link": "https://www.sec.gov/Archives/edgar/data/1103982/000110398219000010/0001103982-19-000010-index.htm", "finalLink": "https://www.sec.gov/Archives/edgar/data/1103982/000110398219000010/a2019q110-qdocument.htm"}, {"date": "2018-12-31", "symbol": "MDLZ", "fillingDate": "2019-02-08", "acceptedDate": "2019-02-08 10:34:04", "period": "FY", "revenue": 6773000000, "costOfRevenue": 4224000000, "grossProfit": 2549000000, "grossProfitRatio": 0.3763472611841134, "researchAndDevelopmentExpenses": 362000000, "generalAndAdministrativeExpenses": 1536000000, "sellingAndMarketingExpenses": 0.0, "otherExpenses": 0.0, "operatingExpenses": 1942000000, "costAndExpenses": 6166000000, "interestExpense": 0.0, "depreciationAndAmortization": 198000000, "ebitda": 1068000000, "ebitdaratio": 0.157684925439, "operatingIncome": 870000000, "operatingIncomeRatio": 0.128451203307, "totalOtherIncomeExpensesNet": -106000000, "incomeBeforeTax": 836000000, "incomeBeforeTaxRatio": 0.123431271224, "incomeTaxExpense": 111000000, "netIncome": 823000000, "netIncomeRatio": 0.121511885427, "eps": 0.57, "epsdiluted": 0.56, "weightedAverageShsOut": 1472000000, "weightedAverageShsOutDil": 1486000000, "link": "https://www.sec.gov/Archives/edgar/data/1103982/000110398219000005/0001103982-19-000005-index.htm", "finalLink": "https://www.sec.gov/Archives/edgar/data/1103982/000110398219000005/mdlz10k123118document.htm"}, {"date": "2018-09-30", "symbol": "MDLZ", "fillingDate": "2018-10-30", "acceptedDate": "2018-10-29 18:16:57", "period": "Q3", "revenue": 6288000000, "costOfRevenue": 3874000000, "grossProfit": 2414000000, "grossProfitRatio": 0.3839058524173028, "researchAndDevelopmentExpenses": 0.0, "generalAndAdministrativeExpenses": 1508000000, "sellingAndMarketingExpenses": 0.0, "otherExpenses": 86000.0, "operatingExpenses": 1552000000, "costAndExpenses": 5426000000, "interestExpense": 0.0, "depreciationAndAmortization": 206000000, "ebitda": 943000000, "ebitdaratio": 0.149968193384, "operatingIncome": 737000000, "operatingIncomeRatio": 0.117207379135, "totalOtherIncomeExpensesNet": -86000000, "incomeBeforeTax": 519000000, "incomeBeforeTaxRatio": 0.0825381679389, "incomeTaxExpense": 341000000, "netIncome": 1297000000, "netIncomeRatio": 0.206265903308, "eps": 0.88, "epsdiluted": 0.88, "weightedAverageShsOut": 1477000000, "weightedAverageShsOutDil": 1491000000, "link": "https://www.sec.gov/Archives/edgar/data/1103982/000110398218000013/0001103982-18-000013-index.htm", "finalLink": "https://www.sec.gov/Archives/edgar/data/1103982/000110398218000013/a2018q310-qdocument.htm"}, {"date": "2018-06-30", "symbol": "MDLZ", "fillingDate": "2018-07-26", "acceptedDate": "2018-07-25 18:01:55", "period": "Q2", "revenue": 6112000000, "costOfRevenue": 3572000000, "grossProfit": 2540000000, "grossProfitRatio": 0.4155759162303665, "researchAndDevelopmentExpenses": 0.0, "generalAndAdministrativeExpenses": 1904000000, "sellingAndMarketingExpenses": 0.0, "otherExpenses": 248000000, "operatingExpenses": 1948000000, "costAndExpenses": 5520000000, "interestExpense": 0.0, "depreciationAndAmortization": 200000000, "ebitda": 681000000, "ebitdaratio": 0.111420157068, "operatingIncome": 481000000, "operatingIncomeRatio": 0.0786976439791, "totalOtherIncomeExpensesNet": -248000000, "incomeBeforeTax": 248000000, "incomeBeforeTaxRatio": 0.0405759162304, "incomeTaxExpense": 14000000, "netIncome": 323000000, "netIncomeRatio": 0.0528468586387, "eps": 0.22, "epsdiluted": 0.22, "weightedAverageShsOut": 1482000000, "weightedAverageShsOutDil": 1496000000, "link": "https://www.sec.gov/Archives/edgar/data/1103982/000110398218000009/0001103982-18-000009-index.htm", "finalLink": "https://www.sec.gov/Archives/edgar/data/1103982/000110398218000009/q2-201810qdocument.htm"}, {"date": "2018-03-31", "symbol": "MDLZ", "fillingDate": "2018-05-02", "acceptedDate": "2018-05-02 09:43:53", "period": "Q1", "revenue": 6765000000, "costOfRevenue": 3916000000, "grossProfit": 2849000000, "grossProfitRatio": 0.4211382113821138, "researchAndDevelopmentExpenses": 0.0, "generalAndAdministrativeExpenses": 1527000000, "sellingAndMarketingExpenses": 0.0, "otherExpenses": 80000000, "operatingExpenses": 1571000000, "costAndExpenses": 5487000000, "interestExpense": 0.0, "depreciationAndAmortization": 207000000, "ebitda": 1431000000, "ebitdaratio": 0.211529933481, "operatingIncome": 1224000000, "operatingIncomeRatio": 0.180931263858, "totalOtherIncomeExpensesNet": -80000000, "incomeBeforeTax": 1157000000, "incomeBeforeTaxRatio": 0.171027346637, "incomeTaxExpense": 307000000, "netIncome": 938000000, "netIncomeRatio": 0.138654841094, "eps": 0.63, "epsdiluted": 0.62, "weightedAverageShsOut": 1489000000, "weightedAverageShsOutDil": 1505000000, "link": "https://www.sec.gov/Archives/edgar/data/1103982/000110398218000005/0001103982-18-000005-index.htm", "finalLink": "https://www.sec.gov/Archives/edgar/data/1103982/000110398218000005/mdlz10q33118doc.htm"}, {"date": "2017-12-31", "symbol": "MDLZ", "fillingDate": "2018-02-09", "acceptedDate": "2018-02-09 10:33:19", "period": "FY", "revenue": 6966000000, "costOfRevenue": 4302000000, "grossProfit": 2664000000, "grossProfitRatio": 0.38242894056847543, "researchAndDevelopmentExpenses": 366000000, "generalAndAdministrativeExpenses": 1657000000, "sellingAndMarketingExpenses": 0.0, "otherExpenses": 120000000, "operatingExpenses": 2068000000, "costAndExpenses": 6370000000, "interestExpense": 0.0, "depreciationAndAmortization": 212000000, "ebitda": 1056000000, "ebitdaratio": 0.151593453919, "operatingIncome": 844000000, "operatingIncomeRatio": 0.12115991961, "totalOtherIncomeExpensesNet": -120000000, "incomeBeforeTax": 733000000, "incomeBeforeTaxRatio": 0.105225380419, "incomeTaxExpense": 178000000, "netIncome": 802000000, "netIncomeRatio": 0.11513063451, "eps": 0.53, "epsdiluted": 0.53, "weightedAverageShsOut": 1513000000, "weightedAverageShsOutDil": 1531000000, "link": "https://www.sec.gov/Archives/edgar/data/1103982/000119312518037332/0001193125-18-037332-index.htm", "finalLink": "https://www.sec.gov/Archives/edgar/data/1103982/000119312518037332/d466496d10k.htm"}, {"date": "2017-09-30", "symbol": "MDLZ", "fillingDate": "2017-10-31", "acceptedDate": "2017-10-31 10:18:32", "period": "Q3", "revenue": 6530000000, "costOfRevenue": 3978000000, "grossProfit": 2552000000, "grossProfitRatio": 0.3908116385911179, "researchAndDevelopmentExpenses": 0.0, "generalAndAdministrativeExpenses": 1330000000, "sellingAndMarketingExpenses": 0.0, "otherExpenses": 19000000, "operatingExpenses": 1375000000, "costAndExpenses": 5353000000, "interestExpense": 0.0, "depreciationAndAmortization": 209000000, "ebitda": 1390000000, "ebitdaratio": 0.212863705972, "operatingIncome": 1181000000, "operatingIncomeRatio": 0.180857580398, "totalOtherIncomeExpensesNet": -19000000, "incomeBeforeTax": 1301000000, "incomeBeforeTaxRatio": 0.199234303216, "incomeTaxExpense": 272000000, "netIncome": 992000000, "netIncomeRatio": 0.15191424196, "eps": 0.66, "epsdiluted": 0.65, "weightedAverageShsOut": 1518000000, "weightedAverageShsOutDil": 1537000000, "link": "https://www.sec.gov/Archives/edgar/data/1103982/000119312517326282/0001193125-17-326282-index.htm", "finalLink": "https://www.sec.gov/Archives/edgar/data/1103982/000119312517326282/d456152d10q.htm"}, {"date": "2017-06-30", "symbol": "MDLZ", "fillingDate": "2017-08-02", "acceptedDate": "2017-08-02 12:53:57", "period": "Q2", "revenue": 5986000000, "costOfRevenue": 3662000000, "grossProfit": 2324000000, "grossProfitRatio": 0.388239224858002, "researchAndDevelopmentExpenses": 0.0, "generalAndAdministrativeExpenses": 1449000000, "sellingAndMarketingExpenses": 0.0, "otherExpenses": 124000000, "operatingExpenses": 1493000000, "costAndExpenses": 5155000000, "interestExpense": 0.0, "depreciationAndAmortization": 195000000, "ebitda": 836000000, "ebitdaratio": 0.139659204811, "operatingIncome": 641000000, "operatingIncomeRatio": 0.10708319412, "totalOtherIncomeExpensesNet": -124000000, "incomeBeforeTax": 859000000, "incomeBeforeTaxRatio": 0.143501503508, "incomeTaxExpense": 84000000, "netIncome": 498000000, "netIncomeRatio": 0.0831941196124, "eps": 0.33, "epsdiluted": 0.32, "weightedAverageShsOut": 1524000000, "weightedAverageShsOutDil": 1544000000, "link": "https://www.sec.gov/Archives/edgar/data/1103982/000119312517245459/0001193125-17-245459-index.htm", "finalLink": "https://www.sec.gov/Archives/edgar/data/1103982/000119312517245459/d412472d10q.htm"}, {"date": "2017-03-31", "symbol": "MDLZ", "fillingDate": "2017-05-03", "acceptedDate": "2017-05-03 09:49:13", "period": "Q1", "revenue": 6414000000, "costOfRevenue": 3889000000, "grossProfit": 2525000000, "grossProfitRatio": 0.39367009666354846, "researchAndDevelopmentExpenses": 0.0, "generalAndAdministrativeExpenses": 1475000000, "sellingAndMarketingExpenses": 0.0, "otherExpenses": 119000000, "operatingExpenses": 1519000000, "costAndExpenses": 5408000000, "interestExpense": 0.0, "depreciationAndAmortization": 200000000, "ebitda": 1040000000, "ebitdaratio": 0.162145307141, "operatingIncome": 840000000, "operatingIncomeRatio": 0.130963517306, "totalOtherIncomeExpensesNet": -119000000, "incomeBeforeTax": 1195000000, "incomeBeforeTaxRatio": 0.186311194263, "incomeTaxExpense": 154000000, "netIncome": 630000000, "netIncomeRatio": 0.0982226379794, "eps": 0.41, "epsdiluted": 0.41, "weightedAverageShsOut": 1529000000, "weightedAverageShsOutDil": 1550000000, "link": "https://www.sec.gov/Archives/edgar/data/1103982/000119312517155252/0001193125-17-155252-index.htm", "finalLink": "https://www.sec.gov/Archives/edgar/data/1103982/000119312517155252/d346910d10q.htm"}, {"date": "2016-12-31", "symbol": "MDLZ", "fillingDate": "2017-02-24", "acceptedDate": "2017-02-24 13:04:38", "period": "FY", "revenue": 6770000000, "costOfRevenue": 4181000000, "grossProfit": 2589000000, "grossProfitRatio": 0.3824224519940916, "researchAndDevelopmentExpenses": 376000000, "generalAndAdministrativeExpenses": 1705000000, "sellingAndMarketingExpenses": 0.0, "otherExpenses": 575000000, "operatingExpenses": 2125000000, "costAndExpenses": 6306000000, "interestExpense": 0.0, "depreciationAndAmortization": 208000000, "ebitda": 715000000, "ebitdaratio": 0.105612998523, "operatingIncome": 507000000, "operatingIncomeRatio": 0.0748892171344, "totalOtherIncomeExpensesNet": -575000000, "incomeBeforeTax": -68000000, "incomeBeforeTaxRatio": -0.010044313146233382, "incomeTaxExpense": 78000000, "netIncome": 93000000, "netIncomeRatio": 0.0137370753323, "eps": 0.07, "epsdiluted": 0.06, "weightedAverageShsOut": 1556000000, "weightedAverageShsOutDil": 1573000000, "link": "https://www.sec.gov/Archives/edgar/data/1103982/000119312517055858/0001193125-17-055858-index.htm", "finalLink": "https://www.sec.gov/Archives/edgar/data/1103982/000119312517055858/d288385d10k.htm"}, {"date": "2016-09-30", "symbol": "MDLZ", "fillingDate": "2016-10-26", "acceptedDate": "2016-10-26 14:42:49", "period": "Q3", "revenue": 6396000000, "costOfRevenue": 3908000000, "grossProfit": 2488000000, "grossProfitRatio": 0.3889931207004378, "researchAndDevelopmentExpenses": 0.0, "generalAndAdministrativeExpenses": 1552000000, "sellingAndMarketingExpenses": 0.0, "otherExpenses": 145000000, "operatingExpenses": 1596000000, "costAndExpenses": 5504000000, "interestExpense": 0.0, "depreciationAndAmortization": 207000000, "ebitda": 909000000, "ebitdaratio": 0.142120075047, "operatingIncome": 702000000, "operatingIncomeRatio": 0.109756097561, "totalOtherIncomeExpensesNet": -145000000, "incomeBeforeTax": 615000000, "incomeBeforeTaxRatio": 0.0961538461538, "incomeTaxExpense": 40000000, "netIncome": 548000000, "netIncomeRatio": 0.0856785490932, "eps": 0.35, "epsdiluted": 0.35, "weightedAverageShsOut": 1561000000, "weightedAverageShsOutDil": 1579000000, "link": "https://www.sec.gov/Archives/edgar/data/1103982/000119312516747755/0001193125-16-747755-index.htm", "finalLink": "https://www.sec.gov/Archives/edgar/data/1103982/000119312516747755/d252200d10q.htm"}, {"date": "2016-06-30", "symbol": "MDLZ", "fillingDate": "2016-07-27", "acceptedDate": "2016-07-27 16:22:42", "period": "Q2", "revenue": 6302000000, "costOfRevenue": 3786000000, "grossProfit": 2516000000, "grossProfitRatio": 0.39923833703586165, "researchAndDevelopmentExpenses": 0.0, "generalAndAdministrativeExpenses": 1668000000, "sellingAndMarketingExpenses": 0.0, "otherExpenses": 151000000, "operatingExpenses": 1712000000, "costAndExpenses": 5498000000, "interestExpense": 0.0, "depreciationAndAmortization": 201000000, "ebitda": 839000000, "ebitdaratio": 0.13313233894, "operatingIncome": 638000000, "operatingIncomeRatio": 0.101237702317, "totalOtherIncomeExpensesNet": -151000000, "incomeBeforeTax": 70000000, "incomeBeforeTaxRatio": 0.0111075848937, "incomeTaxExpense": 118000000, "netIncome": 464000000, "netIncomeRatio": 0.0736274198667, "eps": 0.3, "epsdiluted": 0.29, "weightedAverageShsOut": 1563000000, "weightedAverageShsOutDil": 1581000000, "link": "https://www.sec.gov/Archives/edgar/data/1103982/000119312516660006/0001193125-16-660006-index.htm", "finalLink": "https://www.sec.gov/Archives/edgar/data/1103982/000119312516660006/d395636d10q.htm"}, {"date": "2016-03-31", "symbol": "MDLZ", "fillingDate": "2016-04-28", "acceptedDate": "2016-04-28 10:46:09", "period": "Q1", "revenue": 6455000000, "costOfRevenue": 3920000000, "grossProfit": 2535000000, "grossProfitRatio": 0.39271882261812546, "researchAndDevelopmentExpenses": 0.0, "generalAndAdministrativeExpenses": 1615000000, "sellingAndMarketingExpenses": 0.0, "otherExpenses": 244000000, "operatingExpenses": 1659000000, "costAndExpenses": 5579000000, "interestExpense": 0.0, "depreciationAndAmortization": 207000000, "ebitda": 929000000, "ebitdaratio": 0.143919442293, "operatingIncome": 722000000, "operatingIncomeRatio": 0.111851278079, "totalOtherIncomeExpensesNet": -244000000, "incomeBeforeTax": 1175000000, "incomeBeforeTaxRatio": 0.182029434547, "incomeTaxExpense": 49000000, "netIncome": 554000000, "netIncomeRatio": 0.0858249419055, "eps": 0.35, "epsdiluted": 0.35, "weightedAverageShsOut": 1569.0, "weightedAverageShsOutDil": 1587.0, "link": "https://www.sec.gov/Archives/edgar/data/1103982/000119312516561707/0001193125-16-561707-index.htm", "finalLink": "https://www.sec.gov/Archives/edgar/data/1103982/000119312516561707/d149717d10q.htm"}, {"date": "2015-12-31", "symbol": "MDLZ", "fillingDate": "2016-02-19", "acceptedDate": "2016-02-19 11:41:16", "period": "FY", "revenue": 7364000000, "costOfRevenue": 4529000000, "grossProfit": 2835000000, "grossProfitRatio": 0.3849809885931559, "researchAndDevelopmentExpenses": 409000000, "generalAndAdministrativeExpenses": 1902000000, "sellingAndMarketingExpenses": 0.0, "otherExpenses": 199000000, "operatingExpenses": 2355000000, "costAndExpenses": 6884000000, "interestExpense": 0.0, "depreciationAndAmortization": 231000000, "ebitda": -326000000, "ebitdaratio": -0.044269418794133625, "operatingIncome": -557000000, "operatingIncomeRatio": -0.0756382400869093, "totalOtherIncomeExpensesNet": -814000000, "incomeBeforeTax": 1597000000, "incomeBeforeTaxRatio": 0.216865833786, "incomeTaxExpense": 32000000, "netIncome": -788000000, "netIncomeRatio": -0.10700706137968495, "eps": -0.42, "epsdiluted": -0.42, "weightedAverageShsOut": 1618000000, "weightedAverageShsOutDil": 1637000000, "link": "https://www.sec.gov/Archives/edgar/data/1103982/000119312516469394/0001193125-16-469394-index.htm", "finalLink": "https://www.sec.gov/Archives/edgar/data/1103982/000119312516469394/d51394d10k.htm"}, {"date": "2015-09-30", "symbol": "MDLZ", "fillingDate": "2015-10-29", "acceptedDate": "2015-10-29 11:27:05", "period": "Q3", "revenue": 6849000000, "costOfRevenue": 4179000000, "grossProfit": 2670000000, "grossProfitRatio": 0.38983793254489707, "researchAndDevelopmentExpenses": 0.0, "generalAndAdministrativeExpenses": 1790000000, "sellingAndMarketingExpenses": 0.0, "otherExpenses": 114000000, "operatingExpenses": 1835000000, "costAndExpenses": 6014000000, "interestExpense": 0.0, "depreciationAndAmortization": 206000000, "ebitda": 8008000000, "ebitdaratio": 1.1692217842, "operatingIncome": 7802000000, "operatingIncomeRatio": 1.13914440064, "totalOtherIncomeExpensesNet": 814000000, "incomeBeforeTax": 6345000000, "incomeBeforeTaxRatio": 0.92641261498, "incomeTaxExpense": 348000000, "netIncome": 7266000000, "netIncomeRatio": 1.0608848007, "eps": 4.46, "epsdiluted": 4.42, "weightedAverageShsOut": 1627.0, "weightedAverageShsOutDil": 1646.0, "link": "https://www.sec.gov/Archives/edgar/data/1103982/000119312515357422/0001193125-15-357422-index.htm", "finalLink": "https://www.sec.gov/Archives/edgar/data/1103982/000119312515357422/d94335d10q.htm"}, {"date": "2015-06-30", "symbol": "MDLZ", "fillingDate": "2015-07-31", "acceptedDate": "2015-07-31 11:28:20", "period": "Q2", "revenue": 7661000000, "costOfRevenue": 4595000000, "grossProfit": 3066000000, "grossProfitRatio": 0.4002088500195797, "researchAndDevelopmentExpenses": 0.0, "generalAndAdministrativeExpenses": 1961000000, "sellingAndMarketingExpenses": 0.0, "otherExpenses": 314000000, "operatingExpenses": 2007000000, "costAndExpenses": 6602000000, "interestExpense": 0.0, "depreciationAndAmortization": 225000000, "ebitda": 1066000000, "ebitdaratio": 0.139146325545, "operatingIncome": 841000000, "operatingIncomeRatio": 0.109776791542, "totalOtherIncomeExpensesNet": -314000000, "incomeBeforeTax": 952000000, "incomeBeforeTaxRatio": 0.12426576165, "incomeTaxExpense": 100000000, "netIncome": 406000000, "netIncomeRatio": 0.0529956924683, "eps": 0.25, "epsdiluted": 0.25, "weightedAverageShsOut": 1637000000, "weightedAverageShsOutDil": 1654000000, "link": "https://www.sec.gov/Archives/edgar/data/1103982/000119312515272328/0001193125-15-272328-index.htm", "finalLink": "https://www.sec.gov/Archives/edgar/data/1103982/000119312515272328/d940616d10q.htm"}, {"date": "2015-03-31", "symbol": "MDLZ", "fillingDate": "2015-04-30", "acceptedDate": "2015-04-30 11:44:11", "period": "Q1", "revenue": 7762000000, "costOfRevenue": 4821000000, "grossProfit": 2941000000, "grossProfitRatio": 0.3788971914455037, "researchAndDevelopmentExpenses": 0.0, "generalAndAdministrativeExpenses": 1924000000, "sellingAndMarketingExpenses": 0.0, "otherExpenses": 386000000, "operatingExpenses": 1970000000, "costAndExpenses": 6791000000, "interestExpense": 0.0, "depreciationAndAmortization": 232000000, "ebitda": 1043000000, "ebitdaratio": 0.134372584385, "operatingIncome": 811000000, "operatingIncomeRatio": 0.104483380572, "totalOtherIncomeExpensesNet": -386000000, "incomeBeforeTax": 425000000, "incomeBeforeTaxRatio": 0.054753929399639266, "incomeTaxExpense": 113000000, "netIncome": 324000000, "netIncomeRatio": 0.0417418191188, "eps": 0.2, "epsdiluted": 0.19, "weightedAverageShsOut": 1648000000, "weightedAverageShsOutDil": 1665000000, "link": "https://www.sec.gov/Archives/edgar/data/1103982/000119312515160034/0001193125-15-160034-index.htm", "finalLink": "https://www.sec.gov/Archives/edgar/data/1103982/000119312515160034/d893461d10q.htm"}, {"date": "2014-12-31", "symbol": "MDLZ", "fillingDate": "2015-02-20", "acceptedDate": "2015-02-20 10:47:09", "period": "FY", "revenue": 8830000000, "costOfRevenue": 5684000000, "grossProfit": 3146000000, "grossProfitRatio": 0.35628539071347676, "researchAndDevelopmentExpenses": 455000000, "generalAndAdministrativeExpenses": 2101000000, "sellingAndMarketingExpenses": 0.0, "otherExpenses": -29000000, "operatingExpenses": 2605000000, "costAndExpenses": 8289000000, "interestExpense": 0.0, "depreciationAndAmortization": 262000000, "ebitda": 851000000, "ebitdaratio": 0.09637599094, "operatingIncome": 589000000, "operatingIncomeRatio": 0.066704416761, "totalOtherIncomeExpensesNet": 29000000, "incomeBeforeTax": 2221000000, "incomeBeforeTaxRatio": 0.251528878822, "incomeTaxExpense": 111000000, "netIncome": 500000000, "netIncomeRatio": 0.0566251415629, "eps": 0.3, "epsdiluted": 0.3, "weightedAverageShsOut": 1691000000, "weightedAverageShsOutDil": 1709000000, "link": "https://www.sec.gov/Archives/edgar/data/1103982/000119312515055355/0001193125-15-055355-index.htm", "finalLink": "https://www.sec.gov/Archives/edgar/data/1103982/000119312515055355/d840894d10k.htm"}, {"date": "2014-09-30", "symbol": "MDLZ", "fillingDate": "2014-11-06", "acceptedDate": "2014-11-06 12:08:12", "period": "Q3", "revenue": 8337000000, "costOfRevenue": 5195000000, "grossProfit": 3142000000, "grossProfitRatio": 0.37687417536284035, "researchAndDevelopmentExpenses": 0.0, "generalAndAdministrativeExpenses": 2053000000, "sellingAndMarketingExpenses": 0.0, "otherExpenses": -227000000, "operatingExpenses": 2101000000, "costAndExpenses": 7296000000, "interestExpense": 0.0, "depreciationAndAmortization": 264000000, "ebitda": 1117000000, "ebitdaratio": 0.133981048339, "operatingIncome": 853000000, "operatingIncomeRatio": 0.102314981408, "totalOtherIncomeExpensesNet": 227000000, "incomeBeforeTax": 1080000000, "incomeBeforeTaxRatio": 0.12954300107952502, "incomeTaxExpense": 178000000, "netIncome": 899000000, "netIncomeRatio": 0.107832553676, "eps": 0.53, "epsdiluted": 0.52, "weightedAverageShsOut": 1695000000, "weightedAverageShsOutDil": 1713000000, "link": "https://www.sec.gov/Archives/edgar/data/1103982/000119312514400312/0001193125-14-400312-index.htm", "finalLink": "https://www.sec.gov/Archives/edgar/data/1103982/000119312514400312/d780145d10q.htm"}, {"date": "2014-06-30", "symbol": "MDLZ", "fillingDate": "2014-08-08", "acceptedDate": "2014-08-08 10:40:14", "period": "Q2", "revenue": 8436000000, "costOfRevenue": 5331000000, "grossProfit": 3105000000, "grossProfitRatio": 0.36806543385490753, "researchAndDevelopmentExpenses": 0.0, "generalAndAdministrativeExpenses": 2038000000, "sellingAndMarketingExpenses": 0.0, "otherExpenses": 224000000, "operatingExpenses": 2093000000, "costAndExpenses": 7424000000, "interestExpense": 0.0, "depreciationAndAmortization": 271000000, "ebitda": 1228000000, "ebitdaratio": 0.145566619251, "operatingIncome": 957000000, "operatingIncomeRatio": 0.113442389758, "totalOtherIncomeExpensesNet": -224000000, "incomeBeforeTax": 998000000, "incomeBeforeTaxRatio": 0.118302513039, "incomeTaxExpense": 91000000, "netIncome": 622000000, "netIncomeRatio": 0.0737316263632, "eps": 0.36, "epsdiluted": 0.37, "weightedAverageShsOut": 1699000000, "weightedAverageShsOutDil": 1717000000, "link": "https://www.sec.gov/Archives/edgar/data/1103982/000119312514302145/0001193125-14-302145-index.htm", "finalLink": "https://www.sec.gov/Archives/edgar/data/1103982/000119312514302145/d744588d10q.htm"}, {"date": "2014-03-31", "symbol": "MDLZ", "fillingDate": "2014-05-08", "acceptedDate": "2014-05-08 10:27:02", "period": "Q1", "revenue": 8641000000, "costOfRevenue": 5437000000, "grossProfit": 3204000000, "grossProfitRatio": 0.3707904177757204, "researchAndDevelopmentExpenses": 0.0, "generalAndAdministrativeExpenses": 2265000000, "sellingAndMarketingExpenses": 0.0, "otherExpenses": 720000000, "operatingExpenses": 2319000000, "costAndExpenses": 7756000000, "interestExpense": 0.0, "depreciationAndAmortization": 262000000, "ebitda": 1105000000, "ebitdaratio": 0.127878717741, "operatingIncome": 843000000, "operatingIncomeRatio": 0.0975581529916, "totalOtherIncomeExpensesNet": -720000000, "incomeBeforeTax": 123000000, "incomeBeforeTaxRatio": 0.014234463603749565, "incomeTaxExpense": -27000000, "netIncome": 163000000, "netIncomeRatio": 0.0188635574586, "eps": 0.1, "epsdiluted": 0.09, "weightedAverageShsOut": 1704000000, "weightedAverageShsOutDil": 1722000000, "link": "https://www.sec.gov/Archives/edgar/data/1103982/000119312514189125/0001193125-14-189125-index.htm", "finalLink": "https://www.sec.gov/Archives/edgar/data/1103982/000119312514189125/d704360d10q.htm"}, {"date": "2013-12-31", "symbol": "MDLZ", "fillingDate": "2014-03-03", "acceptedDate": "2014-03-03 09:54:31", "period": "FY", "revenue": 9488000000, "costOfRevenue": 5995000000, "grossProfit": 3493000000, "grossProfitRatio": 0.36814924114671166, "researchAndDevelopmentExpenses": 471000000, "generalAndAdministrativeExpenses": 2294000000, "sellingAndMarketingExpenses": 0.0, "otherExpenses": 847000000, "operatingExpenses": 2818000000, "costAndExpenses": 8813000000, "interestExpense": -732000000, "depreciationAndAmortization": 269000000, "ebitda": 1279000000, "ebitdaratio": 0.134801854975, "operatingIncome": 1010000000, "operatingIncomeRatio": 0.106450252951, "totalOtherIncomeExpensesNet": -1579000000, "incomeBeforeTax": 111000000, "incomeBeforeTaxRatio": 0.0116989881956, "incomeTaxExpense": 52000000, "netIncome": 1707000000, "netIncomeRatio": 0.179911467116, "eps": 0.97, "epsdiluted": 0.96, "weightedAverageShsOut": 1774000000, "weightedAverageShsOutDil": 1789000000, "link": "https://www.sec.gov/Archives/edgar/data/1103982/000119312514079175/0001193125-14-079175-index.htm", "finalLink": "https://www.sec.gov/Archives/edgar/data/1103982/000119312514079175/d645322d10k.htm"}, {"date": "2013-09-30", "symbol": "MDLZ", "fillingDate": "2013-11-07", "acceptedDate": "2013-11-07 10:40:33", "period": "Q3", "revenue": 8472000000, "costOfRevenue": 5328000000, "grossProfit": 3144000000, "grossProfitRatio": 0.37110481586402266, "researchAndDevelopmentExpenses": 0.0, "generalAndAdministrativeExpenses": 1784000000, "sellingAndMarketingExpenses": 0.0, "otherExpenses": 218000000, "operatingExpenses": 1839000000, "costAndExpenses": 7167000000, "interestExpense": 218000000, "depreciationAndAmortization": 276000000, "ebitda": 1538000000, "ebitdaratio": 0.181539187913, "operatingIncome": 1262000000, "operatingIncomeRatio": 0.14896128423, "totalOtherIncomeExpensesNet": 0.0, "incomeBeforeTax": 1030000000, "incomeBeforeTaxRatio": 0.121576959396, "incomeTaxExpense": 14000000, "netIncome": 1024000000, "netIncomeRatio": 0.120868744098, "eps": 0.58, "epsdiluted": 0.57, "weightedAverageShsOut": 1783000000, "weightedAverageShsOutDil": 1798000000, "link": "https://www.sec.gov/Archives/edgar/data/1103982/000119312513431957/0001193125-13-431957-index.htm", "finalLink": "https://www.sec.gov/Archives/edgar/data/1103982/000119312513431957/d601967d10q.htm"}, {"date": "2013-06-30", "symbol": "MDLZ", "fillingDate": "2013-08-08", "acceptedDate": "2013-08-08 10:47:09", "period": "Q2", "revenue": 8595000000, "costOfRevenue": 5364000000, "grossProfit": 3231000000, "grossProfitRatio": 0.37591623036649213, "researchAndDevelopmentExpenses": 0.0, "generalAndAdministrativeExpenses": 2269000000, "sellingAndMarketingExpenses": 0.0, "otherExpenses": 235000000, "operatingExpenses": 2324000000, "costAndExpenses": 7688000000, "interestExpense": 235000000, "depreciationAndAmortization": 266000000, "ebitda": 1131000000, "ebitdaratio": 0.131588132635, "operatingIncome": 865000000, "operatingIncomeRatio": 0.100639906923, "totalOtherIncomeExpensesNet": 0.0, "incomeBeforeTax": 617000000, "incomeBeforeTaxRatio": 0.0717859220477, "incomeTaxExpense": 13000000, "netIncome": 616000000, "netIncomeRatio": 0.0716695753345, "eps": 0.34, "epsdiluted": 0.34, "weightedAverageShsOut": 1786000000, "weightedAverageShsOutDil": 1800000000, "link": "https://www.sec.gov/Archives/edgar/data/1103982/000119312513325952/0001193125-13-325952-index.htm", "finalLink": "https://www.sec.gov/Archives/edgar/data/1103982/000119312513325952/d549456d10q.htm"}, {"date": "2013-03-31", "symbol": "MDLZ", "fillingDate": "2013-05-08", "acceptedDate": "2013-05-08 16:48:28", "period": "Q1", "revenue": 8744000000, "costOfRevenue": 5502000000, "grossProfit": 3242000000, "grossProfitRatio": 0.37076852698993595, "researchAndDevelopmentExpenses": 0.0, "generalAndAdministrativeExpenses": 2332000000, "sellingAndMarketingExpenses": 0.0, "otherExpenses": 279000000, "operatingExpenses": 2386000000, "costAndExpenses": 7888000000, "interestExpense": 279000000, "depreciationAndAmortization": 266000000, "ebitda": 1100000000, "ebitdaratio": 0.125800548948, "operatingIncome": 834000000, "operatingIncomeRatio": 0.0953796889296, "totalOtherIncomeExpensesNet": 0.0, "incomeBeforeTax": 574000000, "incomeBeforeTaxRatio": 0.0656450137237, "incomeTaxExpense": -19000000, "netIncome": 568000000, "netIncomeRatio": 0.0649588289113, "eps": 0.32, "epsdiluted": 0.32, "weightedAverageShsOut": 1784000000, "weightedAverageShsOutDil": 1798000000, "link": "https://www.sec.gov/Archives/edgar/data/1103982/000119312513207666/0001193125-13-207666-index.htm", "finalLink": "https://www.sec.gov/Archives/edgar/data/1103982/000119312513207666/d512925d10q.htm"}, {"date": "2012-12-31", "symbol": "MDLZ", "fillingDate": "2013-02-25", "acceptedDate": "2013-02-25 11:38:27", "period": "FY", "revenue": 35015000000, "costOfRevenue": 21939000000, "grossProfit": 13076000000, "grossProfitRatio": 0.37343995430529775, "researchAndDevelopmentExpenses": 462000000, "generalAndAdministrativeExpenses": 545000000, "sellingAndMarketingExpenses": 0.0, "otherExpenses": 1863000000, "operatingExpenses": 1061000000, "costAndExpenses": 31115000000, "interestExpense": 17000000, "depreciationAndAmortization": 280000000, "ebitda": 3917000000, "ebitdaratio": 0.305406037912, "operatingIncome": 3637000000, "operatingIncomeRatio": 0.370933770185, "totalOtherIncomeExpensesNet": 0.0, "incomeBeforeTax": 1774000000, "incomeBeforeTaxRatio": 0.239644278025, "incomeTaxExpense": 207000000, "netIncome": 534000000, "netIncomeRatio": 0.04475224903612737, "eps": 0.3, "epsdiluted": 0.29, "weightedAverageShsOut": 1777000000, "weightedAverageShsOutDil": 1789000000, "link": "https://www.sec.gov/Archives/edgar/data/1103982/000119312513073227/0001193125-13-073227-index.htm", "finalLink": "https://www.sec.gov/Archives/edgar/data/1103982/000119312513073227/d456052d10k.htm"}, {"date": "2012-09-30", "symbol": "MDLZ", "fillingDate": "2012-11-08", "acceptedDate": "2012-11-08 11:09:08", "period": "Q3", "revenue": 12909000000, "costOfRevenue": 8191000000, "grossProfit": 4718000000, "grossProfitRatio": 0.365481447052444, "researchAndDevelopmentExpenses": 0.0, "generalAndAdministrativeExpenses": 2955000000, "sellingAndMarketingExpenses": 0.0, "otherExpenses": 864000000, "operatingExpenses": 3009000000, "costAndExpenses": 11200000000, "interestExpense": 864000000, "depreciationAndAmortization": 356000000, "ebitda": 2008000000, "ebitdaratio": 0.1555503912, "operatingIncome": 1652000000, "operatingIncomeRatio": 0.127972732202, "totalOtherIncomeExpensesNet": 0.0, "incomeBeforeTax": 791000000, "incomeBeforeTaxRatio": 0.061275079402, "incomeTaxExpense": 129000000, "netIncome": 652000000, "netIncomeRatio": 0.0505073979394, "eps": 0.36, "epsdiluted": 0.37, "weightedAverageShsOut": 1776000000, "weightedAverageShsOutDil": 1786000000, "link": "https://www.sec.gov/Archives/edgar/data/1103982/000119312512459504/0001193125-12-459504-index.htm", "finalLink": "https://www.sec.gov/Archives/edgar/data/1103982/000119312512459504/d404272d10q.htm"}, {"date": "2012-06-30", "symbol": "MDLZ", "fillingDate": "2012-08-03", "acceptedDate": "2012-08-03 11:21:51", "period": "Q2", "revenue": 13286000000, "costOfRevenue": 8416000000, "grossProfit": 4870000000, "grossProfitRatio": 0.36655125696221585, "researchAndDevelopmentExpenses": 0.0, "generalAndAdministrativeExpenses": 2854000000, "sellingAndMarketingExpenses": 0.0, "otherExpenses": 429000000, "operatingExpenses": 2907000000, "costAndExpenses": 11323000000, "interestExpense": 429000000, "depreciationAndAmortization": 352000000, "ebitda": 2231000000, "ebitdaratio": 0.167921119976, "operatingIncome": 1879000000, "operatingIncomeRatio": 0.141427066085, "totalOtherIncomeExpensesNet": 0.0, "incomeBeforeTax": 662000000, "incomeBeforeTaxRatio": 0.0498268854433, "incomeTaxExpense": 416000000, "netIncome": 1029000000, "netIncomeRatio": 0.077449947313, "eps": 0.58, "epsdiluted": 0.57, "weightedAverageShsOut": 1775000000, "weightedAverageShsOutDil": 1785000000, "link": "https://www.sec.gov/Archives/edgar/data/1103982/000119312512333937/0001193125-12-333937-index.htm", "finalLink": "https://www.sec.gov/Archives/edgar/data/1103982/000119312512333937/d366993d10q.htm"}, {"date": "2012-03-31", "symbol": "MDLZ", "fillingDate": "2012-05-04", "acceptedDate": "2012-05-04 11:08:59", "period": "Q1", "revenue": 13093000000, "costOfRevenue": 8426000000, "grossProfit": 4667000000, "grossProfitRatio": 0.35645001145650346, "researchAndDevelopmentExpenses": 0.0, "generalAndAdministrativeExpenses": 2822000000, "sellingAndMarketingExpenses": 0.0, "otherExpenses": 553000000, "operatingExpenses": 2878000000, "costAndExpenses": 11304000000, "interestExpense": 553000000, "depreciationAndAmortization": 357000000, "ebitda": 2048000000, "ebitdaratio": 0.156419460781, "operatingIncome": 1691000000, "operatingIncomeRatio": 0.12915298251, "totalOtherIncomeExpensesNet": 0.0, "incomeBeforeTax": 1138000000, "incomeBeforeTaxRatio": 0.0869166730314, "incomeTaxExpense": 319000000, "netIncome": 813000000, "netIncomeRatio": 0.0620942488353, "eps": 0.46, "epsdiluted": 0.46, "weightedAverageShsOut": 1773000000, "weightedAverageShsOutDil": 1783000000, "link": "https://www.sec.gov/Archives/edgar/data/1103982/000119312512210777/0001193125-12-210777-index.htm", "finalLink": "https://www.sec.gov/Archives/edgar/data/1103982/000119312512210777/d314276d10q.htm"}, {"date": "2011-12-31", "symbol": "MDLZ", "fillingDate": "2012-02-27", "acceptedDate": "2012-02-27 10:45:56", "period": "FY", "revenue": 14688000000, "costOfRevenue": 9795000000, "grossProfit": 4893000000, "grossProfitRatio": 0.33312908496732024, "researchAndDevelopmentExpenses": 702000000, "generalAndAdministrativeExpenses": 3333000000, "sellingAndMarketingExpenses": 0.0, "otherExpenses": 573000000, "operatingExpenses": 4088000000, "costAndExpenses": 13883000000, "interestExpense": 573000000, "depreciationAndAmortization": 368000000, "ebitda": 1875000000, "ebitdaratio": 0.127655228758, "operatingIncome": 1507000000, "operatingIncomeRatio": 0.102600762527, "totalOtherIncomeExpensesNet": 0.0, "incomeBeforeTax": 934000000, "incomeBeforeTaxRatio": 0.0635893246187, "incomeTaxExpense": 92000000, "netIncome": 830000000, "netIncomeRatio": 0.0565087145969, "eps": 0.47, "epsdiluted": 0.47, "weightedAverageShsOut": 1765000000, "weightedAverageShsOutDil": 1772000000, "link": "https://www.sec.gov/Archives/edgar/data/1103982/000119312512080318/0001193125-12-080318-index.htm", "finalLink": "https://www.sec.gov/Archives/edgar/data/1103982/000119312512080318/d277353d10k.htm"}, {"date": "2011-09-30", "symbol": "MDLZ", "fillingDate": "2011-11-04", "acceptedDate": "2011-11-04 10:46:54", "period": "Q3", "revenue": 13226000000, "costOfRevenue": 8611000000, "grossProfit": 4615000000, "grossProfitRatio": 0.3489339180402238, "researchAndDevelopmentExpenses": 0.0, "generalAndAdministrativeExpenses": 2866000000, "sellingAndMarketingExpenses": 0.0, "otherExpenses": 425000000, "operatingExpenses": 2924000000, "costAndExpenses": 11535000000, "interestExpense": 425000000, "depreciationAndAmortization": 375000000, "ebitda": 2073000000, "ebitdaratio": 0.156736730682, "operatingIncome": 1698000000, "operatingIncomeRatio": 0.128383487071, "totalOtherIncomeExpensesNet": 0.0, "incomeBeforeTax": 1273000000, "incomeBeforeTaxRatio": 0.0962498109784, "incomeTaxExpense": 346000000, "netIncome": 922000000, "netIncomeRatio": 0.0697111749584, "eps": 0.52, "epsdiluted": 0.51, "weightedAverageShsOut": 1763000000, "weightedAverageShsOutDil": 1770000000, "link": "https://www.sec.gov/Archives/edgar/data/1103982/000119312511296642/0001193125-11-296642-index.htm", "finalLink": "https://www.sec.gov/Archives/edgar/data/1103982/000119312511296642/d233422d10q.htm"}, {"date": "2011-06-30", "symbol": "MDLZ", "fillingDate": "2011-08-05", "acceptedDate": "2011-08-05 11:34:05", "period": "Q2", "revenue": 13878000000, "costOfRevenue": 9007000000, "grossProfit": 4871000000, "grossProfitRatio": 0.3509871739443724, "researchAndDevelopmentExpenses": 0.0, "generalAndAdministrativeExpenses": 3008000000, "sellingAndMarketingExpenses": 0.0, "otherExpenses": 441000000, "operatingExpenses": 3065000000, "costAndExpenses": 12072000000, "interestExpense": 441000000, "depreciationAndAmortization": 370000000, "ebitda": 2176000000, "ebitdaratio": 0.156794927223, "operatingIncome": 1806000000, "operatingIncomeRatio": 0.130134025076, "totalOtherIncomeExpensesNet": 0.0, "incomeBeforeTax": 1365000000, "incomeBeforeTaxRatio": 0.0983571119758, "incomeTaxExpense": 389000000, "netIncome": 976000000, "netIncomeRatio": 0.070327136475, "eps": 0.55, "epsdiluted": 0.56, "weightedAverageShsOut": 1759000000, "weightedAverageShsOutDil": 1766000000, "link": "https://www.sec.gov/Archives/edgar/data/1103982/000119312511211716/0001193125-11-211716-index.htm", "finalLink": "https://www.sec.gov/Archives/edgar/data/1103982/000119312511211716/d10q.htm"}, {"date": "2011-03-31", "symbol": "MDLZ", "fillingDate": "2011-05-06", "acceptedDate": "2011-05-06 10:16:53", "period": "Q1", "revenue": 12573000000, "costOfRevenue": 7937000000, "grossProfit": 4636000000, "grossProfitRatio": 0.3687266364431719, "researchAndDevelopmentExpenses": 0.0, "generalAndAdministrativeExpenses": 2933000000, "sellingAndMarketingExpenses": 0.0, "otherExpenses": 446000000, "operatingExpenses": 2990000000, "costAndExpenses": 10927000000, "interestExpense": 446000000, "depreciationAndAmortization": 372000000, "ebitda": 2018000000, "ebitdaratio": 0.16050266444, "operatingIncome": 1646000000, "operatingIncomeRatio": 0.13091545375, "totalOtherIncomeExpensesNet": 0.0, "incomeBeforeTax": 1200000000, "incomeBeforeTaxRatio": 0.0954426151277, "incomeTaxExpense": 398000000, "netIncome": 799000000, "netIncomeRatio": 0.0635488745725, "eps": 0.46, "epsdiluted": 0.45, "weightedAverageShsOut": 1754000000, "weightedAverageShsOutDil": 1760000000, "link": "https://www.sec.gov/Archives/edgar/data/1103982/000119312511129883/0001193125-11-129883-index.htm", "finalLink": "https://www.sec.gov/Archives/edgar/data/1103982/000119312511129883/d10q.htm"}, {"date": "2010-12-31", "symbol": "MDLZ", "fillingDate": "2011-02-28", "acceptedDate": "2011-02-28 10:44:30", "period": "FY", "revenue": 13773000000, "costOfRevenue": 8975000000, "grossProfit": 4798000000, "grossProfitRatio": 0.3483627386916431, "researchAndDevelopmentExpenses": 583000000, "generalAndAdministrativeExpenses": 3460000000, "sellingAndMarketingExpenses": 0.0, "otherExpenses": 528000000, "operatingExpenses": 4108000000, "costAndExpenses": 13083000000, "interestExpense": 528000000, "depreciationAndAmortization": 421000000, "ebitda": 1661000000, "ebitdaratio": 0.120598271981, "operatingIncome": 1240000000, "operatingIncomeRatio": 0.0900312205039, "totalOtherIncomeExpensesNet": 0.0, "incomeBeforeTax": 712000000, "incomeBeforeTaxRatio": 0.0516953459667, "incomeTaxExpense": 165000000, "netIncome": 540000000, "netIncomeRatio": 0.039207144413, "eps": 0.3, "epsdiluted": 0.3, "weightedAverageShsOut": 1715000000, "weightedAverageShsOutDil": 1720000000, "link": "https://www.sec.gov/Archives/edgar/data/1103982/000119312511048979/0001193125-11-048979-index.htm", "finalLink": "https://www.sec.gov/Archives/edgar/data/1103982/000119312511048979/d10k.htm"}, {"date": "2010-09-30", "symbol": "MDLZ", "fillingDate": "2010-11-05", "acceptedDate": "2010-11-05 11:53:12", "period": "Q3", "revenue": 11863000000, "costOfRevenue": 7542000000, "grossProfit": 4321000000, "grossProfitRatio": 0.36424176009441117, "researchAndDevelopmentExpenses": 0.0, "generalAndAdministrativeExpenses": 2758000000, "sellingAndMarketingExpenses": -5783000000, "otherExpenses": 433000000, "operatingExpenses": 2811000000, "costAndExpenses": 10353000000, "interestExpense": 433000000, "depreciationAndAmortization": 340000000, "ebitda": 1859000000, "ebitdaratio": 0.156705723679, "operatingIncome": 1519000000, "operatingIncomeRatio": 0.1280451825, "totalOtherIncomeExpensesNet": 0.0, "incomeBeforeTax": 1086000000, "incomeBeforeTaxRatio": 0.0915451403524, "incomeTaxExpense": 326000000, "netIncome": 754000000, "netIncomeRatio": 0.0635589648487, "eps": 0.42, "epsdiluted": 0.42, "weightedAverageShsOut": 1702000000, "weightedAverageShsOutDil": 1708000000, "link": "https://www.sec.gov/Archives/edgar/data/1103982/000119312510249526/0001193125-10-249526-index.htm", "finalLink": "https://www.sec.gov/Archives/edgar/data/1103982/000119312510249526/d10q.htm"}, {"date": "2010-06-30", "symbol": "MDLZ", "fillingDate": "2010-08-06", "acceptedDate": "2010-08-06 10:14:36", "period": "Q2", "revenue": 12253000000, "costOfRevenue": 7559000000, "grossProfit": 4694000000, "grossProfitRatio": 0.38308985554558067, "researchAndDevelopmentExpenses": 0.0, "generalAndAdministrativeExpenses": 2933000000, "sellingAndMarketingExpenses": 2933000000, "otherExpenses": 439000000, "operatingExpenses": 2993000000, "costAndExpenses": 10552000000, "interestExpense": 439000000, "depreciationAndAmortization": 366000000, "ebitda": 2067000000, "ebitdaratio": 0.168693381213, "operatingIncome": 1701000000, "operatingIncomeRatio": 0.138823145352, "totalOtherIncomeExpensesNet": 0.0, "incomeBeforeTax": 1262000000, "incomeBeforeTaxRatio": 0.102995184853, "incomeTaxExpense": 323000000, "netIncome": 937000000, "netIncomeRatio": 0.0764710683098, "eps": 0.51, "epsdiluted": 0.51, "weightedAverageShsOut": 1681000000, "weightedAverageShsOutDil": 1686000000, "link": "https://www.sec.gov/Archives/edgar/data/1103982/000119312510180593/0001193125-10-180593-index.htm", "finalLink": "https://www.sec.gov/Archives/edgar/data/1103982/000119312510180593/d10q.htm"}, {"date": "2010-03-31", "symbol": "MDLZ", "fillingDate": "2010-05-07", "acceptedDate": "2010-05-07 12:11:46", "period": "Q1", "revenue": 11318000000, "costOfRevenue": 7229000000, "grossProfit": 4089000000, "grossProfitRatio": 0.361282912175296, "researchAndDevelopmentExpenses": 0.0, "generalAndAdministrativeExpenses": 2850000000, "sellingAndMarketingExpenses": 2850000000, "otherExpenses": 624000000, "operatingExpenses": 2883000000, "costAndExpenses": 10112000000, "interestExpense": 624000000, "depreciationAndAmortization": 313000000, "ebitda": 1519000000, "ebitdaratio": 0.134210991341, "operatingIncome": 1206000000, "operatingIncomeRatio": 0.106555928609, "totalOtherIncomeExpensesNet": 0.0, "incomeBeforeTax": 582000000, "incomeBeforeTaxRatio": 0.0514225128115, "incomeTaxExpense": 333000000, "netIncome": 1883000000, "netIncomeRatio": 0.166372150557, "eps": 1.17, "epsdiluted": 1.16, "weightedAverageShsOut": 1681000000, "weightedAverageShsOutDil": 1686000000, "link": "https://www.sec.gov/Archives/edgar/data/1103982/000119312510112381/0001193125-10-112381-index.htm", "finalLink": "https://www.sec.gov/Archives/edgar/data/1103982/000119312510112381/d10q.htm"}, {"date": "2009-12-31", "symbol": "MDLZ", "fillingDate": "2010-02-25", "acceptedDate": "2010-02-25 11:55:07", "period": "FY", "revenue": 0.0, "costOfRevenue": 53796000000, "grossProfit": -53796000000, "grossProfitRatio": 0.0, "researchAndDevelopmentExpenses": 0.0, "generalAndAdministrativeExpenses": 0.0, "sellingAndMarketingExpenses": 0.0, "otherExpenses": 0.0, "operatingExpenses": 0.0, "costAndExpenses": 53796000000, "interestExpense": 0.0, "depreciationAndAmortization": 272000000, "ebitda": 3360000000, "ebitdaratio": 0.0, "operatingIncome": 3088000000, "operatingIncomeRatio": 0.0, "totalOtherIncomeExpensesNet": 0.0, "incomeBeforeTax": 1294000000, "incomeBeforeTaxRatio": 0.0, "incomeTaxExpense": 1294000000, "netIncome": 0.0, "netIncomeRatio": 0.0, "eps": 2.08, "epsdiluted": 2.08, "weightedAverageShsOut": 1681000000, "weightedAverageShsOutDil": 1686000000, "link": "https://www.sec.gov/Archives/edgar/data/1103982/000119312510040106/0001193125-10-040106-index.htm", "finalLink": "https://www.sec.gov/Archives/edgar/data/1103982/000119312510040106/d10k.htm"}, {"date": "2009-09-30", "symbol": "MDLZ", "fillingDate": "2009-11-03", "acceptedDate": "2009-11-03 17:10:27", "period": "Q3", "revenue": 9803000000, "costOfRevenue": 6262000000, "grossProfit": 3541000000, "grossProfitRatio": 0.36121595429970416, "researchAndDevelopmentExpenses": 0.0, "generalAndAdministrativeExpenses": 0.0, "sellingAndMarketingExpenses": 2116000000, "otherExpenses": 323000000, "operatingExpenses": 2116000000, "costAndExpenses": 8378000000, "interestExpense": -323000000, "depreciationAndAmortization": 227000000, "ebitda": 1646000000, "ebitdaratio": 0.16790778333163317, "operatingIncome": 1419000000, "operatingIncomeRatio": 0.14475160665102518, "totalOtherIncomeExpensesNet": 0.0, "incomeBeforeTax": 1096000000, "incomeBeforeTaxRatio": 0.11180250943588697, "incomeTaxExpense": 270000000, "netIncome": 826000000, "netIncomeRatio": 0.08425992043252066, "eps": 1.56, "epsdiluted": 1.56, "weightedAverageShsOut": 1681000000, "weightedAverageShsOutDil": 1686000000, "link": "https://www.sec.gov/Archives/edgar/data/1103982/000119312509222258/0001193125-09-222258-index.htm", "finalLink": "https://www.sec.gov/Archives/edgar/data/1103982/000119312509222258/d10q.htm"}, {"date": "2009-06-30", "symbol": "MDLZ", "fillingDate": "2009-08-05", "acceptedDate": "2009-08-05 11:43:35", "period": "Q2", "revenue": 10162000000, "costOfRevenue": 6497000000, "grossProfit": 3665000000, "grossProfitRatio": 0.3606573509151742, "researchAndDevelopmentExpenses": 0.0, "generalAndAdministrativeExpenses": 0.0, "sellingAndMarketingExpenses": 2140000000, "otherExpenses": 312000000, "operatingExpenses": 2140000000, "costAndExpenses": 8637000000, "interestExpense": -312000000, "depreciationAndAmortization": 217000000, "ebitda": 1748000000, "ebitdaratio": 0.17201338319228499, "operatingIncome": 1531000000, "operatingIncomeRatio": 0.15065931903168667, "totalOtherIncomeExpensesNet": 0.0, "incomeBeforeTax": 1219000000, "incomeBeforeTaxRatio": 0.11995670143672506, "incomeTaxExpense": 390000000, "netIncome": 829000000, "netIncomeRatio": 0.08157842944302303, "eps": 1.01, "epsdiluted": 1.01, "weightedAverageShsOut": 1681000000, "weightedAverageShsOutDil": 1686000000, "link": "https://www.sec.gov/Archives/edgar/data/1103982/000119312509164943/0001193125-09-164943-index.htm", "finalLink": "https://www.sec.gov/Archives/edgar/data/1103982/000119312509164943/d10q.htm"}, {"date": "2009-03-31", "symbol": "MDLZ", "fillingDate": "2009-05-05", "acceptedDate": "2009-05-05 16:19:45", "period": "Q1", "revenue": 9396000000, "costOfRevenue": 6131000000, "grossProfit": 3265000000, "grossProfitRatio": 0.34748829289059174, "researchAndDevelopmentExpenses": 0.0, "generalAndAdministrativeExpenses": 0.0, "sellingAndMarketingExpenses": 1991000000, "otherExpenses": 280000000, "operatingExpenses": 1991000000, "costAndExpenses": 8122000000, "interestExpense": -280000000, "depreciationAndAmortization": 215000000, "ebitda": 1483000000, "ebitdaratio": 0.15783312047679865, "operatingIncome": 1268000000, "operatingIncomeRatio": 0.13495104299702002, "totalOtherIncomeExpensesNet": 0.0, "incomeBeforeTax": 988000000, "incomeBeforeTaxRatio": 0.10515112813963388, "incomeTaxExpense": 326000000, "netIncome": 662000000, "netIncomeRatio": 0.07045551298424861, "eps": 0.45, "epsdiluted": 0.45, "weightedAverageShsOut": 1471111111, "weightedAverageShsOutDil": 1471111111, "link": "https://www.sec.gov/Archives/edgar/data/1103982/000119312509099958/0001193125-09-099958-index.htm", "finalLink": "https://www.sec.gov/Archives/edgar/data/1103982/000119312509099958/d10q.htm"}, {"date": "2008-12-31", "symbol": "MDLZ", "fillingDate": "2009-02-27", "acceptedDate": "2009-02-27 15:10:38", "period": "FY", "revenue": 10767000000, "costOfRevenue": 7373000000, "grossProfit": 3394000000, "grossProfitRatio": 0.31522243893377916, "researchAndDevelopmentExpenses": 0.0, "generalAndAdministrativeExpenses": 0.0, "sellingAndMarketingExpenses": 2370000000, "otherExpenses": 306000000, "operatingExpenses": 2370000000, "costAndExpenses": 9743000000, "interestExpense": -306000000, "depreciationAndAmortization": 234000000, "ebitda": 536000000, "ebitdaratio": 0.04978174050338999, "operatingIncome": 302000000, "operatingIncomeRatio": 0.028048667223924954, "totalOtherIncomeExpensesNet": 0.0, "incomeBeforeTax": -4000000.0, "incomeBeforeTaxRatio": -0.0003715055261447014, "incomeTaxExpense": -90000000, "netIncome": 86000000, "netIncomeRatio": 0.00798736881211108, "eps": 1.24, "epsdiluted": 1.24, "weightedAverageShsOut": 1491129032, "weightedAverageShsOutDil": 1491129032, "link": "https://www.sec.gov/Archives/edgar/data/1103982/000119312509040798/0001193125-09-040798-index.htm", "finalLink": "https://www.sec.gov/Archives/edgar/data/1103982/000119312509040798/d10k.htm"}, {"date": "2008-09-30", "symbol": "MDLZ", "fillingDate": "2008-10-31", "acceptedDate": "2008-10-31 13:57:34", "period": "Q3", "revenue": 9886000000, "costOfRevenue": 6790000000, "grossProfit": 3096000000, "grossProfitRatio": 0.31317013959134127, "researchAndDevelopmentExpenses": 0.0, "generalAndAdministrativeExpenses": 0.0, "sellingAndMarketingExpenses": 2125000000, "otherExpenses": 298000000, "operatingExpenses": 2125000000, "costAndExpenses": 8915000000, "interestExpense": -298000000, "depreciationAndAmortization": 245000000, "ebitda": 1085000000, "ebitdaratio": 0.10975116326117743, "operatingIncome": 840000000, "operatingIncomeRatio": 0.08496864252478252, "totalOtherIncomeExpensesNet": 0.0, "incomeBeforeTax": 542000000, "incomeBeforeTaxRatio": 0.05482500505765729, "incomeTaxExpense": 119000000, "netIncome": 423000000, "netIncomeRatio": 0.042787780699979766, "eps": 1.17, "epsdiluted": 1.17, "weightedAverageShsOut": 1506837606, "weightedAverageShsOutDil": 1506837606, "link": "https://www.sec.gov/Archives/edgar/data/1103982/000119312508221342/0001193125-08-221342-index.htm", "finalLink": "https://www.sec.gov/Archives/edgar/data/1103982/000119312508221342/d10q.htm"}, {"date": "2008-06-30", "symbol": "MDLZ", "fillingDate": "2008-08-01", "acceptedDate": "2008-08-01 09:12:55", "period": "Q2", "revenue": 11176000000, "costOfRevenue": 7132000000, "grossProfit": 4044000000, "grossProfitRatio": 0.3618468146027201, "researchAndDevelopmentExpenses": 0.0, "generalAndAdministrativeExpenses": 0.0, "sellingAndMarketingExpenses": 2353000000, "otherExpenses": 331000000, "operatingExpenses": 2353000000, "costAndExpenses": 9485000000, "interestExpense": -331000000, "depreciationAndAmortization": 259000000, "ebitda": 1769000000, "ebitdaratio": 0.15828561202576952, "operatingIncome": 1510000000, "operatingIncomeRatio": 0.13511095204008589, "totalOtherIncomeExpensesNet": 0.0, "incomeBeforeTax": 1179000000, "incomeBeforeTaxRatio": 0.10549391553328562, "incomeTaxExpense": 447000000, "netIncome": 732000000, "netIncomeRatio": 0.0654974946313529, "eps": 0.89, "epsdiluted": 0.88, "weightedAverageShsOut": 1505617977, "weightedAverageShsOutDil": 1522727272, "link": "https://www.sec.gov/Archives/edgar/data/1103982/000119312508163342/0001193125-08-163342-index.htm", "finalLink": "https://www.sec.gov/Archives/edgar/data/1103982/000119312508163342/d10q.htm"}, {"date": "2008-03-31", "symbol": "MDLZ", "fillingDate": "2008-05-02", "acceptedDate": "2008-05-02 15:38:52", "period": "Q1", "revenue": 10372000000, "costOfRevenue": 6891000000, "grossProfit": 3481000000, "grossProfitRatio": 0.3356151176243733, "researchAndDevelopmentExpenses": 0.0, "generalAndAdministrativeExpenses": 0.0, "sellingAndMarketingExpenses": 2211000000, "otherExpenses": 305000000, "operatingExpenses": 2211000000, "costAndExpenses": 9102000000, "interestExpense": -305000000, "depreciationAndAmortization": 248000000, "ebitda": 1413000000, "ebitdaratio": 0.13623216351716158, "operatingIncome": 1165000000, "operatingIncomeRatio": 0.11232163517161589, "totalOtherIncomeExpensesNet": 0.0, "incomeBeforeTax": 860000000, "incomeBeforeTaxRatio": 0.0829155418434246, "incomeTaxExpense": 252000000, "netIncome": 608000000, "netIncomeRatio": 0.05861935981488623, "eps": 0.4, "epsdiluted": 0.4, "weightedAverageShsOut": 1520000000, "weightedAverageShsOutDil": 1520000000, "link": "https://www.sec.gov/Archives/edgar/data/1103982/000119312508100675/0001193125-08-100675-index.htm", "finalLink": "https://www.sec.gov/Archives/edgar/data/1103982/000119312508100675/d10q.htm"}, {"date": "2007-12-31", "symbol": "MDLZ", "fillingDate": "2008-02-25", "acceptedDate": "2008-02-25 17:23:38", "period": "FY", "revenue": 10396000000, "costOfRevenue": 7176000000, "grossProfit": 3220000000, "grossProfitRatio": 0.30973451327433627, "researchAndDevelopmentExpenses": 0.0, "generalAndAdministrativeExpenses": 0.0, "sellingAndMarketingExpenses": 2067000000, "otherExpenses": 226000000, "operatingExpenses": 2067000000, "costAndExpenses": 9243000000, "interestExpense": -226000000, "depreciationAndAmortization": 224000000, "ebitda": 1264000000, "ebitdaratio": 0.12158522508657175, "operatingIncome": 1040000000, "operatingIncomeRatio": 0.1000384763370527, "totalOtherIncomeExpensesNet": 0.0, "incomeBeforeTax": 814000000, "incomeBeforeTaxRatio": 0.0782993459022701, "incomeTaxExpense": 229000000, "netIncome": 585000000, "netIncomeRatio": 0.05627164293959215, "eps": 1.64, "epsdiluted": 1.64, "weightedAverageShsOut": 1579268292, "weightedAverageShsOutDil": 1579268292, "link": "https://www.sec.gov/Archives/edgar/data/1103982/000119312508037590/0001193125-08-037590-index.htm", "finalLink": "https://www.sec.gov/Archives/edgar/data/1103982/000119312508037590/d10k.htm"}, {"date": "2007-09-30", "symbol": "MDLZ", "fillingDate": "2007-11-02", "acceptedDate": "2007-11-02 14:45:58", "period": "Q3", "revenue": 9054000000, "costOfRevenue": 5995000000, "grossProfit": 3059000000, "grossProfitRatio": 0.33786171857742436, "researchAndDevelopmentExpenses": 0.0, "generalAndAdministrativeExpenses": 0.0, "sellingAndMarketingExpenses": 1901000000, "otherExpenses": 165000000, "operatingExpenses": 1901000000, "costAndExpenses": 7896000000, "interestExpense": -165000000, "depreciationAndAmortization": 220000000, "ebitda": 1201000000, "ebitdaratio": 0.1326485531256903, "operatingIncome": 981000000, "operatingIncomeRatio": 0.10834990059642147, "totalOtherIncomeExpensesNet": 0.0, "incomeBeforeTax": 816000000, "incomeBeforeTaxRatio": 0.09012591119946985, "incomeTaxExpense": 220000000, "netIncome": 596000000, "netIncomeRatio": 0.06582725867020102, "eps": 1.26, "epsdiluted": 1.25, "weightedAverageShsOut": 1591269841, "weightedAverageShsOutDil": 1604000000, "link": "https://www.sec.gov/Archives/edgar/data/1103982/000119312507233672/0001193125-07-233672-index.htm", "finalLink": "https://www.sec.gov/Archives/edgar/data/1103982/000119312507233672/d10q.htm"}, {"date": "2007-06-30", "symbol": "MDLZ", "fillingDate": "2007-08-03", "acceptedDate": "2007-08-03 13:31:59", "period": "Q2", "revenue": 9205000000, "costOfRevenue": 5945000000, "grossProfit": 3260000000, "grossProfitRatio": 0.354155350353069, "researchAndDevelopmentExpenses": 0.0, "generalAndAdministrativeExpenses": 0.0, "sellingAndMarketingExpenses": 1969000000, "otherExpenses": 149000000, "operatingExpenses": 1969000000, "costAndExpenses": 7914000000, "interestExpense": -149000000, "depreciationAndAmortization": 222000000, "ebitda": 1410000000, "ebitdaratio": 0.15317762085822922, "operatingIncome": 1188000000, "operatingIncomeRatio": 0.12906029331884844, "totalOtherIncomeExpensesNet": 0.0, "incomeBeforeTax": 1039000000, "incomeBeforeTaxRatio": 0.11287343834872351, "incomeTaxExpense": 332000000, "netIncome": 707000000, "netIncomeRatio": 0.07680608365019011, "eps": 0.88, "epsdiluted": 0.87, "weightedAverageShsOut": 1601136363, "weightedAverageShsOutDil": 1619540229, "link": "https://www.sec.gov/Archives/edgar/data/1103982/000095013707011214/0000950137-07-011214-index.htm", "finalLink": "https://www.sec.gov/Archives/edgar/data/1103982/000095013707011214/c17231e10vq.htm"}, {"date": "2007-03-31", "symbol": "MDLZ", "fillingDate": "2007-05-09", "acceptedDate": "2007-05-09 16:33:55", "period": "Q1", "revenue": 8586000000, "costOfRevenue": 5535000000, "grossProfit": 3051000000, "grossProfitRatio": 0.3553459119496855, "researchAndDevelopmentExpenses": 0.0, "generalAndAdministrativeExpenses": 0.0, "sellingAndMarketingExpenses": 1872000000, "otherExpenses": 64000000, "operatingExpenses": 1872000000, "costAndExpenses": 7407000000, "interestExpense": -64000000, "depreciationAndAmortization": 220000000, "ebitda": 1342000000, "ebitdaratio": 0.1563009550430934, "operatingIncome": 1122000000, "operatingIncomeRatio": 0.13067784765897975, "totalOtherIncomeExpensesNet": 0.0, "incomeBeforeTax": 1058000000, "incomeBeforeTaxRatio": 0.1232238527836012, "incomeTaxExpense": 356000000, "netIncome": 702000000, "netIncomeRatio": 0.08176100628930817, "eps": 0.43, "epsdiluted": 0.43, "weightedAverageShsOut": 1632558139, "weightedAverageShsOutDil": 1632558139, "link": "https://www.sec.gov/Archives/edgar/data/1103982/000095013707007111/0000950137-07-007111-index.htm", "finalLink": "https://www.sec.gov/Archives/edgar/data/1103982/000095013707007111/c14835e10vq.htm"}, {"date": "2006-12-31", "symbol": "MDLZ", "fillingDate": "2007-03-01", "acceptedDate": "2007-03-01 15:39:31", "period": "FY", "revenue": 9371000000, "costOfRevenue": 6071000000, "grossProfit": 3300000000, "grossProfitRatio": 0.3521502507736634, "researchAndDevelopmentExpenses": 0.0, "generalAndAdministrativeExpenses": 0.0, "sellingAndMarketingExpenses": 2007000000, "otherExpenses": 133000000, "operatingExpenses": 2007000000, "costAndExpenses": 8078000000, "interestExpense": -133000000, "depreciationAndAmortization": 230000000, "ebitda": 1204000000, "ebitdaratio": 0.12848148543378507, "operatingIncome": 974000000, "operatingIncomeRatio": 0.10393768007683278, "totalOtherIncomeExpensesNet": 0.0, "incomeBeforeTax": 841000000, "incomeBeforeTaxRatio": 0.08974495784868211, "incomeTaxExpense": 216000000, "netIncome": 625000000, "netIncomeRatio": 0.06669512325258777, "eps": 1.86, "epsdiluted": 1.86, "weightedAverageShsOut": 1647849462, "weightedAverageShsOutDil": 1647849462, "link": "https://www.sec.gov/Archives/edgar/data/1103982/000104746907001530/0001047469-07-001530-index.htm", "finalLink": "https://www.sec.gov/Archives/edgar/data/1103982/000104746907001530/a2176027z10-k.htm"}, {"date": "2006-09-30", "symbol": "MDLZ", "fillingDate": "2006-11-09", "acceptedDate": "2006-11-09 11:53:41", "period": "Q3", "revenue": 8243000000, "costOfRevenue": 5243000000, "grossProfit": 3000000000, "grossProfitRatio": 0.36394516559505036, "researchAndDevelopmentExpenses": 0.0, "generalAndAdministrativeExpenses": 0.0, "sellingAndMarketingExpenses": 1765000000, "otherExpenses": 134000000, "operatingExpenses": 1765000000, "costAndExpenses": 7008000000, "interestExpense": -134000000, "depreciationAndAmortization": 221000000, "ebitda": 1578000000, "ebitdaratio": 0.1914351571029965, "operatingIncome": 1357000000, "operatingIncomeRatio": 0.1646245299041611, "totalOtherIncomeExpensesNet": 0.0, "incomeBeforeTax": 1223000000, "incomeBeforeTaxRatio": 0.1483683125075822, "incomeTaxExpense": 473000000, "netIncome": 750000000, "netIncomeRatio": 0.09098629139876259, "eps": 1.48, "epsdiluted": 1.48, "weightedAverageShsOut": 1648648648, "weightedAverageShsOutDil": 1648648648, "link": "https://www.sec.gov/Archives/edgar/data/1103982/000110465906073335/0001104659-06-073335-index.htm", "finalLink": "https://www.sec.gov/Archives/edgar/data/1103982/000110465906073335/a06-21892_110q.htm"}, {"date": "2006-06-30", "symbol": "MDLZ", "fillingDate": "2006-08-08", "acceptedDate": "2006-08-08 08:03:22", "period": "Q2", "revenue": 8619000000, "costOfRevenue": 5435000000, "grossProfit": 3184000000, "grossProfitRatio": 0.36941640561550065, "researchAndDevelopmentExpenses": 0.0, "generalAndAdministrativeExpenses": 0.0, "sellingAndMarketingExpenses": 1770000000, "otherExpenses": 147000000, "operatingExpenses": 1770000000, "costAndExpenses": 7205000000, "interestExpense": -147000000, "depreciationAndAmortization": 217000000, "ebitda": 1394000000, "ebitdaratio": 0.16173570019723865, "operatingIncome": 1177000000, "operatingIncomeRatio": 0.13655876551804152, "totalOtherIncomeExpensesNet": 0.0, "incomeBeforeTax": 1030000000, "incomeBeforeTaxRatio": 0.11950342267084349, "incomeTaxExpense": 347000000, "netIncome": 683000000, "netIncomeRatio": 0.07924353173221951, "eps": 1.02, "epsdiluted": 1.02, "weightedAverageShsOut": 1656862745, "weightedAverageShsOutDil": 1656862745, "link": "https://www.sec.gov/Archives/edgar/data/1103982/000110465906052215/0001104659-06-052215-index.htm", "finalLink": "https://www.sec.gov/Archives/edgar/data/1103982/000110465906052215/a06-15579_110q.htm"}, {"date": "2006-03-31", "symbol": "MDLZ", "fillingDate": "2006-05-09", "acceptedDate": "2006-05-09 08:57:42", "period": "Q1", "revenue": 8123000000, "costOfRevenue": 5191000000, "grossProfit": 2932000000, "grossProfitRatio": 0.3609503877877631, "researchAndDevelopmentExpenses": 0.0, "generalAndAdministrativeExpenses": 0.0, "sellingAndMarketingExpenses": 1707000000, "otherExpenses": 96000000, "operatingExpenses": 1707000000, "costAndExpenses": 6898000000, "interestExpense": -96000000, "depreciationAndAmortization": 216000000, "ebitda": 1234000000, "ebitdaratio": 0.15191431737042965, "operatingIncome": 1018000000, "operatingIncomeRatio": 0.12532315646928474, "totalOtherIncomeExpensesNet": 0.0, "incomeBeforeTax": 922000000, "incomeBeforeTaxRatio": 0.11350486273544257, "incomeTaxExpense": -85000000, "netIncome": 1007000000, "netIncomeRatio": 0.12396897697894867, "eps": 0.61, "epsdiluted": 0.61, "weightedAverageShsOut": 1650819672, "weightedAverageShsOutDil": 1650819672, "link": "https://www.sec.gov/Archives/edgar/data/1103982/000110465906032390/0001104659-06-032390-index.htm", "finalLink": "https://www.sec.gov/Archives/edgar/data/1103982/000110465906032390/a06-9721_110q.htm"}, {"date": "2005-12-31", "symbol": "MDLZ", "fillingDate": "2006-03-10", "acceptedDate": "2006-03-10 16:34:38", "period": "FY", "revenue": 9663000000, "costOfRevenue": 6265000000, "grossProfit": 3398000000, "grossProfitRatio": 0.351650626099555, "researchAndDevelopmentExpenses": 0.0, "generalAndAdministrativeExpenses": 0.0, "sellingAndMarketingExpenses": 1919000000, "otherExpenses": 147000000, "operatingExpenses": 1919000000, "costAndExpenses": 8184000000, "interestExpense": -147000000, "depreciationAndAmortization": 218000000, "ebitda": 1415000000, "ebitdaratio": 0.1464348546000207, "operatingIncome": 1197000000, "operatingIncomeRatio": 0.12387457311393978, "totalOtherIncomeExpensesNet": 0.0, "incomeBeforeTax": 1050000000, "incomeBeforeTaxRatio": 0.10866190624029805, "incomeTaxExpense": 277000000, "netIncome": 773000000, "netIncomeRatio": 0.0799958604988099, "eps": 1.72, "epsdiluted": 1.72, "weightedAverageShsOut": 1690116279, "weightedAverageShsOutDil": 1690116279, "link": "https://www.sec.gov/Archives/edgar/data/1103982/000104746906003200/0001047469-06-003200-index.htm", "finalLink": "https://www.sec.gov/Archives/edgar/data/1103982/000104746906003200/a2168110z10-k.htm"}, {"date": "2005-09-30", "symbol": "MDLZ", "fillingDate": "2005-11-09", "acceptedDate": "2005-11-09 14:32:38", "period": "Q3", "revenue": 8057000000, "costOfRevenue": 5201000000, "grossProfit": 2856000000, "grossProfitRatio": 0.35447437011294525, "researchAndDevelopmentExpenses": 0.0, "generalAndAdministrativeExpenses": 0.0, "sellingAndMarketingExpenses": 1678000000, "otherExpenses": 139000000, "operatingExpenses": 1678000000, "costAndExpenses": 6879000000, "interestExpense": -139000000, "depreciationAndAmortization": 215000000, "ebitda": 1363000000, "ebitdaratio": 0.16916966612883208, "operatingIncome": 1148000000, "operatingIncomeRatio": 0.1424847958297133, "totalOtherIncomeExpensesNet": 0.0, "incomeBeforeTax": 1009000000, "incomeBeforeTaxRatio": 0.12523271689214346, "incomeTaxExpense": 334000000, "netIncome": 675000000, "netIncomeRatio": 0.08377808117165197, "eps": 1.26, "epsdiluted": 1.26, "weightedAverageShsOut": 1693650793, "weightedAverageShsOutDil": 1693650793, "link": "https://www.sec.gov/Archives/edgar/data/1103982/000110465905053982/0001104659-05-053982-index.htm", "finalLink": "https://www.sec.gov/Archives/edgar/data/1103982/000110465905053982/a05-18510_110q.htm"}, {"date": "2005-06-30", "symbol": "MDLZ", "fillingDate": "2005-08-05", "acceptedDate": "2005-08-05 12:36:33", "period": "Q2", "revenue": 8334000000, "costOfRevenue": 5275000000, "grossProfit": 3059000000, "grossProfitRatio": 0.36705063594912407, "researchAndDevelopmentExpenses": 0.0, "generalAndAdministrativeExpenses": 0.0, "sellingAndMarketingExpenses": 1777000000, "otherExpenses": 174000000, "operatingExpenses": 1777000000, "costAndExpenses": 7052000000, "interestExpense": -174000000, "depreciationAndAmortization": 218000000, "ebitda": 1468000000, "ebitdaratio": 0.17614590832733382, "operatingIncome": 1250000000, "operatingIncomeRatio": 0.1499880009599232, "totalOtherIncomeExpensesNet": 0.0, "incomeBeforeTax": 1076000000, "incomeBeforeTaxRatio": 0.1291096712263019, "incomeTaxExpense": 316000000, "netIncome": 760000000, "netIncomeRatio": 0.09119270458363331, "eps": 0.86, "epsdiluted": 0.86, "weightedAverageShsOut": 1696511627, "weightedAverageShsOutDil": 1696511627, "link": "https://www.sec.gov/Archives/edgar/data/1103982/000110465905036749/0001104659-05-036749-index.htm", "finalLink": "https://www.sec.gov/Archives/edgar/data/1103982/000110465905036749/a05-14123_110q.htm"}, {"date": "2005-03-31", "symbol": "MDLZ", "fillingDate": "2005-05-06", "acceptedDate": "2005-05-06 16:02:51", "period": "Q1", "revenue": 8059000000, "costOfRevenue": 5104000000, "grossProfit": 2955000000, "grossProfitRatio": 0.3666708028291351, "researchAndDevelopmentExpenses": 0.0, "generalAndAdministrativeExpenses": 0.0, "sellingAndMarketingExpenses": 1761000000, "otherExpenses": 176000000, "operatingExpenses": 1761000000, "costAndExpenses": 6865000000, "interestExpense": -176000000, "depreciationAndAmortization": 218000000, "ebitda": 1375000000, "ebitdaratio": 0.17061670182404765, "operatingIncome": 1157000000, "operatingIncomeRatio": 0.14356619928030773, "totalOtherIncomeExpensesNet": 0.0, "incomeBeforeTax": 981000000, "incomeBeforeTaxRatio": 0.12172726144682963, "incomeTaxExpense": 282000000, "netIncome": 699000000, "netIncomeRatio": 0.08673532696364313, "eps": 0.41, "epsdiluted": 0.41, "weightedAverageShsOut": 1704878048, "weightedAverageShsOutDil": 1704878048, "link": "https://www.sec.gov/Archives/edgar/data/1103982/000104746905013810/0001047469-05-013810-index.htm", "finalLink": "https://www.sec.gov/Archives/edgar/data/1103982/000104746905013810/a2157556z10-q.htm"}, {"date": "2004-12-31", "symbol": "MDLZ", "fillingDate": "2005-03-11", "acceptedDate": "2005-03-11 16:19:42", "period": "FY", "revenue": 8439000000, "costOfRevenue": 5433000000, "grossProfit": 3006000000, "grossProfitRatio": 0.356203341628155, "researchAndDevelopmentExpenses": 0.0, "generalAndAdministrativeExpenses": 0.0, "sellingAndMarketingExpenses": 1759000000, "otherExpenses": 179000000, "operatingExpenses": 1759000000, "costAndExpenses": 7192000000, "interestExpense": -179000000, "depreciationAndAmortization": 871000000, "ebitda": 1999000000, "ebitdaratio": 0.23687640715724612, "operatingIncome": 1128000000, "operatingIncomeRatio": 0.1336651261997867, "totalOtherIncomeExpensesNet": 0.0, "incomeBeforeTax": 949000000, "incomeBeforeTaxRatio": 0.1124540822372319, "incomeTaxExpense": 318000000, "netIncome": 631000000, "netIncomeRatio": 0.07477189240431331, "eps": 1.56, "epsdiluted": 1.56, "weightedAverageShsOut": 1712820512, "weightedAverageShsOutDil": 1712820512, "link": "https://www.sec.gov/Archives/edgar/data/1103982/000104746905006214/0001047469-05-006214-index.htm", "finalLink": "https://www.sec.gov/Archives/edgar/data/1103982/000104746905006214/a2152234z10-k.htm"}, {"date": "2004-09-30", "symbol": "MDLZ", "fillingDate": "2004-11-05", "acceptedDate": "2004-11-05 15:47:58", "period": "Q3", "revenue": 7831000000, "costOfRevenue": 4927000000, "grossProfit": 2904000000, "grossProfitRatio": 0.37083386540671687, "researchAndDevelopmentExpenses": 0.0, "generalAndAdministrativeExpenses": 0.0, "sellingAndMarketingExpenses": 1596000000, "otherExpenses": 163000000, "operatingExpenses": 1596000000, "costAndExpenses": 6523000000, "interestExpense": -163000000, "depreciationAndAmortization": -416000000, "ebitda": 837000000, "ebitdaratio": 0.10688290128974588, "operatingIncome": 1253000000, "operatingIncomeRatio": 0.1600051079044822, "totalOtherIncomeExpensesNet": 0.0, "incomeBeforeTax": 1090000000, "incomeBeforeTaxRatio": 0.13919039713957349, "incomeTaxExpense": 310000000, "netIncome": 780000000, "netIncomeRatio": 0.09960413740263058, "eps": 1.19, "epsdiluted": 1.19, "weightedAverageShsOut": 1715126050, "weightedAverageShsOutDil": 1715126050, "link": "https://www.sec.gov/Archives/edgar/data/1103982/000104746904033228/0001047469-04-033228-index.htm", "finalLink": "https://www.sec.gov/Archives/edgar/data/1103982/000104746904033228/a2146084z10-q.htm"}, {"date": "2004-06-30", "symbol": "MDLZ", "fillingDate": "2004-08-06", "acceptedDate": "2004-08-06 15:13:53", "period": "Q2", "revenue": 8205000000, "costOfRevenue": 5173000000, "grossProfit": 3032000000, "grossProfitRatio": 0.3695307739183425, "researchAndDevelopmentExpenses": 0.0, "generalAndAdministrativeExpenses": 0.0, "sellingAndMarketingExpenses": 1657000000, "otherExpenses": 159000000, "operatingExpenses": 1657000000, "costAndExpenses": 6830000000, "interestExpense": -159000000, "depreciationAndAmortization": 215000000, "ebitda": 1457000000, "ebitdaratio": 0.17757464960390007, "operatingIncome": 1242000000, "operatingIncomeRatio": 0.15137111517367458, "totalOtherIncomeExpensesNet": 0.0, "incomeBeforeTax": 1083000000, "incomeBeforeTaxRatio": 0.1319926873857404, "incomeTaxExpense": 383000000, "netIncome": 700000000, "netIncomeRatio": 0.08531383302864107, "eps": 0.73, "epsdiluted": 0.73, "weightedAverageShsOut": 1727397260, "weightedAverageShsOutDil": 1727397260, "link": "https://www.sec.gov/Archives/edgar/data/1103982/000104746904025626/0001047469-04-025626-index.htm", "finalLink": "https://www.sec.gov/Archives/edgar/data/1103982/000104746904025626/a2141487z10-q.htm"}, {"date": "2004-03-31", "symbol": "MDLZ", "fillingDate": "2004-05-10", "acceptedDate": "2004-05-10 14:09:30", "period": "Q1", "revenue": 7693000000, "costOfRevenue": 4748000000, "grossProfit": 2945000000, "grossProfitRatio": 0.3828155466008059, "researchAndDevelopmentExpenses": 0.0, "generalAndAdministrativeExpenses": 0.0, "sellingAndMarketingExpenses": 1646000000, "otherExpenses": 165000000, "operatingExpenses": 1646000000, "costAndExpenses": 6394000000, "interestExpense": -165000000, "depreciationAndAmortization": 209000000, "ebitda": 1198000000, "ebitdaratio": 0.15572598466138046, "operatingIncome": 989000000, "operatingIncomeRatio": 0.12855842974132328, "totalOtherIncomeExpensesNet": 0.0, "incomeBeforeTax": 824000000, "incomeBeforeTaxRatio": 0.10711036006759392, "incomeTaxExpense": 263000000, "netIncome": 561000000, "netIncomeRatio": 0.07292343689067984, "eps": 0.33, "epsdiluted": 0.33, "weightedAverageShsOut": 1700000000, "weightedAverageShsOutDil": 1700000000, "link": "https://www.sec.gov/Archives/edgar/data/1103982/000104746904016619/0001047469-04-016619-index.htm", "finalLink": "https://www.sec.gov/Archives/edgar/data/1103982/000104746904016619/a2135826z10-q.htm"}, {"date": "2003-09-30", "symbol": "MDLZ", "fillingDate": "2003-11-13", "acceptedDate": "2003-11-13 15:57:54", "period": "Q3", "revenue": 7480000000, "costOfRevenue": 4559000000, "grossProfit": 2921000000, "grossProfitRatio": 0.3905080213903743, "researchAndDevelopmentExpenses": 0.0, "generalAndAdministrativeExpenses": 0.0, "sellingAndMarketingExpenses": 1526000000, "otherExpenses": 159000000, "operatingExpenses": 1526000000, "costAndExpenses": 6085000000, "interestExpense": -159000000, "depreciationAndAmortization": 202000000, "ebitda": 1612000000, "ebitdaratio": 0.21550802139037434, "operatingIncome": 1410000000, "operatingIncomeRatio": 0.18850267379679145, "totalOtherIncomeExpensesNet": 0.0, "incomeBeforeTax": 1251000000, "incomeBeforeTaxRatio": 0.16724598930481283, "incomeTaxExpense": 439000000, "netIncome": 812000000, "netIncomeRatio": 0.10855614973262032, "eps": 1.51, "epsdiluted": 1.51, "weightedAverageShsOut": 1729139072, "weightedAverageShsOutDil": 1729139072, "link": "https://www.sec.gov/Archives/edgar/data/1103982/000104746903037238/0001047469-03-037238-index.htm", "finalLink": "https://www.sec.gov/Archives/edgar/data/1103982/000104746903037238/a2122198z10-q.htm"}, {"date": "2003-06-30", "symbol": "MDLZ", "fillingDate": "2003-08-13", "acceptedDate": "2003-08-13 11:54:37", "period": "Q2", "revenue": 7841000000, "costOfRevenue": 4695000000, "grossProfit": 3146000000, "grossProfitRatio": 0.4012243336309144, "researchAndDevelopmentExpenses": 0.0, "generalAndAdministrativeExpenses": 0.0, "sellingAndMarketingExpenses": 1515000000, "otherExpenses": 164000000, "operatingExpenses": 1515000000, "costAndExpenses": 6210000000, "interestExpense": -164000000, "depreciationAndAmortization": 195000000, "ebitda": 1823000000, "ebitdaratio": 0.23249585512052034, "operatingIncome": 1628000000, "operatingIncomeRatio": 0.2076265782425711, "totalOtherIncomeExpensesNet": 0.0, "incomeBeforeTax": 1464000000, "incomeBeforeTaxRatio": 0.1867108787144497, "incomeTaxExpense": 514000000, "netIncome": 950000000, "netIncomeRatio": 0.1211580155592399, "eps": 1.04, "epsdiluted": 1.04, "weightedAverageShsOut": 1729807692, "weightedAverageShsOutDil": 1729807692, "link": "https://www.sec.gov/Archives/edgar/data/1103982/000104746903027356/0001047469-03-027356-index.htm", "finalLink": "https://www.sec.gov/Archives/edgar/data/1103982/000104746903027356/a2116254z10-q.htm"}]