[{"date": "2020-03-28", "symbol": "CDNS", "fillingDate": "2020-04-20", "acceptedDate": "2020-04-20 16:14:54", "period": "Q1", "revenue": 617957000, "costOfRevenue": 19017000, "grossProfit": 598940000, "grossProfitRatio": 0.9692260141077778, "researchAndDevelopmentExpenses": 241668000, "generalAndAdministrativeExpenses": 33592000, "sellingAndMarketingExpenses": 125744000, "otherExpenses": -4534000.0, "operatingExpenses": 401004000, "costAndExpenses": 478606000, "interestExpense": 4637000.0, "depreciationAndAmortization": 34281000, "ebitda": 173632000, "ebitdaratio": 0.280977479016, "operatingIncome": 139351000, "operatingIncomeRatio": 0.225502745337, "totalOtherIncomeExpensesNet": -4534000.0, "incomeBeforeTax": 130180000, "incomeBeforeTaxRatio": 0.210661906896, "incomeTaxExpense": 6192000.0, "netIncome": 123988000, "netIncomeRatio": 0.200641792228, "eps": 0.45, "epsdiluted": 0.44, "weightedAverageShsOut": 273476000, "weightedAverageShsOutDil": 279265000, "link": "https://www.sec.gov/Archives/edgar/data/813672/000081367220000013/0000813672-20-000013-index.htm", "finalLink": "https://www.sec.gov/Archives/edgar/data/813672/000081367220000013/a10-qcdns03282020.htm"}, {"date": "2019-12-28", "symbol": "CDNS", "fillingDate": "2020-02-24", "acceptedDate": "2020-02-24 17:22:00", "period": "FY", "revenue": 599555000, "costOfRevenue": 19807000, "grossProfit": 579748000, "grossProfitRatio": 0.9669638315083687, "researchAndDevelopmentExpenses": 235372000, "generalAndAdministrativeExpenses": 42093000, "sellingAndMarketingExpenses": 127267000, "otherExpenses": 0.0, "operatingExpenses": 404732000, "costAndExpenses": 490656000, "interestExpense": 4222000.0, "depreciationAndAmortization": 27920000, "ebitda": 136819000, "ebitdaratio": 0.228200915679, "operatingIncome": 108899000, "operatingIncomeRatio": 0.181633044508, "totalOtherIncomeExpensesNet": 748000.0, "incomeBeforeTax": 105425000, "incomeBeforeTaxRatio": 0.175838747071, "incomeTaxExpense": -554250000, "netIncome": 659675000, "netIncomeRatio": 1.10027437016, "eps": 2.41, "epsdiluted": 2.36, "weightedAverageShsOut": 273239000, "weightedAverageShsOutDil": 280515000, "link": "https://www.sec.gov/Archives/edgar/data/813672/000081367220000007/0000813672-20-000007-index.htm", "finalLink": "https://www.sec.gov/Archives/edgar/data/813672/000081367220000007/cdns1228201910-k.htm"}, {"date": "2019-09-28", "symbol": "CDNS", "fillingDate": "2019-10-21", "acceptedDate": "2019-10-21 16:15:15", "period": "Q3", "revenue": 579603000, "costOfRevenue": 19260000, "grossProfit": 560343000, "grossProfitRatio": 0.9667703583314786, "researchAndDevelopmentExpenses": 240542000, "generalAndAdministrativeExpenses": 33204000, "sellingAndMarketingExpenses": 121368000, "otherExpenses": -5131000.0, "operatingExpenses": 395114000, "costAndExpenses": 458777000, "interestExpense": 4240000.0, "depreciationAndAmortization": 32234000, "ebitda": 153060000, "ebitdaratio": 0.264077308088, "operatingIncome": 120826000, "operatingIncomeRatio": 0.208463379244, "totalOtherIncomeExpensesNet": 122000.0, "incomeBeforeTax": 116708000, "incomeBeforeTaxRatio": 0.201358516088, "incomeTaxExpense": 15194000, "netIncome": 101514000, "netIncomeRatio": 0.175144020994, "eps": 0.38, "epsdiluted": 0.36, "weightedAverageShsOut": 273224000, "weightedAverageShsOutDil": 280817000, "link": "https://www.sec.gov/Archives/edgar/data/813672/000081367219000027/0000813672-19-000027-index.htm", "finalLink": "https://www.sec.gov/Archives/edgar/data/813672/000081367219000027/a10-qcdns09282019.htm"}, {"date": "2019-06-29", "symbol": "CDNS", "fillingDate": "2019-07-22", "acceptedDate": "2019-07-22 17:21:33", "period": "Q2", "revenue": 580419000, "costOfRevenue": 18081000, "grossProfit": 562338000, "grossProfitRatio": 0.9688483664387278, "researchAndDevelopmentExpenses": 231814000, "generalAndAdministrativeExpenses": 34407000, "sellingAndMarketingExpenses": 116208000, "otherExpenses": -110000.0, "operatingExpenses": 382429000, "costAndExpenses": 446744000, "interestExpense": 4976000.0, "depreciationAndAmortization": 34211000, "ebitda": 167886000, "ebitdaratio": 0.289249662744, "operatingIncome": 133675000, "operatingIncomeRatio": 0.230307760428, "totalOtherIncomeExpensesNet": -110000.0, "incomeBeforeTax": 128589000, "incomeBeforeTaxRatio": 0.22154512516, "incomeTaxExpense": 21354000, "netIncome": 107235000, "netIncomeRatio": 0.184754461863, "eps": 0.39, "epsdiluted": 0.38, "weightedAverageShsOut": 273155000, "weightedAverageShsOutDil": 280877000, "link": "https://www.sec.gov/Archives/edgar/data/813672/000081367219000022/0000813672-19-000022-index.htm", "finalLink": "https://www.sec.gov/Archives/edgar/data/813672/000081367219000022/a10-qcdns06292019.htm"}, {"date": "2019-03-30", "symbol": "CDNS", "fillingDate": "2019-04-22", "acceptedDate": "2019-04-22 16:28:39", "period": "Q1", "revenue": 576742000, "costOfRevenue": 20063000, "grossProfit": 556679000, "grossProfitRatio": 0.9652132149210566, "researchAndDevelopmentExpenses": 228210000, "generalAndAdministrativeExpenses": 30102000, "sellingAndMarketingExpenses": 116830000, "otherExpenses": 5241000.0, "operatingExpenses": 375142000, "costAndExpenses": 448346000, "interestExpense": 5391000.0, "depreciationAndAmortization": 29987000, "ebitda": 158383000, "ebitdaratio": 0.27461672637, "operatingIncome": 128396000, "operatingIncomeRatio": 0.222622940587, "totalOtherIncomeExpensesNet": 5241000.0, "incomeBeforeTax": 128246000, "incomeBeforeTaxRatio": 0.222362858956, "incomeTaxExpense": 7691000.0, "netIncome": 120555000, "netIncomeRatio": 0.209027606798, "eps": 0.44, "epsdiluted": 0.43, "weightedAverageShsOut": 273066000, "weightedAverageShsOutDil": 280615000, "link": "https://www.sec.gov/Archives/edgar/data/813672/000081367219000014/0000813672-19-000014-index.htm", "finalLink": "https://www.sec.gov/Archives/edgar/data/813672/000081367219000014/a10-qcdns03302019.htm"}, {"date": "2018-12-29", "symbol": "CDNS", "fillingDate": "2019-02-27", "acceptedDate": "2019-02-27 15:44:54", "period": "FY", "revenue": 569850000, "costOfRevenue": 21376000, "grossProfit": 548474000, "grossProfitRatio": 0.9624883741335439, "researchAndDevelopmentExpenses": 218271000, "generalAndAdministrativeExpenses": 31985000, "sellingAndMarketingExpenses": 112613000, "otherExpenses": 0.0, "operatingExpenses": 362869000, "costAndExpenses": 456160000, "interestExpense": 4318000.0, "depreciationAndAmortization": 29964000, "ebitda": 143654000, "ebitdaratio": 0.252090901114, "operatingIncome": 113690000, "operatingIncomeRatio": 0.199508642625, "totalOtherIncomeExpensesNet": -735000.0, "incomeBeforeTax": 108637000, "incomeBeforeTaxRatio": 0.190641396859, "incomeTaxExpense": 10212000, "netIncome": 98425000, "netIncomeRatio": 0.172720891463, "eps": 0.36, "epsdiluted": 0.35, "weightedAverageShsOut": 273729000, "weightedAverageShsOutDil": 281144000, "link": "https://www.sec.gov/Archives/edgar/data/813672/000081367219000008/0000813672-19-000008-index.htm", "finalLink": "https://www.sec.gov/Archives/edgar/data/813672/000081367219000008/cdns1229201810-k.htm"}, {"date": "2018-09-29", "symbol": "CDNS", "fillingDate": "2018-10-22", "acceptedDate": "2018-10-22 16:17:32", "period": "Q3", "revenue": 532468000, "costOfRevenue": 64360000, "grossProfit": 468108000, "grossProfitRatio": 0.8791288866185386, "researchAndDevelopmentExpenses": 223231000, "generalAndAdministrativeExpenses": 33247000, "sellingAndMarketingExpenses": 108608000, "otherExpenses": 0.0, "operatingExpenses": 365086000, "costAndExpenses": 428838000, "interestExpense": 5177000.0, "depreciationAndAmortization": 30085000, "ebitda": 133715000, "ebitdaratio": 0.251123072185, "operatingIncome": 103630000, "operatingIncomeRatio": 0.194622024234, "totalOtherIncomeExpensesNet": 1106000.0, "incomeBeforeTax": 99559000, "incomeBeforeTaxRatio": 0.186976494362, "incomeTaxExpense": 241000.0, "netIncome": 99318000, "netIncomeRatio": 0.186523885003, "eps": 0.36, "epsdiluted": 0.35, "weightedAverageShsOut": 273718000, "weightedAverageShsOutDil": 281391000, "link": "https://www.sec.gov/Archives/edgar/data/813672/000081367218000025/0000813672-18-000025-index.htm", "finalLink": "https://www.sec.gov/Archives/edgar/data/813672/000081367218000025/a10-qcdns09292018.htm"}, {"date": "2018-06-30", "symbol": "CDNS", "fillingDate": "2018-07-23", "acceptedDate": "2018-07-23 16:15:50", "period": "Q2", "revenue": 518391000, "costOfRevenue": 58960000, "grossProfit": 459431000, "grossProfitRatio": 0.8862634575060138, "researchAndDevelopmentExpenses": 219129000, "generalAndAdministrativeExpenses": 34875000, "sellingAndMarketingExpenses": 109300000, "otherExpenses": 689000.0, "operatingExpenses": 363304000, "costAndExpenses": 425335000, "interestExpense": 6669000.0, "depreciationAndAmortization": 30187000, "ebitda": 123243000, "ebitdaratio": 0.237741395973, "operatingIncome": 93056000, "operatingIncomeRatio": 0.17950928932, "totalOtherIncomeExpensesNet": 3638000.0, "incomeBeforeTax": 90025000, "incomeBeforeTaxRatio": 0.173662351391, "incomeTaxExpense": 14876000, "netIncome": 75149000, "netIncomeRatio": 0.144965865534, "eps": 0.27, "epsdiluted": 0.27, "weightedAverageShsOut": 273703000, "weightedAverageShsOutDil": 281247000, "link": "https://www.sec.gov/Archives/edgar/data/813672/000081367218000020/0000813672-18-000020-index.htm", "finalLink": "https://www.sec.gov/Archives/edgar/data/813672/000081367218000020/a10-qcdns06302018.htm"}, {"date": "2018-03-31", "symbol": "CDNS", "fillingDate": "2018-04-25", "acceptedDate": "2018-04-25 17:26:36", "period": "Q1", "revenue": 517313000, "costOfRevenue": 63209000, "grossProfit": 454104000, "grossProfitRatio": 0.8778128521804014, "researchAndDevelopmentExpenses": 224185000, "generalAndAdministrativeExpenses": 33299000, "sellingAndMarketingExpenses": 109148000, "otherExpenses": -689000.0, "operatingExpenses": 366632000, "costAndExpenses": 431480000, "interestExpense": 6975000.0, "depreciationAndAmortization": 29681000, "ebitda": 115514000, "ebitdaratio": 0.223296147593, "operatingIncome": 85833000, "operatingIncomeRatio": 0.165920825496, "totalOtherIncomeExpensesNet": -689000.0, "incomeBeforeTax": 78169000, "incomeBeforeTaxRatio": 0.151105810215, "incomeTaxExpense": 5284000.0, "netIncome": 72885000, "netIncomeRatio": 0.140891491225, "eps": 0.27, "epsdiluted": 0.26, "weightedAverageShsOut": 273773000, "weightedAverageShsOutDil": 281651000, "link": "https://www.sec.gov/Archives/edgar/data/813672/000081367218000014/0000813672-18-000014-index.htm", "finalLink": "https://www.sec.gov/Archives/edgar/data/813672/000081367218000014/a10-qcdns03312018.htm"}, {"date": "2017-12-30", "symbol": "CDNS", "fillingDate": "2018-02-20", "acceptedDate": "2018-02-20 17:29:46", "period": "FY", "revenue": 501722000, "costOfRevenue": 60284000, "grossProfit": 441438000, "grossProfitRatio": 0.8798458110268236, "researchAndDevelopmentExpenses": 203468000, "generalAndAdministrativeExpenses": 33289000, "sellingAndMarketingExpenses": 107654000, "otherExpenses": 0.0, "operatingExpenses": 344411000, "costAndExpenses": 420444000, "interestExpense": 6712000.0, "depreciationAndAmortization": 29210000, "ebitda": 110488000, "ebitdaratio": 0.220217570687, "operatingIncome": 81278000, "operatingIncomeRatio": 0.161998078617, "totalOtherIncomeExpensesNet": 2385000.0, "incomeBeforeTax": 76951000, "incomeBeforeTaxRatio": 0.153373780699, "incomeTaxExpense": 91393000, "netIncome": -14442000, "netIncomeRatio": -0.02878486492519762, "eps": -0.05, "epsdiluted": -0.05, "weightedAverageShsOut": 272097000, "weightedAverageShsOutDil": 280221000, "link": "https://www.sec.gov/Archives/edgar/data/813672/000081367218000008/0000813672-18-000008-index.htm", "finalLink": "https://www.sec.gov/Archives/edgar/data/813672/000081367218000008/cdns1230201710-k.htm"}, {"date": "2017-09-30", "symbol": "CDNS", "fillingDate": "2017-10-26", "acceptedDate": "2017-10-26 16:42:10", "period": "Q3", "revenue": 485398000, "costOfRevenue": 54482000, "grossProfit": 430916000, "grossProfitRatio": 0.8877580871779447, "researchAndDevelopmentExpenses": 206568000, "generalAndAdministrativeExpenses": 36302000, "sellingAndMarketingExpenses": 104263000, "otherExpenses": 0.0, "operatingExpenses": 347133000, "costAndExpenses": 405013000, "interestExpense": 6225000.0, "depreciationAndAmortization": 28588000, "ebitda": 108973000, "ebitdaratio": 0.22450236713, "operatingIncome": 80385000, "operatingIncomeRatio": 0.165606368382, "totalOtherIncomeExpensesNet": 12387000, "incomeBeforeTax": 86547000, "incomeBeforeTaxRatio": 0.178301105485, "incomeTaxExpense": 5390000.0, "netIncome": 81157000, "netIncomeRatio": 0.167196815809, "eps": 0.29, "epsdiluted": 0.29, "weightedAverageShsOut": 271739000, "weightedAverageShsOutDil": 279554000, "link": "https://www.sec.gov/Archives/edgar/data/813672/000081367217000023/0000813672-17-000023-index.htm", "finalLink": "https://www.sec.gov/Archives/edgar/data/813672/000081367217000023/a10-qcdns09302017.htm"}, {"date": "2017-07-01", "symbol": "CDNS", "fillingDate": "2017-07-24", "acceptedDate": "2017-07-24 16:13:02", "period": "Q2", "revenue": 479001000, "costOfRevenue": 60832000, "grossProfit": 418169000, "grossProfitRatio": 0.8730023528134597, "researchAndDevelopmentExpenses": 195901000, "generalAndAdministrativeExpenses": 32774000, "sellingAndMarketingExpenses": 103897000, "otherExpenses": 0.0, "operatingExpenses": 332572000, "costAndExpenses": 396311000, "interestExpense": 6248000.0, "depreciationAndAmortization": 29693000, "ebitda": 112383000, "ebitdaratio": 0.234619551942, "operatingIncome": 82690000, "operatingIncomeRatio": 0.17263011977, "totalOtherIncomeExpensesNet": 924000.0, "incomeBeforeTax": 77366000, "incomeBeforeTaxRatio": 0.161515320427, "incomeTaxExpense": 8239000.0, "netIncome": 69127000, "netIncomeRatio": 0.1443149388, "eps": 0.26, "epsdiluted": 0.24, "weightedAverageShsOut": 271030000, "weightedAverageShsOutDil": 278631000, "link": "https://www.sec.gov/Archives/edgar/data/813672/000081367217000017/0000813672-17-000017-index.htm", "finalLink": "https://www.sec.gov/Archives/edgar/data/813672/000081367217000017/a10-qcdns07012017.htm"}, {"date": "2017-04-01", "symbol": "CDNS", "fillingDate": "2017-04-25", "acceptedDate": "2017-04-24 21:45:38", "period": "Q1", "revenue": 476911000, "costOfRevenue": 61792000, "grossProfit": 415119000, "grossProfitRatio": 0.870432848057604, "researchAndDevelopmentExpenses": 198286000, "generalAndAdministrativeExpenses": 31816000, "sellingAndMarketingExpenses": 103347000, "otherExpenses": 0.0, "operatingExpenses": 333449000, "costAndExpenses": 397309000, "interestExpense": 6479000.0, "depreciationAndAmortization": 29244000, "ebitda": 108846000, "ebitdaratio": 0.228231263276, "operatingIncome": 79602000, "operatingIncomeRatio": 0.166911645988, "totalOtherIncomeExpensesNet": 1059000.0, "incomeBeforeTax": 74182000, "incomeBeforeTaxRatio": 0.155546842073, "incomeTaxExpense": 5923000.0, "netIncome": 68259000, "netIncomeRatio": 0.143127334031, "eps": 0.25, "epsdiluted": 0.25, "weightedAverageShsOut": 270173000, "weightedAverageShsOutDil": 277736000, "link": "https://www.sec.gov/Archives/edgar/data/813672/000081367217000011/0000813672-17-000011-index.htm", "finalLink": "https://www.sec.gov/Archives/edgar/data/813672/000081367217000011/a10-qcdns04012017.htm"}, {"date": "2016-12-31", "symbol": "CDNS", "fillingDate": "2017-02-10", "acceptedDate": "2017-02-10 16:54:01", "period": "FY", "revenue": 468980000, "costOfRevenue": 76048000, "grossProfit": 392932000, "grossProfitRatio": 0.8378438312934453, "researchAndDevelopmentExpenses": 181516000, "generalAndAdministrativeExpenses": 29977000, "sellingAndMarketingExpenses": 98091000, "otherExpenses": 0.0, "operatingExpenses": 309584000, "costAndExpenses": 415863000, "interestExpense": 6364000.0, "depreciationAndAmortization": 30139000, "ebitda": 83256000, "ebitdaratio": 0.177525694059, "operatingIncome": 53117000, "operatingIncomeRatio": 0.11326069342, "totalOtherIncomeExpensesNet": 5481000.0, "incomeBeforeTax": 52234000, "incomeBeforeTaxRatio": 0.111377883918, "incomeTaxExpense": 13757000, "netIncome": 38477000, "netIncomeRatio": 0.0820440104056, "eps": 0.14, "epsdiluted": 0.14, "weightedAverageShsOut": 284502000, "weightedAverageShsOutDil": 291256000, "link": "https://www.sec.gov/Archives/edgar/data/813672/000081367217000006/0000813672-17-000006-index.htm", "finalLink": "https://www.sec.gov/Archives/edgar/data/813672/000081367217000006/cdns1231201610-k.htm"}, {"date": "2016-10-01", "symbol": "CDNS", "fillingDate": "2016-10-24", "acceptedDate": "2016-10-24 16:38:30", "period": "Q3", "revenue": 446220000, "costOfRevenue": 56607000, "grossProfit": 389613000, "grossProfitRatio": 0.8731410514992605, "researchAndDevelopmentExpenses": 191547000, "generalAndAdministrativeExpenses": 30441000, "sellingAndMarketingExpenses": 96793000, "otherExpenses": 0.0, "operatingExpenses": 318781000, "costAndExpenses": 379378000, "interestExpense": 6053000.0, "depreciationAndAmortization": 27232000, "ebitda": 94074000, "ebitdaratio": 0.210824257093, "operatingIncome": 66842000, "operatingIncomeRatio": 0.149796064721, "totalOtherIncomeExpensesNet": 2836000.0, "incomeBeforeTax": 63625000, "incomeBeforeTaxRatio": 0.142586616467, "incomeTaxExpense": -1087000.0, "netIncome": 64712000, "netIncomeRatio": 0.145022634575, "eps": 0.23, "epsdiluted": 0.23, "weightedAverageShsOut": 288476000, "weightedAverageShsOutDil": 295369000, "link": "https://www.sec.gov/Archives/edgar/data/813672/000081367216000056/0000813672-16-000056-index.htm", "finalLink": "https://www.sec.gov/Archives/edgar/data/813672/000081367216000056/a10-qcdns10012016.htm"}, {"date": "2016-07-02", "symbol": "CDNS", "fillingDate": "2016-07-25", "acceptedDate": "2016-07-25 16:16:01", "period": "Q2", "revenue": 453021000, "costOfRevenue": 61783000, "grossProfit": 391238000, "grossProfitRatio": 0.8636200087854647, "researchAndDevelopmentExpenses": 182371000, "generalAndAdministrativeExpenses": 36388000, "sellingAndMarketingExpenses": 101110000, "otherExpenses": 0.0, "operatingExpenses": 319869000, "costAndExpenses": 386115000, "interestExpense": 5896000.0, "depreciationAndAmortization": 31800000, "ebitda": 98706000, "ebitdaratio": 0.217883939155, "operatingIncome": 66906000, "operatingIncomeRatio": 0.147688517751, "totalOtherIncomeExpensesNet": 2842000.0, "incomeBeforeTax": 63852000, "incomeBeforeTaxRatio": 0.140947108412, "incomeTaxExpense": 14517000, "netIncome": 49335000, "netIncomeRatio": 0.10890223632, "eps": 0.17, "epsdiluted": 0.16, "weightedAverageShsOut": 292403000, "weightedAverageShsOutDil": 299318000, "link": "https://www.sec.gov/Archives/edgar/data/813672/000081367216000050/0000813672-16-000050-index.htm", "finalLink": "https://www.sec.gov/Archives/edgar/data/813672/000081367216000050/a10-qcdns07022016.htm"}, {"date": "2016-04-02", "symbol": "CDNS", "fillingDate": "2016-04-25", "acceptedDate": "2016-04-25 16:18:48", "period": "Q1", "revenue": 447862000, "costOfRevenue": 62054000, "grossProfit": 385808000, "grossProfitRatio": 0.8614439269239186, "researchAndDevelopmentExpenses": 179906000, "generalAndAdministrativeExpenses": 28300000, "sellingAndMarketingExpenses": 99200000, "otherExpenses": 0.0, "operatingExpenses": 307406000, "costAndExpenses": 389826000, "interestExpense": 5357000.0, "depreciationAndAmortization": 31486000, "ebitda": 89522000, "ebitdaratio": 0.199887465335, "operatingIncome": 58036000, "operatingIncomeRatio": 0.129584559529, "totalOtherIncomeExpensesNet": 4763000.0, "incomeBeforeTax": 57442000, "incomeBeforeTaxRatio": 0.128258258124, "incomeTaxExpense": 6880000.0, "netIncome": 50562000, "netIncomeRatio": 0.112896383261, "eps": 0.17, "epsdiluted": 0.17, "weightedAverageShsOut": 296615000, "weightedAverageShsOutDil": 303434000, "link": "https://www.sec.gov/Archives/edgar/data/813672/000081367216000045/0000813672-16-000045-index.htm", "finalLink": "https://www.sec.gov/Archives/edgar/data/813672/000081367216000045/a10-qcdns04022016.htm"}, {"date": "2016-01-02", "symbol": "CDNS", "fillingDate": "2016-02-18", "acceptedDate": "2016-02-18 17:27:00", "period": "FY", "revenue": 441079000, "costOfRevenue": 60902000, "grossProfit": 380177000, "grossProfitRatio": 0.8619249612881139, "researchAndDevelopmentExpenses": 161970000, "generalAndAdministrativeExpenses": 26789000, "sellingAndMarketingExpenses": 103552000, "otherExpenses": -7967000.0, "operatingExpenses": 292311000, "costAndExpenses": 359239000, "interestExpense": 4200000.0, "depreciationAndAmortization": 30376000, "ebitda": 112216000, "ebitdaratio": 0.254412474863, "operatingIncome": 81840000, "operatingIncomeRatio": 0.185544993074, "totalOtherIncomeExpensesNet": 2510000.0, "incomeBeforeTax": 80150000, "incomeBeforeTaxRatio": 0.181713479898, "incomeTaxExpense": -224000.0, "netIncome": 80374000, "netIncomeRatio": 0.182221325431, "eps": 0.28, "epsdiluted": 0.26, "weightedAverageShsOut": 288018000, "weightedAverageShsOutDil": 312302000, "link": "https://www.sec.gov/Archives/edgar/data/813672/000081367216000040/0000813672-16-000040-index.htm", "finalLink": "https://www.sec.gov/Archives/edgar/data/813672/000081367216000040/cdns0102201610-k.htm"}, {"date": "2015-10-03", "symbol": "CDNS", "fillingDate": "2015-10-27", "acceptedDate": "2015-10-26 17:43:10", "period": "Q3", "revenue": 433763000, "costOfRevenue": 65211000, "grossProfit": 368552000, "grossProfitRatio": 0.8496621426908243, "researchAndDevelopmentExpenses": 154627000, "generalAndAdministrativeExpenses": 28084000, "sellingAndMarketingExpenses": 101950000, "otherExpenses": 7967000.0, "operatingExpenses": 284661000, "costAndExpenses": 355862000, "interestExpense": 4177000.0, "depreciationAndAmortization": 29257000, "ebitda": 107158000, "ebitdaratio": 0.247042739929, "operatingIncome": 77901000, "operatingIncomeRatio": 0.179593464634, "totalOtherIncomeExpensesNet": 1839000.0, "incomeBeforeTax": 75563000, "incomeBeforeTaxRatio": 0.174203424451, "incomeTaxExpense": -2061000.0, "netIncome": 77624000, "netIncomeRatio": 0.178954867059, "eps": 0.27, "epsdiluted": 0.25, "weightedAverageShsOut": 284880000, "weightedAverageShsOutDil": 312899000, "link": "https://www.sec.gov/Archives/edgar/data/813672/000081367215000032/0000813672-15-000032-index.htm", "finalLink": "https://www.sec.gov/Archives/edgar/data/813672/000081367215000032/a10-qcdns10032015.htm"}, {"date": "2015-07-04", "symbol": "CDNS", "fillingDate": "2015-07-27", "acceptedDate": "2015-07-27 16:13:56", "period": "Q2", "revenue": 415883000, "costOfRevenue": 51755000, "grossProfit": 364128000, "grossProfitRatio": 0.8755539418538387, "researchAndDevelopmentExpenses": 157974000, "generalAndAdministrativeExpenses": 27467000, "sellingAndMarketingExpenses": 96662000, "otherExpenses": 0.0, "operatingExpenses": 282103000, "costAndExpenses": 339479000, "interestExpense": 8180000.0, "depreciationAndAmortization": 32556000, "ebitda": 108960000, "ebitdaratio": 0.261996763513, "operatingIncome": 76404000, "operatingIncomeRatio": 0.183715131419, "totalOtherIncomeExpensesNet": 1347000.0, "incomeBeforeTax": 69571000, "incomeBeforeTaxRatio": 0.167285029684, "incomeTaxExpense": 11411000, "netIncome": 58160000, "netIncomeRatio": 0.139847024283, "eps": 0.2, "epsdiluted": 0.18, "weightedAverageShsOut": 284910000, "weightedAverageShsOutDil": 312756000, "link": "https://www.sec.gov/Archives/edgar/data/813672/000081367215000024/0000813672-15-000024-index.htm", "finalLink": "https://www.sec.gov/Archives/edgar/data/813672/000081367215000024/a10-qcdns07042015.htm"}, {"date": "2015-04-04", "symbol": "CDNS", "fillingDate": "2015-04-27", "acceptedDate": "2015-04-27 16:12:51", "period": "Q1", "revenue": 411366000, "costOfRevenue": 60585000, "grossProfit": 350781000, "grossProfitRatio": 0.8527223931972988, "researchAndDevelopmentExpenses": 162996000, "generalAndAdministrativeExpenses": 27642000, "sellingAndMarketingExpenses": 100268000, "otherExpenses": 0.0, "operatingExpenses": 290906000, "costAndExpenses": 362081000, "interestExpense": 11754000, "depreciationAndAmortization": 35378000, "ebitda": 84663000, "ebitdaratio": 0.205809425183, "operatingIncome": 49285000, "operatingIncomeRatio": 0.119808151379, "totalOtherIncomeExpensesNet": 4781000.0, "incomeBeforeTax": 42312000, "incomeBeforeTaxRatio": 0.102857309549, "incomeTaxExpense": 6053000.0, "netIncome": 36259000, "netIncomeRatio": 0.0881429189578, "eps": 0.13, "epsdiluted": 0.12, "weightedAverageShsOut": 284523000, "weightedAverageShsOutDil": 311847000, "link": "https://www.sec.gov/Archives/edgar/data/813672/000081367215000013/0000813672-15-000013-index.htm", "finalLink": "https://www.sec.gov/Archives/edgar/data/813672/000081367215000013/a10-qcdns04042015.htm"}, {"date": "2015-01-03", "symbol": "CDNS", "fillingDate": "2015-02-20", "acceptedDate": "2015-02-19 20:16:14", "period": "FY", "revenue": 423098000, "costOfRevenue": 58115000, "grossProfit": 364983000, "grossProfitRatio": 0.8626441155476982, "researchAndDevelopmentExpenses": 155124000, "generalAndAdministrativeExpenses": 26939000, "sellingAndMarketingExpenses": 102367000, "otherExpenses": -4600000.0, "operatingExpenses": 284430000, "costAndExpenses": 348312000, "interestExpense": 11961000, "depreciationAndAmortization": 37004000, "ebitda": 111790000, "ebitdaratio": 0.264217746243, "operatingIncome": 74786000, "operatingIncomeRatio": 0.176758103324, "totalOtherIncomeExpensesNet": 3879000.0, "incomeBeforeTax": 66704000, "incomeBeforeTaxRatio": 0.157656145857, "incomeTaxExpense": 1674000.0, "netIncome": 65030000, "netIncomeRatio": 0.153699615692, "eps": 0.23, "epsdiluted": 0.21, "weightedAverageShsOut": 283349000, "weightedAverageShsOutDil": 306775000, "link": "https://www.sec.gov/Archives/edgar/data/813672/000081367215000008/0000813672-15-000008-index.htm", "finalLink": "https://www.sec.gov/Archives/edgar/data/813672/000081367215000008/cdns0103201510-k.htm"}, {"date": "2014-09-27", "symbol": "CDNS", "fillingDate": "2014-10-20", "acceptedDate": "2014-10-20 16:14:31", "period": "Q3", "revenue": 400496000, "costOfRevenue": 54079000, "grossProfit": 346417000, "grossProfitRatio": 0.8649699372777756, "researchAndDevelopmentExpenses": 148744000, "generalAndAdministrativeExpenses": 25894000, "sellingAndMarketingExpenses": 100387000, "otherExpenses": 4600000.0, "operatingExpenses": 275025000, "costAndExpenses": 346447000, "interestExpense": 7523000.0, "depreciationAndAmortization": 35736000, "ebitda": 89785000, "ebitdaratio": 0.224184511206, "operatingIncome": 54049000, "operatingIncomeRatio": 0.134955155607, "totalOtherIncomeExpensesNet": -417000.0, "incomeBeforeTax": 46109000, "incomeBeforeTaxRatio": 0.115129739123, "incomeTaxExpense": 8574000.0, "netIncome": 37535000, "netIncomeRatio": 0.0937212856058, "eps": 0.13, "epsdiluted": 0.12, "weightedAverageShsOut": 283141000, "weightedAverageShsOutDil": 305595000, "link": "https://www.sec.gov/Archives/edgar/data/813672/000081367214000026/0000813672-14-000026-index.htm", "finalLink": "https://www.sec.gov/Archives/edgar/data/813672/000081367214000026/a10-qcdns09272014.htm"}, {"date": "2014-06-28", "symbol": "CDNS", "fillingDate": "2014-07-21", "acceptedDate": "2014-07-21 16:16:45", "period": "Q2", "revenue": 378788000, "costOfRevenue": 54413000, "grossProfit": 324375000, "grossProfitRatio": 0.8563497259680877, "researchAndDevelopmentExpenses": 152672000, "generalAndAdministrativeExpenses": 32042000, "sellingAndMarketingExpenses": 98611000, "otherExpenses": 0.0, "operatingExpenses": 283325000, "costAndExpenses": 343291000, "interestExpense": 7369000.0, "depreciationAndAmortization": 32524000, "ebitda": 68021000, "ebitdaratio": 0.179575382536, "operatingIncome": 35497000, "operatingIncomeRatio": 0.0937120500121, "totalOtherIncomeExpensesNet": 1635000.0, "incomeBeforeTax": 29763000, "incomeBeforeTaxRatio": 0.0785742948562, "incomeTaxExpense": 6500000.0, "netIncome": 23263000, "netIncomeRatio": 0.0614143003474, "eps": 0.08, "epsdiluted": 0.08, "weightedAverageShsOut": 282480000, "weightedAverageShsOutDil": 303395000, "link": "https://www.sec.gov/Archives/edgar/data/813672/000081367214000021/0000813672-14-000021-index.htm", "finalLink": "https://www.sec.gov/Archives/edgar/data/813672/000081367214000021/a10-qcdns06282014.htm"}, {"date": "2014-03-29", "symbol": "CDNS", "fillingDate": "2014-04-21", "acceptedDate": "2014-04-21 16:17:46", "period": "Q1", "revenue": 378550000, "costOfRevenue": 57099000, "grossProfit": 321451000, "grossProfitRatio": 0.8491639149385815, "researchAndDevelopmentExpenses": 146466000, "generalAndAdministrativeExpenses": 28744000, "sellingAndMarketingExpenses": 98323000, "otherExpenses": 0.0, "operatingExpenses": 273533000, "costAndExpenses": 336238000, "interestExpense": 7268000.0, "depreciationAndAmortization": 30899000, "ebitda": 73211000, "ebitdaratio": 0.193398494254, "operatingIncome": 42312000, "operatingIncomeRatio": 0.111773873993, "totalOtherIncomeExpensesNet": 3382000.0, "incomeBeforeTax": 38426000, "incomeBeforeTaxRatio": 0.101508387267, "incomeTaxExpense": 5356000.0, "netIncome": 33070000, "netIncomeRatio": 0.0873596618677, "eps": 0.12, "epsdiluted": 0.11, "weightedAverageShsOut": 281615000, "weightedAverageShsOutDil": 301034000, "link": "https://www.sec.gov/Archives/edgar/data/813672/000081367214000013/0000813672-14-000013-index.htm", "finalLink": "https://www.sec.gov/Archives/edgar/data/813672/000081367214000013/a10-qcdns03292014.htm"}, {"date": "2013-12-28", "symbol": "CDNS", "fillingDate": "2014-02-20", "acceptedDate": "2014-02-20 12:31:49", "period": "FY", "revenue": 376722000, "costOfRevenue": 59031000, "grossProfit": 317691000, "grossProfitRatio": 0.8433035500979502, "researchAndDevelopmentExpenses": 135465000, "generalAndAdministrativeExpenses": 29481000, "sellingAndMarketingExpenses": 94384000, "otherExpenses": -6728000.0, "operatingExpenses": 259330000, "costAndExpenses": 338923000, "interestExpense": 9208000.0, "depreciationAndAmortization": 31909000, "ebitda": 69708000, "ebitdaratio": 0.185038304108, "operatingIncome": 37799000, "operatingIncomeRatio": 0.100336587723, "totalOtherIncomeExpensesNet": 842000.0, "incomeBeforeTax": 29433000, "incomeBeforeTaxRatio": 0.0781292305732, "incomeTaxExpense": -8272000.0, "netIncome": 37705000, "netIncomeRatio": 0.100087066856, "eps": 0.13, "epsdiluted": 0.13, "weightedAverageShsOut": 277796000, "weightedAverageShsOutDil": 294564000, "link": "https://www.sec.gov/Archives/edgar/data/813672/000081367214000008/0000813672-14-000008-index.htm", "finalLink": "https://www.sec.gov/Archives/edgar/data/813672/000081367214000008/cdns1228201310-k.htm"}, {"date": "2013-09-28", "symbol": "CDNS", "fillingDate": "2013-10-24", "acceptedDate": "2013-10-24 13:38:53", "period": "Q3", "revenue": 366647000, "costOfRevenue": 49736000, "grossProfit": 316911000, "grossProfitRatio": 0.8643490878147101, "researchAndDevelopmentExpenses": 138078000, "generalAndAdministrativeExpenses": 27582000, "sellingAndMarketingExpenses": 98094000, "otherExpenses": 6728000.0, "operatingExpenses": 263754000, "costAndExpenses": 318717000, "interestExpense": 9583000.0, "depreciationAndAmortization": 32181000, "ebitda": 80111000, "ebitdaratio": 0.2184962648, "operatingIncome": 47930000, "operatingIncomeRatio": 0.130725193442, "totalOtherIncomeExpensesNet": 2535000.0, "incomeBeforeTax": 40882000, "incomeBeforeTaxRatio": 0.111502344217, "incomeTaxExpense": 2382000.0, "netIncome": 38500000, "netIncomeRatio": 0.10500563212, "eps": 0.14, "epsdiluted": 0.13, "weightedAverageShsOut": 277034000, "weightedAverageShsOutDil": 294531000, "link": "https://www.sec.gov/Archives/edgar/data/813672/000081367213000027/0000813672-13-000027-index.htm", "finalLink": "https://www.sec.gov/Archives/edgar/data/813672/000081367213000027/a10-qcdns09282013.htm"}, {"date": "2013-06-29", "symbol": "CDNS", "fillingDate": "2013-07-25", "acceptedDate": "2013-07-25 14:46:30", "period": "Q2", "revenue": 362481000, "costOfRevenue": 43243000, "grossProfit": 319238000, "grossProfitRatio": 0.8807027126939068, "researchAndDevelopmentExpenses": 136395000, "generalAndAdministrativeExpenses": 34441000, "sellingAndMarketingExpenses": 95277000, "otherExpenses": 0.0, "operatingExpenses": 266113000, "costAndExpenses": 317339000, "interestExpense": 9528000.0, "depreciationAndAmortization": 31639000, "ebitda": 76781000, "ebitdaratio": 0.211820757502, "operatingIncome": 45142000, "operatingIncomeRatio": 0.124536182586, "totalOtherIncomeExpensesNet": 2018000.0, "incomeBeforeTax": 37632000, "incomeBeforeTaxRatio": 0.103817855281, "incomeTaxExpense": 28203000, "netIncome": 9429000.0, "netIncomeRatio": 0.0260123978912, "eps": 0.03, "epsdiluted": 0.03, "weightedAverageShsOut": 276018000, "weightedAverageShsOutDil": 293274000, "link": "https://www.sec.gov/Archives/edgar/data/813672/000081367213000021/0000813672-13-000021-index.htm", "finalLink": "https://www.sec.gov/Archives/edgar/data/813672/000081367213000021/a10-qcdns06292013.htm"}, {"date": "2013-03-30", "symbol": "CDNS", "fillingDate": "2013-04-25", "acceptedDate": "2013-04-25 15:20:05", "period": "Q1", "revenue": 354266000, "costOfRevenue": 48191000, "grossProfit": 306075000, "grossProfitRatio": 0.8639694466869527, "researchAndDevelopmentExpenses": 124084000, "generalAndAdministrativeExpenses": 29810000, "sellingAndMarketingExpenses": 90402000, "otherExpenses": 0.0, "operatingExpenses": 244296000, "costAndExpenses": 296130000, "interestExpense": 9262000.0, "depreciationAndAmortization": 27963000, "ebitda": 86099000, "ebitdaratio": 0.243034894684, "operatingIncome": 58136000, "operatingIncomeRatio": 0.164102679907, "totalOtherIncomeExpensesNet": 2175000.0, "incomeBeforeTax": 51049000, "incomeBeforeTaxRatio": 0.144097937708, "incomeTaxExpense": -27560000, "netIncome": 78609000, "netIncomeRatio": 0.221892589184, "eps": 0.29, "epsdiluted": 0.27, "weightedAverageShsOut": 274936000, "weightedAverageShsOutDil": 292151000, "link": "https://www.sec.gov/Archives/edgar/data/813672/000081367213000015/0000813672-13-000015-index.htm", "finalLink": "https://www.sec.gov/Archives/edgar/data/813672/000081367213000015/a10-qcdns03302013.htm"}, {"date": "2012-12-29", "symbol": "CDNS", "fillingDate": "2013-02-21", "acceptedDate": "2013-02-21 17:09:49", "period": "FY", "revenue": 345585000, "costOfRevenue": 13069000, "grossProfit": 332516000, "grossProfitRatio": 0.9621829651171202, "researchAndDevelopmentExpenses": 118382000, "generalAndAdministrativeExpenses": 27712000, "sellingAndMarketingExpenses": 95604000, "otherExpenses": -5972000.0, "operatingExpenses": 241698000, "costAndExpenses": 289324000, "interestExpense": 8902000.0, "depreciationAndAmortization": 28079000, "ebitda": 84340000, "ebitdaratio": 0.244049944297, "operatingIncome": 56261000, "operatingIncomeRatio": 0.162799311313, "totalOtherIncomeExpensesNet": 5369000.0, "incomeBeforeTax": 52728000, "incomeBeforeTaxRatio": 0.15257606667, "incomeTaxExpense": -261146000, "netIncome": 313874000, "netIncomeRatio": 0.908239651605, "eps": 1.16, "epsdiluted": 1.12, "weightedAverageShsOut": 270479000, "weightedAverageShsOutDil": 280667000, "link": "https://www.sec.gov/Archives/edgar/data/813672/000081367213000007/0000813672-13-000007-index.htm", "finalLink": "https://www.sec.gov/Archives/edgar/data/813672/000081367213000007/cdns1229201210-k.htm"}, {"date": "2012-09-29", "symbol": "CDNS", "fillingDate": "2012-10-25", "acceptedDate": "2012-10-25 17:03:10", "period": "Q3", "revenue": 980839000, "costOfRevenue": 60323000, "grossProfit": 920516000, "grossProfitRatio": 0.9384985711212543, "researchAndDevelopmentExpenses": 335703000, "generalAndAdministrativeExpenses": 84364000, "sellingAndMarketingExpenses": 246674000, "otherExpenses": 5972000.0, "operatingExpenses": 666741000, "costAndExpenses": 825428000, "interestExpense": 25840000, "depreciationAndAmortization": 84651000, "ebitda": 240062000, "ebitdaratio": 0.244751687076, "operatingIncome": 155411000, "operatingIncomeRatio": 0.158447003025, "totalOtherIncomeExpensesNet": -131000.0, "incomeBeforeTax": 135543000, "incomeBeforeTaxRatio": 0.138190875363, "incomeTaxExpense": 9469000.0, "netIncome": 126074000, "netIncomeRatio": 0.128536895454, "eps": 0.47, "epsdiluted": 0.45, "weightedAverageShsOut": 269643000, "weightedAverageShsOutDil": 278760000, "link": "https://www.sec.gov/Archives/edgar/data/813672/000144530512003230/0001445305-12-003230-index.htm", "finalLink": "https://www.sec.gov/Archives/edgar/data/813672/000144530512003230/cdns0929201210-q.htm"}, {"date": "2012-06-30", "symbol": "CDNS", "fillingDate": "2012-07-26", "acceptedDate": "2012-07-26 16:16:27", "period": "Q2", "revenue": 326476000, "costOfRevenue": 49477000, "grossProfit": 276999000, "grossProfitRatio": 0.84845134098678, "researchAndDevelopmentExpenses": 112031000, "generalAndAdministrativeExpenses": 30244000, "sellingAndMarketingExpenses": 80418000, "otherExpenses": 0.0, "operatingExpenses": 222693000, "costAndExpenses": 275856000, "interestExpense": 0.0, "depreciationAndAmortization": 21797000, "ebitda": 72417000, "ebitdaratio": 0.2218141609184136, "operatingIncome": 50620000, "operatingIncomeRatio": 0.15504968205932443, "totalOtherIncomeExpensesNet": 3669000.0, "incomeBeforeTax": 45723000, "incomeBeforeTaxRatio": 0.14005011088104485, "incomeTaxExpense": 9337000.0, "netIncome": 36386000, "netIncomeRatio": 0.11145076514046974, "eps": 0.0, "epsdiluted": 0.0, "weightedAverageShsOut": 269643000, "weightedAverageShsOutDil": 278760000, "link": "https://www.sec.gov/Archives/edgar/data/813672/000119312512316862/0001193125-12-316862-index.htm", "finalLink": "https://www.sec.gov/Archives/edgar/data/813672/000119312512316862/d361299d10q.htm"}, {"date": "2012-03-31", "symbol": "CDNS", "fillingDate": "2012-04-27", "acceptedDate": "2012-04-27 16:29:30", "period": "Q1", "revenue": 315830000, "costOfRevenue": 46586000, "grossProfit": 269244000, "grossProfitRatio": 0.8524965962701453, "researchAndDevelopmentExpenses": 108594000, "generalAndAdministrativeExpenses": 27770000, "sellingAndMarketingExpenses": 83795000, "otherExpenses": 0.0, "operatingExpenses": 220159000, "costAndExpenses": 270480000, "interestExpense": 0.0, "depreciationAndAmortization": 21939000, "ebitda": 67289000, "ebitdaratio": 0.21305449134027798, "operatingIncome": 45350000, "operatingIncomeRatio": 0.1435899059620682, "totalOtherIncomeExpensesNet": 2434000.0, "incomeBeforeTax": 39247000, "incomeBeforeTaxRatio": 0.12426621916854004, "incomeTaxExpense": 8143000.0, "netIncome": 31104000, "netIncomeRatio": 0.09848336130196625, "eps": 0.0, "epsdiluted": 0.0, "weightedAverageShsOut": 269643000, "weightedAverageShsOutDil": 278760000, "link": "https://www.sec.gov/Archives/edgar/data/813672/000119312512191236/0001193125-12-191236-index.htm", "finalLink": "https://www.sec.gov/Archives/edgar/data/813672/000119312512191236/d321869d10q.htm"}, {"date": "2011-12-31", "symbol": "CDNS", "fillingDate": "2012-02-24", "acceptedDate": "2012-02-23 21:44:40", "period": "FY", "revenue": 308006000, "costOfRevenue": 48765000, "grossProfit": 259241000, "grossProfitRatio": 0.8416751621721654, "researchAndDevelopmentExpenses": 97024000, "generalAndAdministrativeExpenses": 24143000, "sellingAndMarketingExpenses": 88506000, "otherExpenses": 18074000, "operatingExpenses": 209673000, "costAndExpenses": 262307000, "interestExpense": 0.0, "depreciationAndAmortization": 22714000, "ebitda": 68413000, "ebitdaratio": 0.2221158029389038, "operatingIncome": 45699000, "operatingIncomeRatio": 0.14837048628922814, "totalOtherIncomeExpensesNet": 18074000, "incomeBeforeTax": 33225000, "incomeBeforeTaxRatio": 0.10787127523489802, "incomeTaxExpense": 22333000, "netIncome": 10892000, "netIncomeRatio": 0.035362947475049186, "eps": 0.0, "epsdiluted": 0.0, "weightedAverageShsOut": 263149000, "weightedAverageShsOutDil": 263149000, "link": "https://www.sec.gov/Archives/edgar/data/813672/000119312512076117/0001193125-12-076117-index.htm", "finalLink": "https://www.sec.gov/Archives/edgar/data/813672/000119312512076117/d254788d10k.htm"}, {"date": "2011-10-01", "symbol": "CDNS", "fillingDate": "2011-10-28", "acceptedDate": "2011-10-28 16:17:14", "period": "Q3", "revenue": 292457000, "costOfRevenue": 49818000, "grossProfit": 242639000, "grossProfitRatio": 0.829657009406511, "researchAndDevelopmentExpenses": 303721000, "generalAndAdministrativeExpenses": 24041000, "sellingAndMarketingExpenses": 79914000, "otherExpenses": -12863000, "operatingExpenses": 407676000, "costAndExpenses": 260280000, "interestExpense": 0.0, "depreciationAndAmortization": 22651000, "ebitda": 54828000, "ebitdaratio": 0.1874737140844637, "operatingIncome": 32177000, "operatingIncomeRatio": 0.11002301192995893, "totalOtherIncomeExpensesNet": -12863000, "incomeBeforeTax": 28591000, "incomeBeforeTaxRatio": 0.0977613803054808, "incomeTaxExpense": 485000.0, "netIncome": 28106000, "netIncomeRatio": 0.0961030168537597, "eps": 0.0, "epsdiluted": 0.0, "weightedAverageShsOut": 269643000, "weightedAverageShsOutDil": 278760000, "link": "https://www.sec.gov/Archives/edgar/data/813672/000119312511286241/0001193125-11-286241-index.htm", "finalLink": "https://www.sec.gov/Archives/edgar/data/813672/000119312511286241/d241902d10q.htm"}, {"date": "2011-07-02", "symbol": "CDNS", "fillingDate": "2011-07-29", "acceptedDate": "2011-07-29 15:24:07", "period": "Q2", "revenue": 283270000, "costOfRevenue": 71481000, "grossProfit": 211789000, "grossProfitRatio": 0.7476577117237971, "researchAndDevelopmentExpenses": -101299000, "generalAndAdministrativeExpenses": 25377000, "sellingAndMarketingExpenses": 77006000, "otherExpenses": 12863000, "operatingExpenses": 1084000.0, "costAndExpenses": 258313000, "interestExpense": 0.0, "depreciationAndAmortization": 23376000, "ebitda": 48333000, "ebitdaratio": 0.17062519857379885, "operatingIncome": 24957000, "operatingIncomeRatio": 0.08810322307339287, "totalOtherIncomeExpensesNet": 8394000.0, "incomeBeforeTax": 22583000, "incomeBeforeTaxRatio": 0.07972252621174145, "incomeTaxExpense": -4325000.0, "netIncome": 26908000, "netIncomeRatio": 0.09499064496769866, "eps": 0.0, "epsdiluted": 0.0, "weightedAverageShsOut": 269643000, "weightedAverageShsOutDil": 278760000, "link": "https://www.sec.gov/Archives/edgar/data/813672/000095012311070291/0000950123-11-070291-index.htm", "finalLink": "https://www.sec.gov/Archives/edgar/data/813672/000095012311070291/f59212e10vq.htm"}, {"date": "2011-04-02", "symbol": "CDNS", "fillingDate": "2011-04-29", "acceptedDate": "2011-04-29 14:36:23", "period": "Q1", "revenue": 266102000, "costOfRevenue": 25092000, "grossProfit": 241010000, "grossProfitRatio": 0.905705331038474, "researchAndDevelopmentExpenses": 101299000, "generalAndAdministrativeExpenses": 19302000, "sellingAndMarketingExpenses": 78372000, "otherExpenses": 0.0, "operatingExpenses": 198973000, "costAndExpenses": 248558000, "interestExpense": 0.0, "depreciationAndAmortization": 22907000, "ebitda": 40451000, "ebitdaratio": 0.15201313781933243, "operatingIncome": 17544000, "operatingIncomeRatio": 0.06592960594057917, "totalOtherIncomeExpensesNet": 4469000.0, "incomeBeforeTax": 11027000, "incomeBeforeTaxRatio": 0.04143899707630908, "incomeTaxExpense": 4704000.0, "netIncome": 6323000.0, "netIncomeRatio": 0.02376156511412917, "eps": 0.0, "epsdiluted": 0.0, "weightedAverageShsOut": 0.0, "weightedAverageShsOutDil": 0.0, "link": "https://www.sec.gov/Archives/edgar/data/813672/000095012311041834/0000950123-11-041834-index.htm", "finalLink": "https://www.sec.gov/Archives/edgar/data/813672/000095012311041834/f58675e10vq.htm"}, {"date": "2011-01-01", "symbol": "CDNS", "fillingDate": "2011-02-24", "acceptedDate": "2011-02-24 17:17:17", "period": "FY", "revenue": 249018000, "costOfRevenue": 38849000, "grossProfit": 210169000, "grossProfitRatio": 0.8439911974234794, "researchAndDevelopmentExpenses": 97828000, "generalAndAdministrativeExpenses": 21421000, "sellingAndMarketingExpenses": 83218000, "otherExpenses": 2574000.0, "operatingExpenses": 202467000, "costAndExpenses": 274800000, "interestExpense": 0.0, "depreciationAndAmortization": 23540000, "ebitda": -2242000.0, "ebitdaratio": -0.009003365218578576, "operatingIncome": -25782000, "operatingIncomeRatio": -0.10353468423969352, "totalOtherIncomeExpensesNet": 2574000.0, "incomeBeforeTax": -33672000, "incomeBeforeTaxRatio": -0.1352191407850035, "incomeTaxExpense": 3365000.0, "netIncome": -37037000, "netIncomeRatio": -0.1487322201607916, "eps": 0.0, "epsdiluted": 0.0, "weightedAverageShsOut": 261122000, "weightedAverageShsOutDil": 261122000, "link": "https://www.sec.gov/Archives/edgar/data/813672/000095012311017955/0000950123-11-017955-index.htm", "finalLink": "https://www.sec.gov/Archives/edgar/data/813672/000095012311017955/f57089e10vk.htm"}, {"date": "2010-10-02", "symbol": "CDNS", "fillingDate": "2010-10-29", "acceptedDate": "2010-10-29 15:37:21", "period": "Q3", "revenue": 237934000, "costOfRevenue": 39819000, "grossProfit": 198115000, "grossProfitRatio": 0.8326468684593207, "researchAndDevelopmentExpenses": 97275000, "generalAndAdministrativeExpenses": 25081000, "sellingAndMarketingExpenses": 76065000, "otherExpenses": -2907000.0, "operatingExpenses": 198421000, "costAndExpenses": 241017000, "interestExpense": 0.0, "depreciationAndAmortization": 23462000, "ebitda": 20379000, "ebitdaratio": 0.08564980204594551, "operatingIncome": -3083000.0, "operatingIncomeRatio": -0.01295737473416998, "totalOtherIncomeExpensesNet": -2907000.0, "incomeBeforeTax": -16466000, "incomeBeforeTaxRatio": -0.06920406499281313, "incomeTaxExpense": -143219000, "netIncome": 126753000, "netIncomeRatio": 0.5327233602595678, "eps": 0.0, "epsdiluted": 0.0, "weightedAverageShsOut": 262380000, "weightedAverageShsOutDil": 262380000, "link": "https://www.sec.gov/Archives/edgar/data/813672/000095012310098122/0000950123-10-098122-index.htm", "finalLink": "https://www.sec.gov/Archives/edgar/data/813672/000095012310098122/f56658e10vq.htm"}, {"date": "2010-07-03", "symbol": "CDNS", "fillingDate": "2010-08-04", "acceptedDate": "2010-08-04 16:12:21", "period": "Q2", "revenue": 227064000, "costOfRevenue": 39160000, "grossProfit": 187904000, "grossProfitRatio": 0.8275376105415213, "researchAndDevelopmentExpenses": 91880000, "generalAndAdministrativeExpenses": 17058000, "sellingAndMarketingExpenses": 71513000, "otherExpenses": -3100000.0, "operatingExpenses": 180451000, "costAndExpenses": 221845000, "interestExpense": -5128000.0, "depreciationAndAmortization": 19868000, "ebitda": 25087000, "ebitdaratio": 0.117360698054, "operatingIncome": 15839000, "operatingIncomeRatio": 0.022984709156889688, "totalOtherIncomeExpensesNet": 12066000, "incomeBeforeTax": 15839000, "incomeBeforeTaxRatio": -0.025776873480604586, "incomeTaxExpense": 3939000.0, "netIncome": 11900000, "netIncomeRatio": 0.21406739949970052, "eps": 0.05, "epsdiluted": 0.05, "weightedAverageShsOut": 262597000, "weightedAverageShsOutDil": 262597000, "link": "https://www.sec.gov/Archives/edgar/data/813672/000095012310072486/0000950123-10-072486-index.htm", "finalLink": "https://www.sec.gov/Archives/edgar/data/813672/000095012310072486/f55913e10vq.htm"}, {"date": "2010-04-03", "symbol": "CDNS", "fillingDate": "2010-04-30", "acceptedDate": "2010-04-30 16:38:29", "period": "Q1", "revenue": 221938000000, "costOfRevenue": 38615000000, "grossProfit": 183323000000, "grossProfitRatio": 0.82600996674747, "researchAndDevelopmentExpenses": 89430000000, "generalAndAdministrativeExpenses": 22834000000, "sellingAndMarketingExpenses": 74762000000, "otherExpenses": 5974000000, "operatingExpenses": 187026000000, "costAndExpenses": 227258000000, "interestExpense": 7431000000, "depreciationAndAmortization": 21465000000, "ebitda": 16145000000, "ebitdaratio": 0.07274554154763943, "operatingIncome": -5320000000, "operatingIncomeRatio": -0.023970658472185925, "totalOtherIncomeExpensesNet": 5974000000, "incomeBeforeTax": -6777000000, "incomeBeforeTaxRatio": -0.030535554974812786, "incomeTaxExpense": 5008000000, "netIncome": -11785000000, "netIncomeRatio": -0.05310041543133668, "eps": -0.04, "epsdiluted": -0.04, "weightedAverageShsOut": 262597000000, "weightedAverageShsOutDil": 262597000000, "link": "https://www.sec.gov/Archives/edgar/data/813672/000095012310041943/0000950123-10-041943-index.htm", "finalLink": "https://www.sec.gov/Archives/edgar/data/813672/000095012310041943/f55530e10vq.htm"}, {"date": "2010-01-02", "symbol": "CDNS", "fillingDate": "2010-02-26", "acceptedDate": "2010-02-26 17:26:40", "period": "FY", "revenue": 220279000, "costOfRevenue": 40390000, "grossProfit": 179889000, "grossProfitRatio": 0.8166416226694329, "researchAndDevelopmentExpenses": 81309000, "generalAndAdministrativeExpenses": 21337000, "sellingAndMarketingExpenses": 72230000, "otherExpenses": 4723000.0, "operatingExpenses": 174876000, "costAndExpenses": 231535000, "interestExpense": 7280000.0, "depreciationAndAmortization": 21805000, "ebitda": 10549000, "ebitdaratio": 0.04788926770141502, "operatingIncome": -11256000, "operatingIncomeRatio": -0.05109883375174211, "totalOtherIncomeExpensesNet": 4723000.0, "incomeBeforeTax": -13813000, "incomeBeforeTaxRatio": -0.06270683996204814, "incomeTaxExpense": -15603000, "netIncome": 1790000.0, "netIncomeRatio": 0.008126058316952591, "eps": -0.58, "epsdiluted": -0.58, "weightedAverageShsOut": 257782000, "weightedAverageShsOutDil": 257782000, "link": "https://www.sec.gov/Archives/edgar/data/813672/000095012310018407/0000950123-10-018407-index.htm", "finalLink": "https://www.sec.gov/Archives/edgar/data/813672/000095012310018407/f54883e10vk.htm"}, {"date": "2009-10-03", "symbol": "CDNS", "fillingDate": "2009-10-30", "acceptedDate": "2009-10-30 15:29:11", "period": "Q3", "revenue": 216122000, "costOfRevenue": 38649000, "grossProfit": 177473000, "grossProfitRatio": 0.8211704500235978, "researchAndDevelopmentExpenses": 88049000, "generalAndAdministrativeExpenses": 28732000, "sellingAndMarketingExpenses": 68282000, "otherExpenses": 2917000.0, "operatingExpenses": 185063000, "costAndExpenses": 226263000, "interestExpense": 7278000.0, "depreciationAndAmortization": 21311000, "ebitda": 11170000, "ebitdaratio": 0.05168377120330184, "operatingIncome": -10141000, "operatingIncomeRatio": -0.046922571510535714, "totalOtherIncomeExpensesNet": 2917000.0, "incomeBeforeTax": -14502000, "incomeBeforeTaxRatio": -0.06710098925606833, "incomeTaxExpense": -455000.0, "netIncome": -14047000, "netIncomeRatio": -0.06499569687491324, "eps": -0.59, "epsdiluted": -0.59, "weightedAverageShsOut": 256792000, "weightedAverageShsOutDil": 256792000, "link": "https://www.sec.gov/Archives/edgar/data/813672/000095012309055518/0000950123-09-055518-index.htm", "finalLink": "https://www.sec.gov/Archives/edgar/data/813672/000095012309055518/f53848e10vq.htm"}, {"date": "2009-07-04", "symbol": "CDNS", "fillingDate": "2009-07-31", "acceptedDate": "2009-07-31 17:21:30", "period": "Q2", "revenue": 209929000, "costOfRevenue": 46027000, "grossProfit": 163902000, "grossProfitRatio": 0.7807496820353548, "researchAndDevelopmentExpenses": 90653000, "generalAndAdministrativeExpenses": 34240000, "sellingAndMarketingExpenses": 71431000, "otherExpenses": -2533000.0, "operatingExpenses": 196324000, "costAndExpenses": 263707000, "interestExpense": 7266000.0, "depreciationAndAmortization": 23766000, "ebitda": -30012000, "ebitdaratio": -0.1429626206955685, "operatingIncome": -53778000, "operatingIncomeRatio": -0.2561723249289045, "totalOtherIncomeExpensesNet": -2533000.0, "incomeBeforeTax": -63577000, "incomeBeforeTaxRatio": -0.3028500111942609, "incomeTaxExpense": 10780000, "netIncome": -74357000, "netIncomeRatio": -0.35420070595296504, "eps": -0.54, "epsdiluted": -0.54, "weightedAverageShsOut": 255592000, "weightedAverageShsOutDil": 255592000, "link": "https://www.sec.gov/Archives/edgar/data/813672/000095012309028464/0000950123-09-028464-index.htm", "finalLink": "https://www.sec.gov/Archives/edgar/data/813672/000095012309028464/f53102e10vq.htm"}, {"date": "2009-04-04", "symbol": "CDNS", "fillingDate": "2009-05-01", "acceptedDate": "2009-05-01 16:32:49", "period": "Q1", "revenue": 206302000000, "costOfRevenue": 44177000000, "grossProfit": 162125000000, "grossProfitRatio": 0.7858624734612364, "researchAndDevelopmentExpenses": 94692000000, "generalAndAdministrativeExpenses": 38339000000, "sellingAndMarketingExpenses": 74890000000, "otherExpenses": -6149000000, "operatingExpenses": 207921000000, "costAndExpenses": 254718000000, "interestExpense": 7048000000, "depreciationAndAmortization": 26257000000, "ebitda": -22159000000, "ebitdaratio": -0.10741049529330787, "operatingIncome": -48416000000, "operatingIncomeRatio": -0.23468507333908542, "totalOtherIncomeExpensesNet": -6149000000, "incomeBeforeTax": -61613000000, "incomeBeforeTaxRatio": -0.2986543998603988, "incomeTaxExpense": 1644000000, "netIncome": -63257000000, "netIncomeRatio": -0.3066232998225902, "eps": -0.25, "epsdiluted": -0.25, "weightedAverageShsOut": 254302000000, "weightedAverageShsOutDil": 254302000000, "link": "https://www.sec.gov/Archives/edgar/data/813672/000095013409009129/0000950134-09-009129-index.htm", "finalLink": "https://www.sec.gov/Archives/edgar/data/813672/000095013409009129/f52263e10vq.htm"}, {"date": "2009-01-03", "symbol": "CDNS", "fillingDate": "2009-03-02", "acceptedDate": "2009-03-02 17:28:14", "period": "FY", "revenue": 227335000, "costOfRevenue": 49267000, "grossProfit": 178068000, "grossProfitRatio": 0.7832845800250732, "researchAndDevelopmentExpenses": 99984000, "generalAndAdministrativeExpenses": 46424000, "sellingAndMarketingExpenses": 84393000, "otherExpenses": -13142000, "operatingExpenses": 230801000, "costAndExpenses": 1648545000, "interestExpense": 2559000.0, "depreciationAndAmortization": 31001000, "ebitda": -1390209000, "ebitdaratio": -6.11524402313766, "operatingIncome": -1421210000, "operatingIncomeRatio": -6.251611058569952, "totalOtherIncomeExpensesNet": -13142000, "incomeBeforeTax": -1436911000, "incomeBeforeTaxRatio": -6.320676534629512, "incomeTaxExpense": 202044000, "netIncome": -1638955000, "netIncomeRatio": -7.209426617106913, "eps": -7.29, "epsdiluted": -7.29, "weightedAverageShsOut": 254323000, "weightedAverageShsOutDil": 254323000, "link": "https://www.sec.gov/Archives/edgar/data/813672/000089161809000064/0000891618-09-000064-index.htm", "finalLink": "https://www.sec.gov/Archives/edgar/data/813672/000089161809000064/f51522e10vk.htm"}, {"date": "2008-09-27", "symbol": "CDNS", "fillingDate": "2008-12-11", "acceptedDate": "2008-12-10 20:00:49", "period": "Q3", "revenue": 194612000, "costOfRevenue": 48809000, "grossProfit": 145803000, "grossProfitRatio": 0.74919840503155, "researchAndDevelopmentExpenses": 112486000, "generalAndAdministrativeExpenses": 32937000, "sellingAndMarketingExpenses": 91075000, "otherExpenses": -7714000.0, "operatingExpenses": 236498000, "costAndExpenses": 339053000, "interestExpense": 3180000.0, "depreciationAndAmortization": 32166000, "ebitda": -112275000, "ebitdaratio": -0.5769171479662097, "operatingIncome": -144441000, "operatingIncomeRatio": -0.7421998643454669, "totalOtherIncomeExpensesNet": -7714000.0, "incomeBeforeTax": -155335000, "incomeBeforeTaxRatio": -0.7981779129755616, "incomeTaxExpense": 45997000, "netIncome": -201332000, "netIncomeRatio": -1.034530244794771, "eps": -0.84, "epsdiluted": -0.84, "weightedAverageShsOut": 256119000, "weightedAverageShsOutDil": 256119000, "link": "https://www.sec.gov/Archives/edgar/data/813672/000095013408021955/0000950134-08-021955-index.htm", "finalLink": "https://www.sec.gov/Archives/edgar/data/813672/000095013408021955/f50080e10vq.htm"}, {"date": "2008-06-28", "symbol": "CDNS", "fillingDate": "2008-07-29", "acceptedDate": "2008-07-29 17:17:02", "period": "Q2", "revenue": 329478000, "costOfRevenue": 71671000, "grossProfit": 257807000, "grossProfitRatio": 0.7824710602832359, "researchAndDevelopmentExpenses": 120087000, "generalAndAdministrativeExpenses": 34963000, "sellingAndMarketingExpenses": 89907000, "otherExpenses": 4013000.0, "operatingExpenses": 244957000, "costAndExpenses": 310092000, "interestExpense": 2880000.0, "depreciationAndAmortization": 32571000, "ebitda": 51957000, "ebitdaratio": 0.15769489920419572, "operatingIncome": 19386000, "operatingIncomeRatio": 0.0588385263962996, "totalOtherIncomeExpensesNet": -1750000.0, "incomeBeforeTax": 14756000, "incomeBeforeTaxRatio": 0.04478599481604235, "incomeTaxExpense": 9760000.0, "netIncome": 4996000.0, "netIncomeRatio": 0.015163379649020573, "eps": -0.05, "epsdiluted": -0.05, "weightedAverageShsOut": 257724000, "weightedAverageShsOutDil": 257724000, "link": "https://www.sec.gov/Archives/edgar/data/813672/000095013408013555/0000950134-08-013555-index.htm", "finalLink": "https://www.sec.gov/Archives/edgar/data/813672/000095013408013555/f42398e10vq.htm"}, {"date": "2008-03-29", "symbol": "CDNS", "fillingDate": "2008-04-25", "acceptedDate": "2008-04-25 17:06:42", "period": "Q1", "revenue": 287189000, "costOfRevenue": 39733000, "grossProfit": 247456000, "grossProfitRatio": 0.8616486007472431, "researchAndDevelopmentExpenses": 125356000, "generalAndAdministrativeExpenses": 37708000, "sellingAndMarketingExpenses": 93034000, "otherExpenses": 0.0, "operatingExpenses": 256098000, "costAndExpenses": 314192000, "interestExpense": 2995000.0, "depreciationAndAmortization": 32982000, "ebitda": 5979000.0, "ebitdaratio": 0.02081904251207393, "operatingIncome": -27003000, "operatingIncomeRatio": -0.09402518898704337, "totalOtherIncomeExpensesNet": 5763000.0, "incomeBeforeTax": -24235000, "incomeBeforeTaxRatio": -0.0843869368255748, "incomeTaxExpense": -5488000.0, "netIncome": -18747000, "netIncomeRatio": -0.06527756982335674, "eps": -0.07, "epsdiluted": -0.07, "weightedAverageShsOut": 262825000, "weightedAverageShsOutDil": 262825000, "link": "https://www.sec.gov/Archives/edgar/data/813672/000089161808000232/0000891618-08-000232-index.htm", "finalLink": "https://www.sec.gov/Archives/edgar/data/813672/000089161808000232/f40061e10vq.htm"}, {"date": "2007-12-29", "symbol": "CDNS", "fillingDate": "2008-02-26", "acceptedDate": "2008-02-26 06:01:59", "period": "FY", "revenue": 457943000, "costOfRevenue": 56150000, "grossProfit": 401793000, "grossProfitRatio": 0.8773864869645349, "researchAndDevelopmentExpenses": 128614000, "generalAndAdministrativeExpenses": 45831000, "sellingAndMarketingExpenses": 109224000, "otherExpenses": 0.0, "operatingExpenses": 283669000, "costAndExpenses": 345477000, "interestExpense": 3001000.0, "depreciationAndAmortization": 33851000, "ebitda": 146317000, "ebitdaratio": 0.31950919655939714, "operatingIncome": 112466000, "operatingIncomeRatio": 0.24558951659922743, "totalOtherIncomeExpensesNet": 10592000, "incomeBeforeTax": 120057000, "incomeBeforeTaxRatio": 0.2621658153962393, "incomeTaxExpense": 554000.0, "netIncome": 119503000, "netIncomeRatio": 0.2609560578499944, "eps": 1.09, "epsdiluted": 1.01, "weightedAverageShsOut": 271455000, "weightedAverageShsOutDil": 271455000, "link": "https://www.sec.gov/Archives/edgar/data/813672/000095013408003361/0000950134-08-003361-index.htm", "finalLink": "https://www.sec.gov/Archives/edgar/data/813672/000095013408003361/f38168e10vk.htm"}, {"date": "2007-09-29", "symbol": "CDNS", "fillingDate": "2007-10-30", "acceptedDate": "2007-10-29 20:21:18", "period": "Q3", "revenue": 400924000, "costOfRevenue": 52404000, "grossProfit": 348520000, "grossProfitRatio": 0.8692919356286977, "researchAndDevelopmentExpenses": 125391000, "generalAndAdministrativeExpenses": 40747000, "sellingAndMarketingExpenses": 297924000, "otherExpenses": 0.0, "operatingExpenses": 464062000, "costAndExpenses": 316056000, "interestExpense": 2849000.0, "depreciationAndAmortization": 33490000, "ebitda": 118358000, "ebitdaratio": 0.2952130578363979, "operatingIncome": 84868000, "operatingIncomeRatio": 0.21168101685107402, "totalOtherIncomeExpensesNet": 14201000, "incomeBeforeTax": 96220000, "incomeBeforeTaxRatio": 0.23999561014057527, "incomeTaxExpense": 23488000, "netIncome": 72732000, "netIncomeRatio": 0.18141094072692082, "eps": 0.65, "epsdiluted": 0.6, "weightedAverageShsOut": 272354000, "weightedAverageShsOutDil": 272354000, "link": "https://www.sec.gov/Archives/edgar/data/813672/000095013407022187/0000950134-07-022187-index.htm", "finalLink": "https://www.sec.gov/Archives/edgar/data/813672/000095013407022187/f34782e10vq.htm"}, {"date": "2007-06-30", "symbol": "CDNS", "fillingDate": "2007-07-27", "acceptedDate": "2007-07-27 15:28:15", "period": "Q2", "revenue": 390961000, "costOfRevenue": 51564000, "grossProfit": 339397000, "grossProfitRatio": 0.86810960684058, "researchAndDevelopmentExpenses": 122962000, "generalAndAdministrativeExpenses": 41808000, "sellingAndMarketingExpenses": -102698000, "otherExpenses": 0.0, "operatingExpenses": 62072000, "costAndExpenses": 317237000, "interestExpense": 3064000.0, "depreciationAndAmortization": 31388000, "ebitda": 105112000, "ebitdaratio": 0.26885546128641985, "operatingIncome": 73724000, "operatingIncomeRatio": 0.18857123856343727, "totalOtherIncomeExpensesNet": 14207000, "incomeBeforeTax": 84867000, "incomeBeforeTaxRatio": 0.21707280265806564, "incomeTaxExpense": 25271000, "netIncome": 59596000, "netIncomeRatio": 0.1524346418184934, "eps": 0.38, "epsdiluted": 0.35, "weightedAverageShsOut": 272043000, "weightedAverageShsOutDil": 272043000, "link": "https://www.sec.gov/Archives/edgar/data/813672/000095013407016085/0000950134-07-016085-index.htm", "finalLink": "https://www.sec.gov/Archives/edgar/data/813672/000095013407016085/f32138e10vq.htm"}, {"date": "2007-03-31", "symbol": "CDNS", "fillingDate": "2007-04-30", "acceptedDate": "2007-04-30 15:15:32", "period": "Q1", "revenue": 365185000, "costOfRevenue": 54390000, "grossProfit": 310795000, "grossProfitRatio": 0.8510617905992853, "researchAndDevelopmentExpenses": 117065000, "generalAndAdministrativeExpenses": 40611000, "sellingAndMarketingExpenses": 102698000, "otherExpenses": 0.0, "operatingExpenses": 260374000, "costAndExpenses": 318328000, "interestExpense": 3460000.0, "depreciationAndAmortization": 31920000, "ebitda": 78777000, "ebitdaratio": 0.21571806070895574, "operatingIncome": 46857000, "operatingIncomeRatio": 0.12831030847378727, "totalOtherIncomeExpensesNet": 19530000, "incomeBeforeTax": 62927000, "incomeBeforeTaxRatio": 0.1723154017826581, "incomeTaxExpense": 18506000, "netIncome": 44421000, "netIncomeRatio": 0.12163971685584019, "eps": 0.16, "epsdiluted": 0.15, "weightedAverageShsOut": 269660000, "weightedAverageShsOutDil": 269660000, "link": "https://www.sec.gov/Archives/edgar/data/813672/000095013407009516/0000950134-07-009516-index.htm", "finalLink": "https://www.sec.gov/Archives/edgar/data/813672/000095013407009516/f29504e10vq.htm"}, {"date": "2006-12-30", "symbol": "CDNS", "fillingDate": "2007-02-23", "acceptedDate": "2007-02-23 17:20:06", "period": "FY", "revenue": 431020000, "costOfRevenue": 53921000, "grossProfit": 377099000, "grossProfitRatio": 0.874899076608974, "researchAndDevelopmentExpenses": 117931000, "generalAndAdministrativeExpenses": 34050000, "sellingAndMarketingExpenses": 116515000, "otherExpenses": 70402000, "operatingExpenses": 268496000, "costAndExpenses": 327505000, "interestExpense": 2468000.0, "depreciationAndAmortization": 33255000, "ebitda": 136770000, "ebitdaratio": 0.3173170618532783, "operatingIncome": 103515000, "operatingIncomeRatio": 0.24016286947241428, "totalOtherIncomeExpensesNet": 17211000, "incomeBeforeTax": 77490000, "incomeBeforeTaxRatio": 0.17978284070344763, "incomeTaxExpense": 29125000, "netIncome": 48365000, "netIncomeRatio": 0.11221057027516125, "eps": 0.51, "epsdiluted": 0.46, "weightedAverageShsOut": 279354000, "weightedAverageShsOutDil": 279354000, "link": "https://www.sec.gov/Archives/edgar/data/813672/000089161807000106/0000891618-07-000106-index.htm", "finalLink": "https://www.sec.gov/Archives/edgar/data/813672/000089161807000106/f25514e10vk.htm"}, {"date": "2006-09-30", "symbol": "CDNS", "fillingDate": "2006-10-27", "acceptedDate": "2006-10-27 15:01:25", "period": "Q3", "revenue": 366148000, "costOfRevenue": 52735000, "grossProfit": 313413000, "grossProfitRatio": 0.855973540754012, "researchAndDevelopmentExpenses": 110335000, "generalAndAdministrativeExpenses": 35240000, "sellingAndMarketingExpenses": 97499000, "otherExpenses": 0.0, "operatingExpenses": 243074000, "costAndExpenses": 300400000, "interestExpense": 2959000.0, "depreciationAndAmortization": 34318000, "ebitda": 100066000, "ebitdaratio": 0.27329385931372013, "operatingIncome": 65748000, "operatingIncomeRatio": 0.17956673257808317, "totalOtherIncomeExpensesNet": 9993000.0, "incomeBeforeTax": 72782000, "incomeBeforeTaxRatio": 0.19877754350699717, "incomeTaxExpense": 30722000, "netIncome": 42060000, "netIncomeRatio": 0.11487158198324175, "eps": 0.33, "epsdiluted": 0.3, "weightedAverageShsOut": 281077000, "weightedAverageShsOutDil": 281077000, "link": "https://www.sec.gov/Archives/edgar/data/813672/000095013406019820/0000950134-06-019820-index.htm", "finalLink": "https://www.sec.gov/Archives/edgar/data/813672/000095013406019820/f23747e10vq.htm"}, {"date": "2006-07-01", "symbol": "CDNS", "fillingDate": "2006-08-07", "acceptedDate": "2006-08-07 11:56:30", "period": "Q2", "revenue": 358513000, "costOfRevenue": 59846000, "grossProfit": 298667000, "grossProfitRatio": 0.8330716040980383, "researchAndDevelopmentExpenses": 115537000, "generalAndAdministrativeExpenses": 38986000, "sellingAndMarketingExpenses": 97089000, "otherExpenses": 0.0, "operatingExpenses": 251612000, "costAndExpenses": 316203000, "interestExpense": 3381000.0, "depreciationAndAmortization": 38602000, "ebitda": 80912000, "ebitdaratio": 0.22568777143367186, "operatingIncome": 42310000, "operatingIncomeRatio": 0.11801524630905992, "totalOtherIncomeExpensesNet": 14748000, "incomeBeforeTax": 53677000, "incomeBeforeTaxRatio": 0.14972120955167595, "incomeTaxExpense": 23289000, "netIncome": 30388000, "netIncomeRatio": 0.08476122204773606, "eps": 0.18, "epsdiluted": 0.17, "weightedAverageShsOut": 281960000, "weightedAverageShsOutDil": 281960000, "link": "https://www.sec.gov/Archives/edgar/data/813672/000095013406014996/0000950134-06-014996-index.htm", "finalLink": "https://www.sec.gov/Archives/edgar/data/813672/000095013406014996/f22311e10vq.htm"}, {"date": "2006-04-01", "symbol": "CDNS", "fillingDate": "2006-05-04", "acceptedDate": "2006-05-03 17:50:31", "period": "Q1", "revenue": 328214000, "costOfRevenue": 60597000, "grossProfit": 267617000, "grossProfitRatio": 0.8153735063099076, "researchAndDevelopmentExpenses": 116261000, "generalAndAdministrativeExpenses": 35041000, "sellingAndMarketingExpenses": 94476000, "otherExpenses": 0.0, "operatingExpenses": 245778000, "costAndExpenses": 315195000, "interestExpense": 3540000.0, "depreciationAndAmortization": 40942000, "ebitda": 53961000, "ebitdaratio": 0.1644079777218522, "operatingIncome": 13019000, "operatingIncomeRatio": 0.039666193398209704, "totalOtherIncomeExpensesNet": 28450000, "incomeBeforeTax": 37929000, "incomeBeforeTaxRatio": 0.11556179809514525, "incomeTaxExpense": 16568000, "netIncome": 21779000, "netIncomeRatio": 0.06635609693675468, "eps": 0.08, "epsdiluted": 0.07, "weightedAverageShsOut": 281642000, "weightedAverageShsOutDil": 281642000, "link": "https://www.sec.gov/Archives/edgar/data/813672/000095013406008648/0000950134-06-008648-index.htm", "finalLink": "https://www.sec.gov/Archives/edgar/data/813672/000095013406008648/f20056e10vq.htm"}, {"date": "2005-12-31", "symbol": "CDNS", "fillingDate": "2006-03-10", "acceptedDate": "2006-03-10 17:15:10", "period": "FY", "revenue": 378363000, "costOfRevenue": 54589000, "grossProfit": 323774000, "grossProfitRatio": 0.8557232076075092, "researchAndDevelopmentExpenses": 94797000, "generalAndAdministrativeExpenses": 25512000, "sellingAndMarketingExpenses": 95497000, "otherExpenses": 3741000.0, "operatingExpenses": 215806000, "costAndExpenses": 288331000, "interestExpense": 1503000.0, "depreciationAndAmortization": 40992000, "ebitda": 131024000, "ebitdaratio": 0.34629178857340703, "operatingIncome": 90032000, "operatingIncomeRatio": 0.2379513853098744, "totalOtherIncomeExpensesNet": 3741000.0, "incomeBeforeTax": 92270000, "incomeBeforeTaxRatio": 0.243866339996247, "incomeTaxExpense": 65704000, "netIncome": 26566000, "netIncomeRatio": 0.07021299651392975, "eps": 0.18, "epsdiluted": 0.18, "weightedAverageShsOut": 278520000, "weightedAverageShsOutDil": 278520000, "link": "https://www.sec.gov/Archives/edgar/data/813672/000095013406004749/0000950134-06-004749-index.htm", "finalLink": "https://www.sec.gov/Archives/edgar/data/813672/000095013406004749/f13503e10vk.htm"}, {"date": "2005-10-01", "symbol": "CDNS", "fillingDate": "2005-11-07", "acceptedDate": "2005-11-07 14:31:22", "period": "Q3", "revenue": 337381000, "costOfRevenue": 57272000, "grossProfit": 280109000, "grossProfitRatio": 0.8302453309463188, "researchAndDevelopmentExpenses": 93539000, "generalAndAdministrativeExpenses": 29962000, "sellingAndMarketingExpenses": 94280000, "otherExpenses": 4667000.0, "operatingExpenses": 217781000, "costAndExpenses": 307146000, "interestExpense": 1217000.0, "depreciationAndAmortization": 48320000, "ebitda": 78555000, "ebitdaratio": 0.2328376523870639, "operatingIncome": 30235000, "operatingIncomeRatio": 0.0896167833991837, "totalOtherIncomeExpensesNet": 4667000.0, "incomeBeforeTax": 33685000, "incomeBeforeTaxRatio": 0.09984261117253194, "incomeTaxExpense": 12414000, "netIncome": 21271000, "netIncomeRatio": 0.06304741523677979, "eps": 0.08, "epsdiluted": 0.08, "weightedAverageShsOut": 277474000, "weightedAverageShsOutDil": 277474000, "link": "https://www.sec.gov/Archives/edgar/data/813672/000095013405020709/0000950134-05-020709-index.htm", "finalLink": "https://www.sec.gov/Archives/edgar/data/813672/000095013405020709/f14110e10vq.htm"}, {"date": "2005-07-02", "symbol": "CDNS", "fillingDate": "2005-08-08", "acceptedDate": "2005-08-08 17:18:30", "period": "Q2", "revenue": 320911000, "costOfRevenue": 60030000, "grossProfit": 260881000, "grossProfitRatio": 0.8129387898825531, "researchAndDevelopmentExpenses": 91418000, "generalAndAdministrativeExpenses": 36183000, "sellingAndMarketingExpenses": 86572000, "otherExpenses": 2182000.0, "operatingExpenses": 214173000, "costAndExpenses": 320725000, "interestExpense": 1345000.0, "depreciationAndAmortization": 51051000, "ebitda": 51237000, "ebitdaratio": 0.15966108983487634, "operatingIncome": 186000.0, "operatingIncomeRatio": 0.0005795999513883912, "totalOtherIncomeExpensesNet": 2182000.0, "incomeBeforeTax": 1023000.0, "incomeBeforeTaxRatio": 0.0031877997326361512, "incomeTaxExpense": 540000.0, "netIncome": 483000.0, "netIncomeRatio": 0.0015050901963472739, "eps": 0.01, "epsdiluted": 0.01, "weightedAverageShsOut": 275603000, "weightedAverageShsOutDil": 275603000, "link": "https://www.sec.gov/Archives/edgar/data/813672/000095013405015187/0000950134-05-015187-index.htm", "finalLink": "https://www.sec.gov/Archives/edgar/data/813672/000095013405015187/f11391e10vq.htm"}, {"date": "2005-04-02", "symbol": "CDNS", "fillingDate": "2005-05-10", "acceptedDate": "2005-05-10 15:24:25", "period": "Q1", "revenue": 292537000, "costOfRevenue": 59517000, "grossProfit": 233020000, "grossProfitRatio": 0.7965488126288298, "researchAndDevelopmentExpenses": 90386000, "generalAndAdministrativeExpenses": 25933000, "sellingAndMarketingExpenses": 79694000, "otherExpenses": 4507000.0, "operatingExpenses": 196013000, "costAndExpenses": 294158000, "interestExpense": 1381000.0, "depreciationAndAmortization": 44354000, "ebitda": 42733000, "ebitdaratio": 0.1460772483480722, "operatingIncome": -1621000.0, "operatingIncomeRatio": -0.0055411794063656905, "totalOtherIncomeExpensesNet": 4507000.0, "incomeBeforeTax": 1505000.0, "incomeBeforeTaxRatio": 0.00514464836926611, "incomeTaxExpense": 482000.0, "netIncome": 1023000.0, "netIncomeRatio": 0.003496993542697163, "eps": 3.7308397854128907, "epsdiluted": 3.7308397854128907, "weightedAverageShsOut": 274201.0, "weightedAverageShsOutDil": 274201.0, "link": "https://www.sec.gov/Archives/edgar/data/813672/000095013405009635/0000950134-05-009635-index.htm", "finalLink": "https://www.sec.gov/Archives/edgar/data/813672/000095013405009635/f08920e10vq.htm"}, {"date": "2005-01-01", "symbol": "CDNS", "fillingDate": "2005-03-16", "acceptedDate": "2005-03-16 16:48:25", "period": "FY", "revenue": 343096000, "costOfRevenue": 23597000, "grossProfit": 319499000, "grossProfitRatio": 0.9312233310793481, "researchAndDevelopmentExpenses": 87713000, "generalAndAdministrativeExpenses": 20524000, "sellingAndMarketingExpenses": 87806000, "otherExpenses": 1479000.0, "operatingExpenses": 196043000, "costAndExpenses": 278821000, "interestExpense": 1378000.0, "depreciationAndAmortization": 40695000, "ebitda": 104970000, "ebitdaratio": 0.3059493552824865, "operatingIncome": 64275000, "operatingIncomeRatio": 0.18733823769440622, "totalOtherIncomeExpensesNet": 10016000, "incomeBeforeTax": 64376000, "incomeBeforeTaxRatio": 0.18763261594422553, "incomeTaxExpense": 4581000.0, "netIncome": 59795000, "netIncomeRatio": 0.17428066780143167, "eps": 0.27, "epsdiluted": 0.27, "weightedAverageShsOut": 271328000, "weightedAverageShsOutDil": 271328000, "link": "https://www.sec.gov/Archives/edgar/data/813672/000095013405005251/0000950134-05-005251-index.htm", "finalLink": "https://www.sec.gov/Archives/edgar/data/813672/000095013405005251/f06292e10vk.htm"}, {"date": "2004-10-02", "symbol": "CDNS", "fillingDate": "2004-11-09", "acceptedDate": "2004-11-09 16:34:33", "period": "Q3", "revenue": 301581000, "costOfRevenue": 61111000, "grossProfit": 240470000, "grossProfitRatio": 0.7973645554593957, "researchAndDevelopmentExpenses": 85300000, "generalAndAdministrativeExpenses": 22917000, "sellingAndMarketingExpenses": 76736000, "otherExpenses": -4172000.0, "operatingExpenses": 184953000, "costAndExpenses": 267310000, "interestExpense": 1564000.0, "depreciationAndAmortization": 45640000, "ebitda": 79911000, "ebitdaratio": 0.2649735891849951, "operatingIncome": 34271000, "operatingIncomeRatio": 0.11363779548446354, "totalOtherIncomeExpensesNet": -10016000, "incomeBeforeTax": 28535000, "incomeBeforeTaxRatio": 0.09461802965040901, "incomeTaxExpense": 8904000.0, "netIncome": 19631000, "netIncomeRatio": 0.0650936232720231, "eps": 0.05, "epsdiluted": 0.05, "weightedAverageShsOut": 271514000, "weightedAverageShsOutDil": 271514000, "link": "https://www.sec.gov/Archives/edgar/data/813672/000095013404016949/0000950134-04-016949-index.htm", "finalLink": "https://www.sec.gov/Archives/edgar/data/813672/000095013404016949/f03096e10vq.htm"}, {"date": "2004-07-03", "symbol": "CDNS", "fillingDate": "2004-08-10", "acceptedDate": "2004-08-10 14:54:12", "period": "Q2", "revenue": 287079000, "costOfRevenue": 52697000, "grossProfit": 234382000, "grossProfitRatio": 0.8164372872972248, "researchAndDevelopmentExpenses": 91090000, "generalAndAdministrativeExpenses": 20205000, "sellingAndMarketingExpenses": 80172000, "otherExpenses": -3215000.0, "operatingExpenses": 191467000, "costAndExpenses": 277414000, "interestExpense": 1699000.0, "depreciationAndAmortization": 47511000, "ebitda": 57176000, "ebitdaratio": 0.19916468985888902, "operatingIncome": 9665000.0, "operatingIncomeRatio": 0.033666691050198726, "totalOtherIncomeExpensesNet": 0.0, "incomeBeforeTax": 4751000.0, "incomeBeforeTaxRatio": 0.016549451544696756, "incomeTaxExpense": -1522000.0, "netIncome": 3803000.0, "netIncomeRatio": 0.013247224631547413, "eps": -0.02, "epsdiluted": -0.02, "weightedAverageShsOut": 272210000, "weightedAverageShsOutDil": 272210000, "link": "https://www.sec.gov/Archives/edgar/data/813672/000095013404011901/0000950134-04-011901-index.htm", "finalLink": "https://www.sec.gov/Archives/edgar/data/813672/000095013404011901/f01031e10vq.htm"}, {"date": "2004-04-03", "symbol": "CDNS", "fillingDate": "2004-05-11", "acceptedDate": "2004-05-11 17:04:49", "period": "Q1", "revenue": 265724000, "costOfRevenue": 56195000, "grossProfit": 209529000, "grossProfitRatio": 0.7885211723442369, "researchAndDevelopmentExpenses": 87151000, "generalAndAdministrativeExpenses": 19768000, "sellingAndMarketingExpenses": 81223000, "otherExpenses": -2629000.0, "operatingExpenses": 188142000, "costAndExpenses": 272763000, "interestExpense": 1557000.0, "depreciationAndAmortization": 45359000, "ebitda": 38320000, "ebitdaratio": 0.1442097815778778, "operatingIncome": -7039000.0, "operatingIncomeRatio": -0.02648989176739775, "totalOtherIncomeExpensesNet": 0.0, "incomeBeforeTax": -11225000, "incomeBeforeTaxRatio": -0.04224307928527344, "incomeTaxExpense": 0.0, "netIncome": -8755000.0, "netIncomeRatio": -0.03294772019087474, "eps": -0.03, "epsdiluted": -0.03, "weightedAverageShsOut": 271477000, "weightedAverageShsOutDil": 271477000, "link": "https://www.sec.gov/Archives/edgar/data/813672/000095013404007251/0000950134-04-007251-index.htm", "finalLink": "https://www.sec.gov/Archives/edgar/data/813672/000095013404007251/f98872e10vq.htm"}, {"date": "2004-01-03", "symbol": "CDNS", "fillingDate": "2004-04-02", "acceptedDate": "2004-04-02 17:12:11", "period": "FY", "revenue": 492278000, "costOfRevenue": 115825000, "grossProfit": 376453000, "grossProfitRatio": 0.764716278200529, "researchAndDevelopmentExpenses": 68737000, "generalAndAdministrativeExpenses": 50169000, "sellingAndMarketingExpenses": 149963000, "otherExpenses": 2989000.0, "operatingExpenses": 268869000, "costAndExpenses": 245634000, "interestExpense": -903000.0, "depreciationAndAmortization": 48261000, "ebitda": 294905000, "ebitdaratio": 0.5990619121715779, "operatingIncome": 246644000, "operatingIncomeRatio": 0.5010258431211633, "totalOtherIncomeExpensesNet": -10997000, "incomeBeforeTax": 236550000, "incomeBeforeTaxRatio": 0.4805211689330013, "incomeTaxExpense": 122637000, "netIncome": 113913000, "netIncomeRatio": 0.2313997375466708, "eps": 0.0, "epsdiluted": 0.0, "weightedAverageShsOut": 267605000, "weightedAverageShsOutDil": 267605000, "link": "https://www.sec.gov/Archives/edgar/data/813672/000095013404004613/0000950134-04-004613-index.htm", "finalLink": "https://www.sec.gov/Archives/edgar/data/813672/000095013404004613/f93607e10vk.htm"}, {"date": "2003-09-27", "symbol": "CDNS", "fillingDate": "2003-11-07", "acceptedDate": "2003-11-07 15:47:16", "period": "Q3", "revenue": 268476000, "costOfRevenue": 41041000, "grossProfit": 227435000, "grossProfitRatio": 0.8471334495448383, "researchAndDevelopmentExpenses": 84179000, "generalAndAdministrativeExpenses": 18814000, "sellingAndMarketingExpenses": 80758000, "otherExpenses": 2295000.0, "operatingExpenses": 183751000, "costAndExpenses": 314392000, "interestExpense": 2392000.0, "depreciationAndAmortization": 48132000, "ebitda": 2216000.0, "ebitdaratio": 0.00825399663284614, "operatingIncome": -45916000, "operatingIncomeRatio": -0.17102459810187876, "totalOtherIncomeExpensesNet": -2989000.0, "incomeBeforeTax": -46013000, "incomeBeforeTaxRatio": -0.1713858966909519, "incomeTaxExpense": -31018000, "netIncome": -14995000, "netIncomeRatio": -0.05585229219744037, "eps": -0.16, "epsdiluted": -0.16, "weightedAverageShsOut": 267605000, "weightedAverageShsOutDil": 267605000, "link": "https://www.sec.gov/Archives/edgar/data/813672/000089161803005748/0000891618-03-005748-index.htm", "finalLink": "https://www.sec.gov/Archives/edgar/data/813672/000089161803005748/f94173e10vq.htm"}, {"date": "2003-06-28", "symbol": "CDNS", "fillingDate": "2003-08-08", "acceptedDate": "2003-08-08 17:27:14", "period": "Q2", "revenue": 276437000, "costOfRevenue": 46022000, "grossProfit": 230415000, "grossProfitRatio": 0.833517220921946, "researchAndDevelopmentExpenses": 88376000, "generalAndAdministrativeExpenses": 20107000, "sellingAndMarketingExpenses": 85265000, "otherExpenses": -5284000.0, "operatingExpenses": 193748000, "costAndExpenses": 279353000, "interestExpense": 640000.0, "depreciationAndAmortization": 47778000, "ebitda": 44862000, "ebitdaratio": 0.16228652459692444, "operatingIncome": -2916000.0, "operatingIncomeRatio": -0.0105485155749773, "totalOtherIncomeExpensesNet": -908000.0, "incomeBeforeTax": -9748000.0, "incomeBeforeTaxRatio": -0.035263007484526314, "incomeTaxExpense": -1895000.0, "netIncome": -7853000.0, "netIncomeRatio": -0.028407919345094904, "eps": -0.1, "epsdiluted": -0.1, "weightedAverageShsOut": 268128000, "weightedAverageShsOutDil": 268128000, "link": "https://www.sec.gov/Archives/edgar/data/813672/000089161803004221/0000891618-03-004221-index.htm", "finalLink": "https://www.sec.gov/Archives/edgar/data/813672/000089161803004221/f92105e10vq.htm"}, {"date": "2003-03-29", "symbol": "CDNS", "fillingDate": "2003-05-12", "acceptedDate": "2003-05-12 16:59:45", "period": "Q1", "revenue": 255876000, "costOfRevenue": 47157000, "grossProfit": 208719000, "grossProfitRatio": 0.8157037002297988, "researchAndDevelopmentExpenses": 85122000, "generalAndAdministrativeExpenses": 26677000, "sellingAndMarketingExpenses": 83615000, "otherExpenses": 0.0, "operatingExpenses": 195414000, "costAndExpenses": 278933000, "interestExpense": 674000.0, "depreciationAndAmortization": 47437000, "ebitda": 24380000, "ebitdaratio": 0.09528052650502587, "operatingIncome": -23057000, "operatingIncomeRatio": -0.09011005330707061, "totalOtherIncomeExpensesNet": 908000.0, "incomeBeforeTax": -22823000, "incomeBeforeTaxRatio": -0.08919554784348668, "incomeTaxExpense": -3707000.0, "netIncome": -19116000, "netIncomeRatio": -0.07470806171739436, "eps": -0.07, "epsdiluted": -0.07, "weightedAverageShsOut": 268358000, "weightedAverageShsOutDil": 268358000, "link": "https://www.sec.gov/Archives/edgar/data/813672/000089161803002452/0000891618-03-002452-index.htm", "finalLink": "https://www.sec.gov/Archives/edgar/data/813672/000089161803002452/f89975e10vq.htm"}, {"date": "2002-12-28", "symbol": "CDNS", "fillingDate": "2003-03-14", "acceptedDate": "2003-03-14 11:16:54", "period": "FY", "revenue": 276297000, "costOfRevenue": 50821000, "grossProfit": 225476000, "grossProfitRatio": 0.816063873295765, "researchAndDevelopmentExpenses": 85322000, "generalAndAdministrativeExpenses": 37518000, "sellingAndMarketingExpenses": 103434000, "otherExpenses": 5311000.0, "operatingExpenses": 226274000, "costAndExpenses": 101375000, "interestExpense": 2803000.0, "depreciationAndAmortization": 32629000, "ebitda": 207551000, "ebitdaratio": 0.7511880331672077, "operatingIncome": 174922000, "operatingIncomeRatio": 0.6330940980177128, "totalOtherIncomeExpensesNet": -8675000.0, "incomeBeforeTax": 163444000, "incomeBeforeTaxRatio": 0.59155184457305, "incomeTaxExpense": 74750000, "netIncome": 88694000, "netIncomeRatio": 0.3210096381792057, "eps": 0.28, "epsdiluted": 0.28, "weightedAverageShsOut": 259870000, "weightedAverageShsOutDil": 259870000, "link": "https://www.sec.gov/Archives/edgar/data/813672/000089161803001237/0000891618-03-001237-index.htm", "finalLink": "https://www.sec.gov/Archives/edgar/data/813672/000089161803001237/f86295e10vk.htm"}, {"date": "2002-09-28", "symbol": "CDNS", "fillingDate": "2002-11-12", "acceptedDate": "2002-11-12 08:17:55", "period": "Q3", "revenue": 327236000, "costOfRevenue": 60075000, "grossProfit": 267161000, "grossProfitRatio": 0.8164168978963194, "researchAndDevelopmentExpenses": 84647000, "generalAndAdministrativeExpenses": 26267000, "sellingAndMarketingExpenses": 103216000, "otherExpenses": -492000.0, "operatingExpenses": 214130000, "costAndExpenses": 311944000, "interestExpense": 0.0, "depreciationAndAmortization": 60352000, "ebitda": 75644000, "ebitdaratio": 0.23116038577662604, "operatingIncome": 15292000, "operatingIncomeRatio": 0.04673079978975418, "totalOtherIncomeExpensesNet": -492000.0, "incomeBeforeTax": 14800000, "incomeBeforeTaxRatio": 0.045227297730078594, "incomeTaxExpense": 6569000.0, "netIncome": 8231000.0, "netIncomeRatio": 0.025153100514613308, "eps": -0.07, "epsdiluted": -0.07, "weightedAverageShsOut": 256461000, "weightedAverageShsOutDil": 256461000, "link": "https://www.sec.gov/Archives/edgar/data/813672/000089161802004991/0000891618-02-004991-index.htm", "finalLink": "https://www.sec.gov/Archives/edgar/data/813672/000089161802004991/f85715e10vq.htm"}, {"date": "2002-06-29", "symbol": "CDNS", "fillingDate": "2002-08-13", "acceptedDate": "2002-08-13 13:46:22", "period": "Q2", "revenue": 344820000, "costOfRevenue": 76413000, "grossProfit": 268407000, "grossProfitRatio": 0.7783974247433444, "researchAndDevelopmentExpenses": 78255000, "generalAndAdministrativeExpenses": 25552000, "sellingAndMarketingExpenses": 96170000, "otherExpenses": -9822000.0, "operatingExpenses": 199977000, "costAndExpenses": 385348000, "interestExpense": 0.0, "depreciationAndAmortization": 58464000, "ebitda": 17936000, "ebitdaratio": 0.05201554434197552, "operatingIncome": -40528000, "operatingIncomeRatio": -0.11753378574328635, "totalOtherIncomeExpensesNet": -9822000.0, "incomeBeforeTax": -50350000, "incomeBeforeTaxRatio": -0.1460182124006728, "incomeTaxExpense": -4029000.0, "netIncome": -46321000, "netIncomeRatio": -0.1343338553448176, "eps": -0.1, "epsdiluted": -0.1, "weightedAverageShsOut": 250453000, "weightedAverageShsOutDil": 250453000, "link": "https://www.sec.gov/Archives/edgar/data/813672/000089161802003780/0000891618-02-003780-index.htm", "finalLink": "https://www.sec.gov/Archives/edgar/data/813672/000089161802003780/f83500e10vq.htm"}, {"date": "2002-03-30", "symbol": "CDNS", "fillingDate": "2002-05-14", "acceptedDate": "2002-05-14 16:31:53", "period": "Q1", "revenue": 344714000, "costOfRevenue": 67598000, "grossProfit": 277116000, "grossProfitRatio": 0.8039012050569457, "researchAndDevelopmentExpenses": 78190000, "generalAndAdministrativeExpenses": 26430000, "sellingAndMarketingExpenses": 96781000, "otherExpenses": 5003000.0, "operatingExpenses": 201401000, "costAndExpenses": 319645000, "interestExpense": 0.0, "depreciationAndAmortization": 52461000, "ebitda": 77530000, "ebitdaratio": 0.2249110857116334, "operatingIncome": 25069000, "operatingIncomeRatio": 0.07272405530381708, "totalOtherIncomeExpensesNet": 5003000.0, "incomeBeforeTax": 30072000, "incomeBeforeTaxRatio": 0.08723753604437301, "incomeTaxExpense": 8727000.0, "netIncome": 21345000, "netIncomeRatio": 0.06192089674338727, "eps": 0.09, "epsdiluted": 0.09, "weightedAverageShsOut": 249720000, "weightedAverageShsOutDil": 249720000, "link": "https://www.sec.gov/Archives/edgar/data/813672/000089161802002398/0000891618-02-002398-index.htm", "finalLink": "https://www.sec.gov/Archives/edgar/data/813672/000089161802002398/f81542e10-q.htm"}]