[{"date": "2020-03-31", "symbol": "TMUS", "fillingDate": "2020-05-06", "acceptedDate": "2020-05-06 16:19:11", "period": "FY", "revenue": 11113000000, "costOfRevenue": 4168000000, "grossProfit": 6945000000, "grossProfitRatio": 0.6249437595608747, "researchAndDevelopmentExpenses": 0, "generalAndAdministrativeExpenses": 3688000000, "sellingAndMarketingExpenses": 0, "otherExpenses": 5886000000, "operatingExpenses": 9574000000, "costAndExpenses": 13742000000, "interestExpense": 34000000, "depreciationAndAmortization": -6616000000, "ebitda": -5077000000, "ebitdaratio": 0.544171481498, "operatingIncome": 1539000000, "operatingIncomeRatio": 0.252370661139, "totalOtherIncomeExpensesNet": 1119000000, "incomeBeforeTax": 1257000000, "incomeBeforeTaxRatio": 0.203016804128, "incomeTaxExpense": -306000000, "netIncome": 951000000, "netIncomeRatio": 0.152957261942, "eps": -4.06, "epsdiluted": -4.02, "weightedAverageShsOut": 854143751, "weightedAverageShsOutDil": 863433511, "link": "https://www.sec.gov/Archives/edgar/data/1283699/000128369920000106/0001283699-20-000106-index.htm", "finalLink": "https://www.sec.gov/Archives/edgar/data/1283699/000128369920000106/tmus-20200331.htm"}, {"date": "2019-12-31", "symbol": "TMUS", "fillingDate": "2020-02-06", "acceptedDate": "2020-02-06 16:08:16", "period": "FY", "revenue": 11878000000, "costOfRevenue": 5212000000, "grossProfit": 6666000000, "grossProfitRatio": 0.5612055901666947, "researchAndDevelopmentExpenses": 0, "generalAndAdministrativeExpenses": 3656000000, "sellingAndMarketingExpenses": 0, "otherExpenses": 6988000000, "operatingExpenses": 10644000000, "costAndExpenses": 15856000000, "interestExpense": 182000000, "depreciationAndAmortization": 1776000000, "ebitda": 3010000000, "ebitdaratio": 0.2534096649267554, "operatingIncome": 1234000000, "operatingIncomeRatio": 0.10388954369422462, "totalOtherIncomeExpensesNet": -524000000, "incomeBeforeTax": 965000000, "incomeBeforeTaxRatio": 0.08124263343997305, "incomeTaxExpense": -214000000, "netIncome": 751000000, "netIncomeRatio": 0.0632261323455127, "eps": 4.06, "epsdiluted": 4.02, "weightedAverageShsOut": 854143751, "weightedAverageShsOutDil": 863433511, "link": "https://www.sec.gov/Archives/edgar/data/1283699/000128369920000026/0001283699-20-000026-index.htm", "finalLink": "https://www.sec.gov/Archives/edgar/data/1283699/000128369920000026/tmus-20191231.htm"}, {"date": "2019-09-30", "symbol": "TMUS", "fillingDate": "2019-10-28", "acceptedDate": "2019-10-28 16:27:16", "period": "Q3", "revenue": 11061000000, "costOfRevenue": 4437000000, "grossProfit": 6624000000, "grossProfitRatio": 0.5988608624898292, "researchAndDevelopmentExpenses": 0, "generalAndAdministrativeExpenses": 3498000000, "sellingAndMarketingExpenses": 0, "otherExpenses": 6092000000, "operatingExpenses": 9590000000, "costAndExpenses": 14027000000, "interestExpense": 184000000, "depreciationAndAmortization": 1655000000, "ebitda": 3126000000, "ebitdaratio": 0.28261459180905885, "operatingIncome": 1471000000, "operatingIncomeRatio": 0.13298978392550403, "totalOtherIncomeExpensesNet": 469000000, "incomeBeforeTax": 1195000000, "incomeBeforeTaxRatio": 0.10803724798842781, "incomeTaxExpense": -325000000, "netIncome": 870000000, "netIncomeRatio": 0.07865473284513154, "eps": 3.18, "epsdiluted": 3.15, "weightedAverageShsOut": 853391370, "weightedAverageShsOutDil": 862854654, "link": "https://www.sec.gov/Archives/edgar/data/1283699/000128369919000119/0001283699-19-000119-index.htm", "finalLink": "https://www.sec.gov/Archives/edgar/data/1283699/000128369919000119/tmus09302019form10-q.htm"}, {"date": "2019-06-30", "symbol": "TMUS", "fillingDate": "2019-07-26", "acceptedDate": "2019-07-26 16:31:57", "period": "Q2", "revenue": 10979000000, "costOfRevenue": 4310000000, "grossProfit": 6669000000, "grossProfitRatio": 0.6074323708898807, "researchAndDevelopmentExpenses": 0, "generalAndAdministrativeExpenses": 3543000000, "sellingAndMarketingExpenses": 0, "otherExpenses": 5895000000, "operatingExpenses": 9438000000, "costAndExpenses": 13748000000, "interestExpense": 182000000, "depreciationAndAmortization": 1585000000, "ebitda": 3126000000, "ebitdaratio": 0.2847253848255761, "operatingIncome": 1541000000, "operatingIncomeRatio": 0.1403588669277712, "totalOtherIncomeExpensesNet": -488000000, "incomeBeforeTax": 1240000000, "incomeBeforeTaxRatio": 0.11294289097367702, "incomeTaxExpense": -301000000, "netIncome": 939000000, "netIncomeRatio": 0.08552691501958284, "eps": 2.16, "epsdiluted": 2.14, "weightedAverageShsOut": 852796369, "weightedAverageShsOutDil": 860890870, "link": "https://www.sec.gov/Archives/edgar/data/1283699/000128369919000109/0001283699-19-000109-index.htm", "finalLink": "https://www.sec.gov/Archives/edgar/data/1283699/000128369919000109/tmus06302019form10-q.htm"}, {"date": "2019-03-31", "symbol": "TMUS", "fillingDate": "2019-04-25", "acceptedDate": "2019-04-25 16:26:07", "period": "Q1", "revenue": 11080000000, "costOfRevenue": 4562000000, "grossProfit": 6518000000, "grossProfitRatio": 0.5882671480144405, "researchAndDevelopmentExpenses": 0, "generalAndAdministrativeExpenses": 3442000000, "sellingAndMarketingExpenses": 0, "otherExpenses": 6162000000, "operatingExpenses": 9604000000, "costAndExpenses": 14166000000, "interestExpense": 179000000, "depreciationAndAmortization": 1600000000, "ebitda": 3076000000, "ebitdaratio": 0.2776173285198556, "operatingIncome": 1476000000, "operatingIncomeRatio": 0.1332129963898917, "totalOtherIncomeExpensesNet": 7000000, "incomeBeforeTax": 1203000000, "incomeBeforeTaxRatio": 0.10857400722021661, "incomeTaxExpense": -295000000, "netIncome": 908000000, "netIncomeRatio": 0.08194945848375451, "eps": 1.07, "epsdiluted": 1.06, "weightedAverageShsOut": 851223498, "weightedAverageShsOutDil": 858643481, "link": "https://www.sec.gov/Archives/edgar/data/1283699/000128369919000077/0001283699-19-000077-index.htm", "finalLink": "https://www.sec.gov/Archives/edgar/data/1283699/000128369919000077/tmus03312019form10-q.htm"}, {"date": "2018-12-31", "symbol": "TMUS", "fillingDate": "2019-02-07", "acceptedDate": "2019-02-07 07:46:51", "period": "FY", "revenue": 11445000000, "costOfRevenue": 5170000000, "grossProfit": 6275000000, "grossProfitRatio": 0.5482743556138051, "researchAndDevelopmentExpenses": 0, "generalAndAdministrativeExpenses": 3498000000, "sellingAndMarketingExpenses": 0, "otherExpenses": 6810000000, "operatingExpenses": 10308000000, "costAndExpenses": 15478000000, "interestExpense": 194000000, "depreciationAndAmortization": 1640000000, "ebitda": 2777000000, "ebitdaratio": 0.24263870685889036, "operatingIncome": 1137000000, "operatingIncomeRatio": 0.09934469200524246, "totalOtherIncomeExpensesNet": -3000000, "incomeBeforeTax": 838000000, "incomeBeforeTaxRatio": 0.07321974661424202, "incomeTaxExpense": -198000000, "netIncome": 640000000, "netIncomeRatio": 0.055919615552643076, "eps": 3.4, "epsdiluted": 3.36, "weightedAverageShsOut": 849744152, "weightedAverageShsOutDil": 858290174, "link": "https://www.sec.gov/Archives/edgar/data/1283699/000128369919000015/0001283699-19-000015-index.htm", "finalLink": "https://www.sec.gov/Archives/edgar/data/1283699/000128369919000015/tmus12312018form10-k.htm"}, {"date": "2018-09-30", "symbol": "TMUS", "fillingDate": "2018-10-30", "acceptedDate": "2018-10-30 16:08:05", "period": "Q3", "revenue": 10839000000, "costOfRevenue": 4448000000, "grossProfit": 6391000000, "grossProfitRatio": 0.5896300396715565, "researchAndDevelopmentExpenses": 0, "generalAndAdministrativeExpenses": 3314000000, "sellingAndMarketingExpenses": 0, "otherExpenses": 6085000000, "operatingExpenses": 9399000000, "costAndExpenses": 13847000000, "interestExpense": 194000000, "depreciationAndAmortization": 1637000000, "ebitda": 3077000000, "ebitdaratio": 0.2838822769628194, "operatingIncome": 1440000000, "operatingIncomeRatio": 0.13285358427899252, "totalOtherIncomeExpensesNet": -51000000, "incomeBeforeTax": 1130000000, "incomeBeforeTaxRatio": 0.1042531598855983, "incomeTaxExpense": -335000000, "netIncome": 795000000, "netIncomeRatio": 0.07334624965402713, "eps": 2.65, "epsdiluted": 2.62, "weightedAverageShsOut": 849960290, "weightedAverageShsOutDil": 858248568, "link": "https://www.sec.gov/Archives/edgar/data/1283699/000128369918000060/0001283699-18-000060-index.htm", "finalLink": "https://www.sec.gov/Archives/edgar/data/1283699/000128369918000060/tmus09302018form10-q.htm"}, {"date": "2018-06-30", "symbol": "TMUS", "fillingDate": "2018-08-01", "acceptedDate": "2018-08-01 16:19:54", "period": "Q2", "revenue": 10571000000, "costOfRevenue": 4302000000, "grossProfit": 6269000000, "grossProfitRatio": 0.5930375555765774, "researchAndDevelopmentExpenses": 0, "generalAndAdministrativeExpenses": 3185000000, "sellingAndMarketingExpenses": 0, "otherExpenses": 5936000000, "operatingExpenses": 9121000000, "costAndExpenses": 13423000000, "interestExpense": 196000000, "depreciationAndAmortization": 1634000000, "ebitda": 3084000000, "ebitdaratio": 0.2917415570901523, "operatingIncome": 1450000000, "operatingIncomeRatio": 0.13716772301579794, "totalOtherIncomeExpensesNet": -10000000, "incomeBeforeTax": 1068000000, "incomeBeforeTaxRatio": 0.10103112288336014, "incomeTaxExpense": -286000000, "netIncome": 782000000, "netIncomeRatio": 0.07397597199886483, "eps": 1.71, "epsdiluted": 1.69, "weightedAverageShsOut": 851420686, "weightedAverageShsOutDil": 858728832, "link": "https://www.sec.gov/Archives/edgar/data/1283699/000128369918000045/0001283699-18-000045-index.htm", "finalLink": "https://www.sec.gov/Archives/edgar/data/1283699/000128369918000045/tmus06302018form10-q.htm"}, {"date": "2018-03-31", "symbol": "TMUS", "fillingDate": "2018-05-01", "acceptedDate": "2018-05-01 16:13:24", "period": "Q1", "revenue": 10455000000, "costOfRevenue": 4434000000, "grossProfit": 6021000000, "grossProfitRatio": 0.575896700143472, "researchAndDevelopmentExpenses": 0, "generalAndAdministrativeExpenses": 3164000000, "sellingAndMarketingExpenses": 0, "otherExpenses": 6009000000, "operatingExpenses": 9173000000, "costAndExpenses": 13607000000, "interestExpense": 251000000, "depreciationAndAmortization": 1575000000, "ebitda": 2857000000, "ebitdaratio": 0.27326637972262074, "operatingIncome": 1282000000, "operatingIncomeRatio": 0.1226207556193209, "totalOtherIncomeExpensesNet": 10000000, "incomeBeforeTax": 881000000, "incomeBeforeTaxRatio": 0.08426590148254423, "incomeTaxExpense": -210000000, "netIncome": 671000000, "netIncomeRatio": 0.06417981826877092, "eps": 0.78, "epsdiluted": 0.78, "weightedAverageShsOut": 855222664, "weightedAverageShsOutDil": 862244084, "link": "https://www.sec.gov/Archives/edgar/data/1283699/000128369918000026/0001283699-18-000026-index.htm", "finalLink": "https://www.sec.gov/Archives/edgar/data/1283699/000128369918000026/tmus03312018form10-q.htm"}, {"date": "2017-12-31", "symbol": "TMUS", "fillingDate": "2018-02-08", "acceptedDate": "2018-02-08 06:15:41", "period": "FY", "revenue": 10759000000, "costOfRevenue": 5039000000, "grossProfit": 5720000000, "grossProfitRatio": 0.5316479226693931, "researchAndDevelopmentExpenses": 0, "generalAndAdministrativeExpenses": 3291000000, "sellingAndMarketingExpenses": 0, "otherExpenses": 6356000000, "operatingExpenses": 9647000000, "costAndExpenses": 14686000000, "interestExpense": 254000000, "depreciationAndAmortization": 1485000000, "ebitda": 2597000000, "ebitdaratio": 0.2413793103448276, "operatingIncome": 1112000000, "operatingIncomeRatio": 0.10335533042104285, "totalOtherIncomeExpensesNet": 96000000, "incomeBeforeTax": 714000000, "incomeBeforeTaxRatio": 0.06636304489264802, "incomeTaxExpense": 1993000000, "netIncome": 2707000000, "netIncomeRatio": 0.25160330885770055, "eps": 5.39, "epsdiluted": 5.2, "weightedAverageShsOut": 831850073, "weightedAverageShsOutDil": 871787450, "link": "https://www.sec.gov/Archives/edgar/data/1283699/000128369918000011/0001283699-18-000011-index.htm", "finalLink": "https://www.sec.gov/Archives/edgar/data/1283699/000128369918000011/tmus12312017form10-k.htm"}, {"date": "2017-09-30", "symbol": "TMUS", "fillingDate": "2017-10-23", "acceptedDate": "2017-10-23 07:37:08", "period": "Q3", "revenue": 10019000000, "costOfRevenue": 4211000000, "grossProfit": 5808000000, "grossProfitRatio": 0.5796985727118474, "researchAndDevelopmentExpenses": 0, "generalAndAdministrativeExpenses": 3098000000, "sellingAndMarketingExpenses": 0, "otherExpenses": 5598000000, "operatingExpenses": 8696000000, "costAndExpenses": 12907000000, "interestExpense": 253000000, "depreciationAndAmortization": 1495000000, "ebitda": 2818000000, "ebitdaratio": 0.2812655953687993, "operatingIncome": 1323000000, "operatingIncomeRatio": 0.13204910669727518, "totalOtherIncomeExpensesNet": -91000000, "incomeBeforeTax": 906000000, "incomeBeforeTaxRatio": 0.09042818644575307, "incomeTaxExpense": -356000000, "netIncome": 550000000, "netIncomeRatio": 0.054895698173470404, "eps": 2.15, "epsdiluted": 2.1, "weightedAverageShsOut": 829974146, "weightedAverageShsOutDil": 871735511, "link": "https://www.sec.gov/Archives/edgar/data/1283699/000128369917000043/0001283699-17-000043-index.htm", "finalLink": "https://www.sec.gov/Archives/edgar/data/1283699/000128369917000043/tmus09302017form10-q.htm"}, {"date": "2017-06-30", "symbol": "TMUS", "fillingDate": "2017-07-20", "acceptedDate": "2017-07-20 16:07:10", "period": "Q2", "revenue": 10213000000, "costOfRevenue": 4364000000, "grossProfit": 5849000000, "grossProfitRatio": 0.5727014589248997, "researchAndDevelopmentExpenses": 0, "generalAndAdministrativeExpenses": 2915000000, "sellingAndMarketingExpenses": 0, "otherExpenses": 5882000000, "operatingExpenses": 8797000000, "costAndExpenses": 13161000000, "interestExpense": 265000000, "depreciationAndAmortization": 1519000000, "ebitda": 2935000000, "ebitdaratio": 0.28737883090179184, "operatingIncome": 1416000000, "operatingIncomeRatio": 0.1386468226769803, "totalOtherIncomeExpensesNet": 0, "incomeBeforeTax": 934000000, "incomeBeforeTaxRatio": 0.0914520708900421, "incomeTaxExpense": -353000000, "netIncome": 581000000, "netIncomeRatio": 0.0568882796435915, "eps": 1.51, "epsdiluted": 1.47, "weightedAverageShsOut": 829356255, "weightedAverageShsOutDil": 870853652, "link": "https://www.sec.gov/Archives/edgar/data/1283699/000128369917000032/0001283699-17-000032-index.htm", "finalLink": "https://www.sec.gov/Archives/edgar/data/1283699/000128369917000032/tmus06302017form10-q.htm"}, {"date": "2017-03-31", "symbol": "TMUS", "fillingDate": "2017-04-24", "acceptedDate": "2017-04-24 16:15:44", "period": "Q1", "revenue": 9613000000, "costOfRevenue": 4094000000, "grossProfit": 5519000000, "grossProfitRatio": 0.574118381358577, "researchAndDevelopmentExpenses": 0, "generalAndAdministrativeExpenses": 2955000000, "sellingAndMarketingExpenses": 0, "otherExpenses": 5621000000, "operatingExpenses": 8576000000, "costAndExpenses": 12670000000, "interestExpense": 339000000, "depreciationAndAmortization": 1564000000, "ebitda": 2601000000, "ebitdaratio": 0.270571101633205, "operatingIncome": 1037000000, "operatingIncomeRatio": 0.10787475293872881, "totalOtherIncomeExpensesNet": 2000000, "incomeBeforeTax": 607000000, "incomeBeforeTaxRatio": 0.06314365962758764, "incomeTaxExpense": 91000000, "netIncome": 698000000, "netIncomeRatio": 0.07261000728180589, "eps": 0.83, "epsdiluted": 0.8, "weightedAverageShsOut": 827723034, "weightedAverageShsOutDil": 869395250, "link": "https://www.sec.gov/Archives/edgar/data/1283699/000128369917000022/0001283699-17-000022-index.htm", "finalLink": "https://www.sec.gov/Archives/edgar/data/1283699/000128369917000022/tmus03312017form10-q.htm"}, {"date": "2016-12-31", "symbol": "TMUS", "fillingDate": "2017-02-14", "acceptedDate": "2017-02-14 07:37:53", "period": "FY", "revenue": 10175000000, "costOfRevenue": 4726000000, "grossProfit": 5449000000, "grossProfitRatio": 0.5355282555282556, "researchAndDevelopmentExpenses": 0, "generalAndAdministrativeExpenses": 2959000000, "sellingAndMarketingExpenses": 0, "otherExpenses": 6274000000, "operatingExpenses": 9233000000, "costAndExpenses": 13959000000, "interestExpense": 335000000, "depreciationAndAmortization": 1548000000, "ebitda": 2490000000, "ebitdaratio": 0.24471744471744472, "operatingIncome": 942000000, "operatingIncomeRatio": 0.09257985257985259, "totalOtherIncomeExpensesNet": 0, "incomeBeforeTax": 606000000, "incomeBeforeTaxRatio": 0.059557739557739554, "incomeTaxExpense": -216000000, "netIncome": 390000000, "netIncomeRatio": 0.03832923832923833, "eps": 1.71, "epsdiluted": 1.69, "weightedAverageShsOut": 822470275, "weightedAverageShsOutDil": 833054545, "link": "https://www.sec.gov/Archives/edgar/data/1283699/000128369917000010/0001283699-17-000010-index.htm", "finalLink": "https://www.sec.gov/Archives/edgar/data/1283699/000128369917000010/tmus12312016form10-k.htm"}, {"date": "2016-09-30", "symbol": "TMUS", "fillingDate": "2016-10-24", "acceptedDate": "2016-10-24 07:37:14", "period": "Q3", "revenue": 9246000000, "costOfRevenue": 3990000000, "grossProfit": 5256000000, "grossProfitRatio": 0.5684620376378975, "researchAndDevelopmentExpenses": 0, "generalAndAdministrativeExpenses": 2898000000, "sellingAndMarketingExpenses": 0, "otherExpenses": 5359000000, "operatingExpenses": 8257000000, "costAndExpenses": 12247000000, "interestExpense": 376000000, "depreciationAndAmortization": 1568000000, "ebitda": 2557000000, "ebitdaratio": 0.2765520224962146, "operatingIncome": 989000000, "operatingIncomeRatio": 0.10696517412935323, "totalOtherIncomeExpensesNet": 7000000, "incomeBeforeTax": 598000000, "incomeBeforeTaxRatio": 0.06467661691542288, "incomeTaxExpense": -232000000, "netIncome": 366000000, "netIncomeRatio": 0.03958468526930565, "eps": 1.25, "epsdiluted": 1.24, "weightedAverageShsOut": 821626675, "weightedAverageShsOutDil": 831241027, "link": "https://www.sec.gov/Archives/edgar/data/1283699/000128369916000115/0001283699-16-000115-index.htm", "finalLink": "https://www.sec.gov/Archives/edgar/data/1283699/000128369916000115/tmus09302016form10-q.htm"}, {"date": "2016-06-30", "symbol": "TMUS", "fillingDate": "2016-07-27", "acceptedDate": "2016-07-27 07:40:25", "period": "Q2", "revenue": 9222000000, "costOfRevenue": 4107000000, "grossProfit": 5115000000, "grossProfitRatio": 0.5546519193233572, "researchAndDevelopmentExpenses": 0, "generalAndAdministrativeExpenses": 2772000000, "sellingAndMarketingExpenses": 0, "otherExpenses": 5682000000, "operatingExpenses": 8454000000, "costAndExpenses": 12561000000, "interestExpense": 368000000, "depreciationAndAmortization": 1575000000, "ebitda": 2343000000, "ebitdaratio": 0.25406636304489266, "operatingIncome": 768000000, "operatingIncomeRatio": 0.08327911515940144, "totalOtherIncomeExpensesNet": -5000000, "incomeBeforeTax": 372000000, "incomeBeforeTaxRatio": 0.04033832140533507, "incomeTaxExpense": -147000000, "netIncome": 225000000, "netIncomeRatio": 0.024398178269355888, "eps": 0.82, "epsdiluted": 0.81, "weightedAverageShsOut": 820933126, "weightedAverageShsOutDil": 829662053, "link": "https://www.sec.gov/Archives/edgar/data/1283699/000128369916000100/0001283699-16-000100-index.htm", "finalLink": "https://www.sec.gov/Archives/edgar/data/1283699/000128369916000100/tmus06302016form10-q.htm"}, {"date": "2016-03-31", "symbol": "TMUS", "fillingDate": "2016-04-26", "acceptedDate": "2016-04-26 06:21:56", "period": "Q1", "revenue": 8599000000, "costOfRevenue": 3831000000, "grossProfit": 4768000000, "grossProfitRatio": 0.5544830794278405, "researchAndDevelopmentExpenses": 0, "generalAndAdministrativeExpenses": 2749000000, "sellingAndMarketingExpenses": 0, "otherExpenses": 4747000000, "operatingExpenses": 7496000000, "costAndExpenses": 11327000000, "interestExpense": 339000000, "depreciationAndAmortization": 1552000000, "ebitda": 2655000000, "ebitdaratio": 0.3087568321897895, "operatingIncome": 1103000000, "operatingIncomeRatio": 0.12827072915455284, "totalOtherIncomeExpensesNet": 0, "incomeBeforeTax": 751000000, "incomeBeforeTaxRatio": 0.08733573671357135, "incomeTaxExpense": -272000000, "netIncome": 479000000, "netIncomeRatio": 0.05570415164554018, "eps": 0.57, "epsdiluted": 0.56, "weightedAverageShsOut": 819431761, "weightedAverageShsOutDil": 859382827, "link": "https://www.sec.gov/Archives/edgar/data/1283699/000128369916000083/0001283699-16-000083-index.htm", "finalLink": "https://www.sec.gov/Archives/edgar/data/1283699/000128369916000083/tmus03312016form10-q.htm"}, {"date": "2015-12-31", "symbol": "TMUS", "fillingDate": "2016-02-17", "acceptedDate": "2016-02-17 06:09:43", "period": "FY", "revenue": 8247000000, "costOfRevenue": 3424000000, "grossProfit": 4823000000, "grossProfitRatio": 0.5848187219595005, "researchAndDevelopmentExpenses": 0, "generalAndAdministrativeExpenses": 2755000000, "sellingAndMarketingExpenses": 0, "otherExpenses": 4654000000, "operatingExpenses": 7409000000, "costAndExpenses": 10833000000, "interestExpense": 808000000, "depreciationAndAmortization": 4688000000, "ebitda": 5526000000, "ebitdaratio": 0.6700618406693343, "operatingIncome": 838000000, "operatingIncomeRatio": 0.10161270765126713, "totalOtherIncomeExpensesNet": -9000000, "incomeBeforeTax": 481000000, "incomeBeforeTaxRatio": 0.05832423911725476, "incomeTaxExpense": 184000000, "netIncome": 297000000, "netIncomeRatio": 0.03601309567115315, "eps": 0.83, "epsdiluted": 0.82, "weightedAverageShsOut": 812994028, "weightedAverageShsOutDil": 822617938, "link": "https://www.sec.gov/Archives/edgar/data/1283699/000128369916000073/0001283699-16-000073-index.htm", "finalLink": "https://www.sec.gov/Archives/edgar/data/1283699/000128369916000073/tmus12312015form10-k.htm"}, {"date": "2015-09-30", "symbol": "TMUS", "fillingDate": "2015-10-27", "acceptedDate": "2015-10-27 07:50:50", "period": "Q3", "revenue": 7849000000, "costOfRevenue": 3556000000, "grossProfit": 4293000000, "grossProfitRatio": 0.5469486558797299, "researchAndDevelopmentExpenses": 0, "generalAndAdministrativeExpenses": 2624000000, "sellingAndMarketingExpenses": 0, "otherExpenses": 4712000000, "operatingExpenses": 7336000000, "costAndExpenses": 10892000000, "interestExpense": 121000000, "depreciationAndAmortization": 1378000000, "ebitda": 513000000, "ebitdaratio": 0.06535864441330105, "operatingIncome": 513000000, "operatingIncomeRatio": 0.06535864441330105, "totalOtherIncomeExpensesNet": 5000000, "incomeBeforeTax": 238000000, "incomeBeforeTaxRatio": 0.03032233405529367, "incomeTaxExpense": 100000000, "netIncome": 138000000, "netIncomeRatio": 0.017581857561472798, "eps": 0.49, "epsdiluted": 0.48, "weightedAverageShsOut": 811783620, "weightedAverageShsOutDil": 820514748, "link": "https://www.sec.gov/Archives/edgar/data/1283699/000128369915000055/0001283699-15-000055-index.htm", "finalLink": "https://www.sec.gov/Archives/edgar/data/1283699/000128369915000055/tmus09302015form10-q.htm"}, {"date": "2015-06-30", "symbol": "TMUS", "fillingDate": "2015-07-30", "acceptedDate": "2015-07-30 07:44:12", "period": "Q2", "revenue": 15957000000, "costOfRevenue": 8294000000, "grossProfit": 7663000000, "grossProfitRatio": 0.4802281130538322, "researchAndDevelopmentExpenses": 0, "generalAndAdministrativeExpenses": 4810000000, "sellingAndMarketingExpenses": 0, "otherExpenses": 10433000000, "operatingExpenses": 15803000000, "costAndExpenses": 24097000000, "interestExpense": 156000000, "depreciationAndAmortization": 1397000000, "ebitda": 777000000, "ebitdaratio": 0.0486933634141756, "operatingIncome": 777000000, "operatingIncomeRatio": 0.0486933634141756, "totalOtherIncomeExpensesNet": -7000000, "incomeBeforeTax": 322000000, "incomeBeforeTaxRatio": 0.020179231685153853, "incomeTaxExpense": -39000000, "netIncome": 361000000, "netIncomeRatio": 0.02262330011907, "eps": 0.33, "epsdiluted": 0.33, "weightedAverageShsOut": 810113564, "weightedAverageShsOutDil": 819548539, "link": "https://www.sec.gov/Archives/edgar/data/1283699/000128369915000038/0001283699-15-000038-index.htm", "finalLink": "https://www.sec.gov/Archives/edgar/data/1283699/000128369915000038/tmus06302015form10-q.htm"}, {"date": "2015-03-31", "symbol": "TMUS", "fillingDate": "2015-04-28", "acceptedDate": "2015-04-28 07:43:18", "period": "Q1", "revenue": 0, "costOfRevenue": 0, "grossProfit": 0, "grossProfitRatio": 0, "researchAndDevelopmentExpenses": 0, "generalAndAdministrativeExpenses": 0, "sellingAndMarketingExpenses": 0, "otherExpenses": 0, "operatingExpenses": -560000000, "costAndExpenses": -560000000, "interestExpense": 0, "depreciationAndAmortization": 1395000000, "ebitda": 1332000000, "ebitdaratio": 0, "operatingIncome": -63000000, "operatingIncomeRatio": 0, "totalOtherIncomeExpensesNet": 0, "incomeBeforeTax": -63000000, "incomeBeforeTaxRatio": 0, "incomeTaxExpense": 0, "netIncome": -63000000, "netIncomeRatio": 0, "eps": -0.09, "epsdiluted": -0.09, "weightedAverageShsOut": 808605526, "weightedAverageShsOutDil": 808605526, "link": "https://www.sec.gov/Archives/edgar/data/1283699/000128369915000018/0001283699-15-000018-index.htm", "finalLink": "https://www.sec.gov/Archives/edgar/data/1283699/000128369915000018/tmus03312015form10-q.htm"}, {"date": "2014-12-31", "symbol": "TMUS", "fillingDate": "2015-02-19", "acceptedDate": "2015-02-18 21:30:33", "period": "FY", "revenue": 8154000000, "costOfRevenue": 4363000000, "grossProfit": 3791000000, "grossProfitRatio": 0.464925190090753, "researchAndDevelopmentExpenses": 0, "generalAndAdministrativeExpenses": 2333000000, "sellingAndMarketingExpenses": 0, "otherExpenses": 5388000000, "operatingExpenses": 7721000000, "costAndExpenses": 12084000000, "interestExpense": 92000000, "depreciationAndAmortization": 4365000000, "ebitda": 4798000000, "ebitdaratio": 0.5884228599460387, "operatingIncome": 433000000, "operatingIncomeRatio": 0.053102771645818, "totalOtherIncomeExpensesNet": 21000000, "incomeBeforeTax": 200000000, "incomeBeforeTaxRatio": 0.02452783909737552, "incomeTaxExpense": 99000000, "netIncome": 101000000, "netIncomeRatio": 0.012386558744174637, "eps": 0.31, "epsdiluted": 0.3, "weightedAverageShsOut": 805284712, "weightedAverageShsOutDil": 815922258, "link": "https://www.sec.gov/Archives/edgar/data/1283699/000128369915000010/0001283699-15-000010-index.htm", "finalLink": "https://www.sec.gov/Archives/edgar/data/1283699/000128369915000010/tmus12312014form10-k.htm"}, {"date": "2014-09-30", "symbol": "TMUS", "fillingDate": "2014-10-28", "acceptedDate": "2014-10-27 21:23:14", "period": "Q3", "revenue": 7350000000, "costOfRevenue": 3927000000, "grossProfit": 3423000000, "grossProfitRatio": 0.4657142857142857, "researchAndDevelopmentExpenses": 0, "generalAndAdministrativeExpenses": 2283000000, "sellingAndMarketingExpenses": 0, "otherExpenses": 5018000000, "operatingExpenses": 7301000000, "costAndExpenses": 11228000000, "interestExpense": 83000000, "depreciationAndAmortization": 1488000000, "ebitda": 49000000, "ebitdaratio": 0.006666666666666667, "operatingIncome": 49000000, "operatingIncomeRatio": 0.006666666666666667, "totalOtherIncomeExpensesNet": -14000000, "incomeBeforeTax": -211000000, "incomeBeforeTaxRatio": -0.028707482993197277, "incomeTaxExpense": -117000000, "netIncome": -94000000, "netIncomeRatio": -0.012789115646258504, "eps": 0.18, "epsdiluted": 0.18, "weightedAverageShsOut": 804572685, "weightedAverageShsOutDil": 813507827, "link": "https://www.sec.gov/Archives/edgar/data/1283699/000128369914000053/0001283699-14-000053-index.htm", "finalLink": "https://www.sec.gov/Archives/edgar/data/1283699/000128369914000053/tmus09302014form10-q.htm"}, {"date": "2014-06-30", "symbol": "TMUS", "fillingDate": "2014-07-31", "acceptedDate": "2014-07-30 20:44:30", "period": "Q2", "revenue": 7185000000, "costOfRevenue": 3668000000, "grossProfit": 3517000000, "grossProfitRatio": 0.4894919972164231, "researchAndDevelopmentExpenses": 0, "generalAndAdministrativeExpenses": 2151000000, "sellingAndMarketingExpenses": 0, "otherExpenses": 4072000000, "operatingExpenses": 6223000000, "costAndExpenses": 9891000000, "interestExpense": 85000000, "depreciationAndAmortization": 1453000000, "ebitda": 962000000, "ebitdaratio": 0.1338900487125957, "operatingIncome": 962000000, "operatingIncomeRatio": 0.1338900487125957, "totalOtherIncomeExpensesNet": -18000000, "incomeBeforeTax": 677000000, "incomeBeforeTaxRatio": 0.0942240779401531, "incomeTaxExpense": 286000000, "netIncome": 391000000, "netIncomeRatio": 0.05441892832289492, "eps": 0.3, "epsdiluted": 0.3, "weightedAverageShsOut": 803226194, "weightedAverageShsOutDil": 812903135, "link": "https://www.sec.gov/Archives/edgar/data/1283699/000128369914000035/0001283699-14-000035-index.htm", "finalLink": "https://www.sec.gov/Archives/edgar/data/1283699/000128369914000035/tmus06302014form10-q.htm"}, {"date": "2014-03-31", "symbol": "TMUS", "fillingDate": "2014-05-01", "acceptedDate": "2014-04-30 21:34:40", "period": "Q1", "revenue": 6875000000, "costOfRevenue": 3750000000, "grossProfit": 3125000000, "grossProfitRatio": 0.45454545454545453, "researchAndDevelopmentExpenses": 0, "generalAndAdministrativeExpenses": 2096000000, "sellingAndMarketingExpenses": 0, "otherExpenses": 4807000000, "operatingExpenses": 6903000000, "costAndExpenses": 10653000000, "interestExpense": 18000000, "depreciationAndAmortization": 1464000000, "ebitda": 1436000000, "ebitdaratio": 0.20887272727272727, "operatingIncome": -28000000, "operatingIncomeRatio": -0.004072727272727273, "totalOtherIncomeExpensesNet": 0, "incomeBeforeTax": -253000000, "incomeBeforeTaxRatio": -0.0368, "incomeTaxExpense": -102000000, "netIncome": -151000000, "netIncomeRatio": -0.021963636363636362, "eps": -0.19, "epsdiluted": -0.19, "weightedAverageShsOut": 802520723, "weightedAverageShsOutDil": 802520723, "link": "https://www.sec.gov/Archives/edgar/data/1283699/000128369914000022/0001283699-14-000022-index.htm", "finalLink": "https://www.sec.gov/Archives/edgar/data/1283699/000128369914000022/tmus03312014form10-q.htm"}, {"date": "2013-12-31", "symbol": "TMUS", "fillingDate": "2014-02-25", "acceptedDate": "2014-02-24 21:52:32", "period": "FY", "revenue": 6827000000, "costOfRevenue": 7418000000, "grossProfit": -591000000, "grossProfitRatio": -0.08656803866998682, "researchAndDevelopmentExpenses": 0, "generalAndAdministrativeExpenses": 4900000000, "sellingAndMarketingExpenses": 0, "otherExpenses": 1788000000, "operatingExpenses": 6688000000, "costAndExpenses": 14106000000, "interestExpense": 92000000, "depreciationAndAmortization": 3565000000, "ebitda": 3704000000, "ebitdaratio": 0.5425516332210342, "operatingIncome": 139000000, "operatingIncomeRatio": 0.020360333968067964, "totalOtherIncomeExpensesNet": -16000000, "incomeBeforeTax": -139000000, "incomeBeforeTaxRatio": -0.020360333968067964, "incomeTaxExpense": -119000000, "netIncome": -20000000, "netIncomeRatio": -0.0029295444558371173, "eps": 0.05, "epsdiluted": 0.05, "weightedAverageShsOut": 672955980, "weightedAverageShsOutDil": 676885215, "link": "https://www.sec.gov/Archives/edgar/data/1283699/000128369914000012/0001283699-14-000012-index.htm", "finalLink": "https://www.sec.gov/Archives/edgar/data/1283699/000128369914000012/tmus12312013form10k.htm"}, {"date": "2013-09-30", "symbol": "TMUS", "fillingDate": "2013-11-07", "acceptedDate": "2013-11-06 20:49:16", "period": "Q3", "revenue": 6688000000, "costOfRevenue": 2015000000, "grossProfit": 4673000000, "grossProfitRatio": 0.6987141148325359, "researchAndDevelopmentExpenses": 0, "generalAndAdministrativeExpenses": 894000000, "sellingAndMarketingExpenses": 0, "otherExpenses": 5497000000, "operatingExpenses": 6391000000, "costAndExpenses": 8406000000, "interestExpense": 183000000, "depreciationAndAmortization": 987000000, "ebitda": 297000000, "ebitdaratio": 0.044407894736842105, "operatingIncome": 297000000, "operatingIncomeRatio": 0.044407894736842105, "totalOtherIncomeExpensesNet": -7000000, "incomeBeforeTax": 6000000, "incomeBeforeTaxRatio": 0.0008971291866028708, "incomeTaxExpense": 42000000, "netIncome": -36000000, "netIncomeRatio": -0.005382775119617225, "eps": 0.09, "epsdiluted": 0.09, "weightedAverageShsOut": 642957645, "weightedAverageShsOutDil": 645520524, "link": "https://www.sec.gov/Archives/edgar/data/1283699/000128369913000127/0001283699-13-000127-index.htm", "finalLink": "https://www.sec.gov/Archives/edgar/data/1283699/000128369913000127/tmus09302013form10q.htm"}, {"date": "2013-06-30", "symbol": "TMUS", "fillingDate": "2013-08-08", "acceptedDate": "2013-08-08 10:16:35", "period": "Q2", "revenue": 10905000000, "costOfRevenue": 2822000000, "grossProfit": 8083000000, "grossProfitRatio": 0.7412196240256763, "researchAndDevelopmentExpenses": 0, "generalAndAdministrativeExpenses": 1588000000, "sellingAndMarketingExpenses": 0, "otherExpenses": 8757000000, "operatingExpenses": 10345000000, "costAndExpenses": 13167000000, "interestExpense": 403000000, "depreciationAndAmortization": -175362000, "ebitda": 384638000, "ebitdaratio": 0.03527171022466758, "operatingIncome": 560000000, "operatingIncomeRatio": 0.05135259055479138, "totalOtherIncomeExpensesNet": 112000000, "incomeBeforeTax": 184000000, "incomeBeforeTaxRatio": 0.016872994039431453, "incomeTaxExpense": 93000000, "netIncome": 91000000, "netIncomeRatio": 0.0083447959651536, "eps": 0.15, "epsdiluted": 0.15, "weightedAverageShsOut": 600302111, "weightedAverageShsOutDil": 601694911, "link": "https://www.sec.gov/Archives/edgar/data/1283699/000128369913000115/0001283699-13-000115-index.htm", "finalLink": "https://www.sec.gov/Archives/edgar/data/1283699/000128369913000115/tmus06302013form10q.htm"}, {"date": "2013-03-31", "symbol": "TMUS", "fillingDate": "2013-04-25", "acceptedDate": "2013-04-25 09:55:18", "period": "Q1", "revenue": 1287061000, "costOfRevenue": 810947000, "grossProfit": 476114000, "grossProfitRatio": 0.36992341466332984, "researchAndDevelopmentExpenses": 0, "generalAndAdministrativeExpenses": 194611000, "sellingAndMarketingExpenses": 0, "otherExpenses": 984622000, "operatingExpenses": 1179233000, "costAndExpenses": 1990180000, "interestExpense": -76346000, "depreciationAndAmortization": 175362000, "ebitda": 283190000, "ebitdaratio": 0.22002842134133502, "operatingIncome": 107828000, "operatingIncomeRatio": 0.08377846893037703, "totalOtherIncomeExpensesNet": -84000, "incomeBeforeTax": 31939000, "incomeBeforeTaxRatio": 0.024815451637490375, "incomeTaxExpense": -12543000, "netIncome": 19396000, "netIncomeRatio": 0.015069992797544172, "eps": 0.05, "epsdiluted": 0.05, "weightedAverageShsOut": 364999137, "weightedAverageShsOutDil": 366556369, "link": "https://www.sec.gov/Archives/edgar/data/1283699/000128369913000088/0001283699-13-000088-index.htm", "finalLink": "https://www.sec.gov/Archives/edgar/data/1283699/000128369913000088/mpcs2013-q110xq.htm"}, {"date": "2012-12-31", "symbol": "TMUS", "fillingDate": "2013-03-01", "acceptedDate": "2013-03-01 15:46:18", "period": "FY", "revenue": 1284348000, "costOfRevenue": 796948000, "grossProfit": 487400000, "grossProfitRatio": 0.379492162560303, "researchAndDevelopmentExpenses": 0, "generalAndAdministrativeExpenses": 189292000, "sellingAndMarketingExpenses": 0, "otherExpenses": 973541000, "operatingExpenses": 1162833000, "costAndExpenses": 1959781000, "interestExpense": -69270000, "depreciationAndAmortization": 174113000, "ebitda": 295628000, "ebitdaratio": 0.2301774908358171, "operatingIncome": 121515000, "operatingIncomeRatio": 0.0946122079062684, "totalOtherIncomeExpensesNet": -4462000, "incomeBeforeTax": 57102000, "incomeBeforeTaxRatio": 0.044459912733931926, "incomeTaxExpense": -25437000, "netIncome": 31665000, "netIncomeRatio": 0.024654532883610983, "eps": 1.08, "epsdiluted": 1.07, "weightedAverageShsOut": 363449061, "weightedAverageShsOutDil": 364880303, "link": "https://www.sec.gov/Archives/edgar/data/1283699/000128369913000031/0001283699-13-000031-index.htm", "finalLink": "https://www.sec.gov/Archives/edgar/data/1283699/000128369913000031/metropcs10k-2012.htm"}, {"date": "2012-09-30", "symbol": "TMUS", "fillingDate": "2012-10-30", "acceptedDate": "2012-10-30 08:43:10", "period": "Q3", "revenue": 1259160000, "costOfRevenue": 638972000, "grossProfit": 620188000, "grossProfitRatio": 0.4925410591187776, "researchAndDevelopmentExpenses": 0, "generalAndAdministrativeExpenses": 163409000, "sellingAndMarketingExpenses": 0, "otherExpenses": 803513000, "operatingExpenses": 966922000, "costAndExpenses": 1605894000, "interestExpense": -66655000, "depreciationAndAmortization": 164989000, "ebitda": 457227000, "ebitdaratio": 0.36312065186314685, "operatingIncome": 292238000, "operatingIncomeRatio": 0.23208964706629817, "totalOtherIncomeExpensesNet": -105000, "incomeBeforeTax": 278648000, "incomeBeforeTaxRatio": 0.22129673750754472, "incomeTaxExpense": -85980000, "netIncome": 192668000, "netIncomeRatio": 0.1530131198576829, "eps": 0.99, "epsdiluted": 0.99, "weightedAverageShsOut": 363190434, "weightedAverageShsOutDil": 364440115, "link": "https://www.sec.gov/Archives/edgar/data/1283699/000128369912000047/0001283699-12-000047-index.htm", "finalLink": "https://www.sec.gov/Archives/edgar/data/1283699/000128369912000047/mpcs2012-q310xq.htm"}, {"date": "2012-06-30", "symbol": "TMUS", "fillingDate": "2012-07-26", "acceptedDate": "2012-07-26 06:33:45", "period": "Q2", "revenue": 1281180000, "costOfRevenue": 646340000, "grossProfit": 634840000, "grossProfitRatio": 0.49551194992116643, "researchAndDevelopmentExpenses": 0, "generalAndAdministrativeExpenses": 167495000, "sellingAndMarketingExpenses": 0, "otherExpenses": 801736000, "operatingExpenses": 969231000, "costAndExpenses": 1615571000, "interestExpense": -69486000, "depreciationAndAmortization": 155182000, "ebitda": 467131000, "ebitdaratio": 0.3646099689348882, "operatingIncome": 311949000, "operatingIncomeRatio": 0.24348569287687913, "totalOtherIncomeExpensesNet": -210000, "incomeBeforeTax": 243046000, "incomeBeforeTaxRatio": 0.18970480338438003, "incomeTaxExpense": -94211000, "netIncome": 148835000, "netIncomeRatio": 0.11617024930142525, "eps": 0.46, "epsdiluted": 0.46, "weightedAverageShsOut": 362991209, "weightedAverageShsOutDil": 364148811, "link": "https://www.sec.gov/Archives/edgar/data/1283699/000128369912000008/0001283699-12-000008-index.htm", "finalLink": "https://www.sec.gov/Archives/edgar/data/1283699/000128369912000008/mpcs2012-q210xq.htm"}, {"date": "2012-03-31", "symbol": "TMUS", "fillingDate": "2012-04-26", "acceptedDate": "2012-04-26 06:42:08", "period": "Q1", "revenue": 1276590000, "costOfRevenue": 847791000, "grossProfit": 428799000, "grossProfitRatio": 0.33589406152327683, "researchAndDevelopmentExpenses": 0, "generalAndAdministrativeExpenses": 176593000, "sellingAndMarketingExpenses": 0, "otherExpenses": 1001730000, "operatingExpenses": 1178323000, "costAndExpenses": 2026114000, "interestExpense": -70083000, "depreciationAndAmortization": 154650000, "ebitda": 252917000, "ebitdaratio": 0.19811920820310358, "operatingIncome": 98267000, "operatingIncomeRatio": 0.07697616305940043, "totalOtherIncomeExpensesNet": -103000, "incomeBeforeTax": 28662000, "incomeBeforeTaxRatio": 0.022452001034004652, "incomeTaxExpense": -7658000, "netIncome": 21004000, "netIncomeRatio": 0.01645320737276651, "eps": 0.06, "epsdiluted": 0.06, "weightedAverageShsOut": 362718613, "weightedAverageShsOutDil": 364283160, "link": "https://www.sec.gov/Archives/edgar/data/1283699/000144530512001188/0001445305-12-001188-index.htm", "finalLink": "https://www.sec.gov/Archives/edgar/data/1283699/000144530512001188/mpcs2012-q110xq.htm"}, {"date": "2011-12-31", "symbol": "TMUS", "fillingDate": "2012-02-29", "acceptedDate": "2012-02-29 11:43:09", "period": "FY", "revenue": 1238165000, "costOfRevenue": 728682000, "grossProfit": 509483000, "grossProfitRatio": 0.41148231455419915, "researchAndDevelopmentExpenses": 0, "generalAndAdministrativeExpenses": 157173000, "sellingAndMarketingExpenses": 0, "otherExpenses": 865877000, "operatingExpenses": 1023050000, "costAndExpenses": 1751732000, "interestExpense": -68022000, "depreciationAndAmortization": 136761000, "ebitda": 351876000, "ebitdaratio": 0.28419152536212866, "operatingIncome": 215115000, "operatingIncomeRatio": 0.1737369413608041, "totalOtherIncomeExpensesNet": -165000, "incomeBeforeTax": 147729000, "incomeBeforeTaxRatio": 0.11931285410264383, "incomeTaxExpense": -56459000, "netIncome": 91270000, "netIncomeRatio": 0.0737139234270069, "eps": 0.83, "epsdiluted": 0.82, "weightedAverageShsOut": 360410168, "weightedAverageShsOutDil": 363837940, "link": "https://www.sec.gov/Archives/edgar/data/1283699/000144530512000521/0001445305-12-000521-index.htm", "finalLink": "https://www.sec.gov/Archives/edgar/data/1283699/000144530512000521/metropcs10k-2011.htm"}, {"date": "2011-09-30", "symbol": "TMUS", "fillingDate": "2011-11-01", "acceptedDate": "2011-11-01 08:11:59", "period": "Q3", "revenue": 1205388000, "costOfRevenue": 725506000, "grossProfit": 479882000, "grossProfitRatio": 0.3981141342040903, "researchAndDevelopmentExpenses": 0, "generalAndAdministrativeExpenses": 162459000, "sellingAndMarketingExpenses": 0, "otherExpenses": 866098000, "operatingExpenses": 1028557000, "costAndExpenses": 1754063000, "interestExpense": -69510000, "depreciationAndAmortization": 141435000, "ebitda": 318266000, "ebitdaratio": 0.2640361443784076, "operatingIncome": 176831000, "operatingIncomeRatio": 0.14670048150471052, "totalOtherIncomeExpensesNet": -92000, "incomeBeforeTax": 107944000, "incomeBeforeTaxRatio": 0.08955124822878609, "incomeTaxExpense": -38618000, "netIncome": 69326000, "netIncomeRatio": 0.05751343135986089, "eps": 0.58, "epsdiluted": 0.57, "weightedAverageShsOut": 359763082, "weightedAverageShsOutDil": 363717798, "link": "https://www.sec.gov/Archives/edgar/data/1283699/000144530511003134/0001445305-11-003134-index.htm", "finalLink": "https://www.sec.gov/Archives/edgar/data/1283699/000144530511003134/metropcs10-qx2011q3.htm"}, {"date": "2011-06-30", "symbol": "TMUS", "fillingDate": "2011-08-03", "acceptedDate": "2011-08-03 12:31:01", "period": "Q2", "revenue": 1209452000, "costOfRevenue": 708564000, "grossProfit": 500888000, "grossProfitRatio": 0.4141445877967873, "researchAndDevelopmentExpenses": 0, "generalAndAdministrativeExpenses": 154556000, "sellingAndMarketingExpenses": 0, "otherExpenses": 844641000, "operatingExpenses": 999197000, "costAndExpenses": 1707761000, "interestExpense": -66980000, "depreciationAndAmortization": 136546000, "ebitda": 346801000, "ebitdaratio": 0.28674226013103454, "operatingIncome": 210255000, "operatingIncomeRatio": 0.17384319509992954, "totalOtherIncomeExpensesNet": -187000, "incomeBeforeTax": 134437000, "incomeBeforeTaxRatio": 0.11115530008632009, "incomeTaxExpense": -50101000, "netIncome": 84336000, "netIncomeRatio": 0.06973075409358949, "eps": 0.39, "epsdiluted": 0.38, "weightedAverageShsOut": 3400000, "weightedAverageShsOutDil": 363153234, "link": "https://www.sec.gov/Archives/edgar/data/1283699/000144530511002317/0001445305-11-002317-index.htm", "finalLink": "https://www.sec.gov/Archives/edgar/data/1283699/000144530511002317/metropcs10-qx2011q2.htm"}, {"date": "2011-03-31", "symbol": "TMUS", "fillingDate": "2011-05-06", "acceptedDate": "2011-05-06 12:40:56", "period": "Q1", "revenue": 1194377000, "costOfRevenue": 750679000, "grossProfit": 443698000, "grossProfitRatio": 0.3714890691967444, "researchAndDevelopmentExpenses": 0, "generalAndAdministrativeExpenses": 169771000, "sellingAndMarketingExpenses": 0, "otherExpenses": 879269000, "operatingExpenses": 1049040000, "costAndExpenses": 1799719000, "interestExpense": -56561000, "depreciationAndAmortization": 130688000, "ebitda": 276025000, "ebitdaratio": 0.23110374697436403, "operatingIncome": 145337000, "operatingIncomeRatio": 0.12168435929358988, "totalOtherIncomeExpensesNet": -255000, "incomeBeforeTax": 89546000, "incomeBeforeTaxRatio": 0.07497297754394132, "incomeTaxExpense": -33168000, "netIncome": 56378000, "netIncomeRatio": 0.04720285136100243, "eps": 0.16, "epsdiluted": 0.15, "weightedAverageShsOut": 356988270, "weightedAverageShsOutDil": 361406194, "link": "https://www.sec.gov/Archives/edgar/data/1283699/000119312511130186/0001193125-11-130186-index.htm", "finalLink": "https://www.sec.gov/Archives/edgar/data/1283699/000119312511130186/d10q.htm"}, {"date": "2010-12-31", "symbol": "TMUS", "fillingDate": "2011-03-01", "acceptedDate": "2011-03-01 11:25:45", "period": "FY", "revenue": 1065526000, "costOfRevenue": 606010000, "grossProfit": 459516000, "grossProfitRatio": 0.43125742590983235, "researchAndDevelopmentExpenses": 0, "generalAndAdministrativeExpenses": 155720000, "sellingAndMarketingExpenses": 0, "otherExpenses": 702485000, "operatingExpenses": 858205000, "costAndExpenses": 1464215000, "interestExpense": -64415000, "depreciationAndAmortization": 122041000, "ebitda": 329362000, "ebitdaratio": 0.3091074267544856, "operatingIncome": 207321000, "operatingIncomeRatio": 0.194571507405732, "totalOtherIncomeExpensesNet": -1396000, "incomeBeforeTax": 15060000, "incomeBeforeTaxRatio": 0.01413386440124408, "incomeTaxExpense": -1509000, "netIncome": 13551000, "netIncomeRatio": 0.01271766245028277, "eps": 0.54, "epsdiluted": 0.54, "weightedAverageShsOut": 353711045, "weightedAverageShsOutDil": 356135089, "link": "https://www.sec.gov/Archives/edgar/data/1283699/000119312511051403/0001193125-11-051403-index.htm", "finalLink": "https://www.sec.gov/Archives/edgar/data/1283699/000119312511051403/d10k.htm"}, {"date": "2010-09-30", "symbol": "TMUS", "fillingDate": "2010-11-05", "acceptedDate": "2010-11-05 06:07:46", "period": "Q3", "revenue": 1020788000, "costOfRevenue": 569953000, "grossProfit": 450835000, "grossProfitRatio": 0.44165389875272826, "researchAndDevelopmentExpenses": 0, "generalAndAdministrativeExpenses": 147430000, "sellingAndMarketingExpenses": 0, "otherExpenses": 665424000, "operatingExpenses": 812854000, "costAndExpenses": 1382807000, "interestExpense": -65725000, "depreciationAndAmortization": 117441000, "ebitda": 325375000, "ebitdaratio": 0.3187488489284749, "operatingIncome": 207934000, "operatingIncomeRatio": 0.20369949490001843, "totalOtherIncomeExpensesNet": 462000, "incomeBeforeTax": 126654000, "incomeBeforeTaxRatio": 0.12407473442085917, "incomeTaxExpense": -49366000, "netIncome": 77288000, "netIncomeRatio": 0.07571405619972021, "eps": 0.51, "epsdiluted": 0.5, "weightedAverageShsOut": 353342910, "weightedAverageShsOutDil": 355593779, "link": "https://www.sec.gov/Archives/edgar/data/1283699/000119312510248907/0001193125-10-248907-index.htm", "finalLink": "https://www.sec.gov/Archives/edgar/data/1283699/000119312510248907/d10q.htm"}, {"date": "2010-06-30", "symbol": "TMUS", "fillingDate": "2010-08-09", "acceptedDate": "2010-08-09 12:43:01", "period": "Q2", "revenue": 1012536000, "costOfRevenue": 543522000, "grossProfit": 469014000, "grossProfitRatio": 0.46320723411315745, "researchAndDevelopmentExpenses": 0, "generalAndAdministrativeExpenses": 158601000, "sellingAndMarketingExpenses": 0, "otherExpenses": 655523000, "operatingExpenses": 814124000, "costAndExpenses": 1357646000, "interestExpense": -65503000, "depreciationAndAmortization": 144914000, "ebitda": 343326000, "ebitdaratio": 0.33907535139491335, "operatingIncome": 198412000, "operatingIncomeRatio": 0.19595550182907076, "totalOtherIncomeExpensesNet": 1413000, "incomeBeforeTax": 132822000, "incomeBeforeTaxRatio": 0.13117755813126644, "incomeTaxExpense": -52907000, "netIncome": 79915000, "netIncomeRatio": 0.0789255888185704, "eps": 0.29, "epsdiluted": 0.29, "weightedAverageShsOut": 353032030, "weightedAverageShsOutDil": 355151112, "link": "https://www.sec.gov/Archives/edgar/data/1283699/000119312510182910/0001193125-10-182910-index.htm", "finalLink": "https://www.sec.gov/Archives/edgar/data/1283699/000119312510182910/d10q.htm"}, {"date": "2010-03-31", "symbol": "TMUS", "fillingDate": "2010-05-10", "acceptedDate": "2010-05-10 16:15:06", "period": "Q1", "revenue": 970503000, "costOfRevenue": 598390000, "grossProfit": 372113000, "grossProfitRatio": 0.38342282301033587, "researchAndDevelopmentExpenses": 0, "generalAndAdministrativeExpenses": 159909000, "sellingAndMarketingExpenses": 0, "otherExpenses": 705363000, "operatingExpenses": 865272000, "costAndExpenses": 1463662000, "interestExpense": -67482000, "depreciationAndAmortization": 284652000, "ebitda": 213032000, "ebitdaratio": 0.21950679183887117, "operatingIncome": 105231000, "operatingIncomeRatio": 0.10842934024933462, "totalOtherIncomeExpensesNet": -479000, "incomeBeforeTax": 37758000, "incomeBeforeTaxRatio": 0.03890559843709911, "incomeTaxExpense": -15097000, "netIncome": 22661000, "netIncomeRatio": 0.023349747502068516, "eps": 0.06, "epsdiluted": 0.06, "weightedAverageShsOut": 352782898, "weightedAverageShsOutDil": 354003541, "link": "https://www.sec.gov/Archives/edgar/data/1283699/000119312510114607/0001193125-10-114607-index.htm", "finalLink": "https://www.sec.gov/Archives/edgar/data/1283699/000119312510114607/d10q.htm"}, {"date": "2009-12-31", "symbol": "TMUS", "fillingDate": "2010-03-01", "acceptedDate": "2010-03-01 16:40:55", "period": "FY", "revenue": 929981000, "costOfRevenue": 579835000, "grossProfit": 350146000, "grossProfitRatio": 0.37650876738341965, "researchAndDevelopmentExpenses": 0, "generalAndAdministrativeExpenses": 150539000, "sellingAndMarketingExpenses": 0, "otherExpenses": 649621000, "operatingExpenses": 800160000, "costAndExpenses": 220325000, "interestExpense": -70927000, "depreciationAndAmortization": 105759000, "ebitda": 235580000, "ebitdaratio": 0.253317003250604, "operatingIncome": 129821000, "operatingIncomeRatio": 0.1395953250657809, "totalOtherIncomeExpensesNet": -748000, "incomeBeforeTax": 58684000, "incomeBeforeTaxRatio": 0.06310236445690826, "incomeTaxExpense": -25559000, "netIncome": 33125000, "netIncomeRatio": 0.035619007270041, "eps": 0.5, "epsdiluted": 0.49, "weightedAverageShsOut": 351898898, "weightedAverageShsOutDil": 355942921, "link": "https://www.sec.gov/Archives/edgar/data/1283699/000119312510044780/0001193125-10-044780-index.htm", "finalLink": "https://www.sec.gov/Archives/edgar/data/1283699/000119312510044780/d10k.htm"}, {"date": "2009-09-30", "symbol": "TMUS", "fillingDate": "2009-11-06", "acceptedDate": "2009-11-06 15:12:39", "period": "Q3", "revenue": 895593000, "costOfRevenue": 497380000, "grossProfit": 398213000, "grossProfitRatio": 0.4446361237749737, "researchAndDevelopmentExpenses": 0, "generalAndAdministrativeExpenses": 138460000, "sellingAndMarketingExpenses": 0, "otherExpenses": 598926000, "operatingExpenses": 737386000, "costAndExpenses": 1234766000, "interestExpense": -70391000, "depreciationAndAmortization": 298288000, "ebitda": 257183000, "ebitdaratio": 0.28716504036990015, "operatingIncome": 158207000, "operatingIncomeRatio": 0.17665055443711597, "totalOtherIncomeExpensesNet": -854000, "incomeBeforeTax": 87900000, "incomeBeforeTaxRatio": 0.09814726108846318, "incomeTaxExpense": -14350000, "netIncome": 73550000, "netIncomeRatio": 0.08212435782771861, "eps": 0.41, "epsdiluted": 0.4, "weightedAverageShsOut": 351732660, "weightedAverageShsOutDil": 356511560, "link": "https://www.sec.gov/Archives/edgar/data/1283699/000119312509227376/0001193125-09-227376-index.htm", "finalLink": "https://www.sec.gov/Archives/edgar/data/1283699/000119312509227376/d10q.htm"}, {"date": "2009-06-30", "symbol": "TMUS", "fillingDate": "2009-08-07", "acceptedDate": "2009-08-07 15:19:52", "period": "Q2", "revenue": 859612000, "costOfRevenue": 496134000, "grossProfit": 363478000, "grossProfitRatio": 0.42283960670628146, "researchAndDevelopmentExpenses": 0, "generalAndAdministrativeExpenses": 142320000, "sellingAndMarketingExpenses": 0, "otherExpenses": 601519000, "operatingExpenses": 743839000, "costAndExpenses": 1239973000, "interestExpense": -70535000, "depreciationAndAmortization": 268733000, "ebitda": 207148000, "ebitdaratio": 0.24097848796899066, "operatingIncome": 115773000, "operatingIncomeRatio": 0.13468053028575683, "totalOtherIncomeExpensesNet": -475000, "incomeBeforeTax": 44786000, "incomeBeforeTaxRatio": 0.0521002498801785, "incomeTaxExpense": -18590000, "netIncome": 26196000, "netIncomeRatio": 0.030474213947688025, "eps": 0.2, "epsdiluted": 0.2, "weightedAverageShsOut": 351503933, "weightedAverageShsOutDil": 356940117, "link": "https://www.sec.gov/Archives/edgar/data/1283699/000119312509168984/0001193125-09-168984-index.htm", "finalLink": "https://www.sec.gov/Archives/edgar/data/1283699/000119312509168984/d10q.htm"}, {"date": "2009-03-31", "symbol": "TMUS", "fillingDate": "2009-05-11", "acceptedDate": "2009-05-11 12:58:20", "period": "Q1", "revenue": 795329000, "costOfRevenue": 470593000, "grossProfit": 324736000, "grossProfitRatio": 0.40830398489178693, "researchAndDevelopmentExpenses": 0, "generalAndAdministrativeExpenses": 136411000, "sellingAndMarketingExpenses": 0, "otherExpenses": 527431000, "operatingExpenses": 663842000, "costAndExpenses": 1134435000, "interestExpense": -58432000, "depreciationAndAmortization": 245575000, "ebitda": 213233000, "ebitdaratio": 0.2681066577479257, "operatingIncome": 131487000, "operatingIncomeRatio": 0.16532403571352233, "totalOtherIncomeExpensesNet": -552000, "incomeBeforeTax": 72309000, "incomeBeforeTaxRatio": 0.09091709217191879, "incomeTaxExpense": -28336000, "netIncome": 43973000, "netIncomeRatio": 0.05528906905192694, "eps": 0.12, "epsdiluted": 0.12, "weightedAverageShsOut": 351090862, "weightedAverageShsOutDil": 356429423, "link": "https://www.sec.gov/Archives/edgar/data/1283699/000119312509106730/0001193125-09-106730-index.htm", "finalLink": "https://www.sec.gov/Archives/edgar/data/1283699/000119312509106730/d10q.htm"}, {"date": "2008-12-31", "symbol": "TMUS", "fillingDate": "2009-03-02", "acceptedDate": "2009-03-02 15:55:44", "period": "FY", "revenue": 748250000, "costOfRevenue": 222766000, "grossProfit": 525484000, "grossProfitRatio": 0.7022839959906448, "researchAndDevelopmentExpenses": 0, "generalAndAdministrativeExpenses": 131510000, "sellingAndMarketingExpenses": 0, "otherExpenses": 488982000, "operatingExpenses": 620492000, "costAndExpenses": 843258000, "interestExpense": -19030000, "depreciationAndAmortization": 131510000, "ebitda": 197258000, "ebitdaratio": 0.26362579351820914, "operatingIncome": 127758000, "operatingIncomeRatio": 0.17074239893083862, "totalOtherIncomeExpensesNet": -2472000, "incomeBeforeTax": 111890000, "incomeBeforeTaxRatio": 0.14953558302706316, "incomeTaxExpense": -47000000, "netIncome": 64890000, "netIncomeRatio": 0.0867223521550284, "eps": 0.18, "epsdiluted": 0.15, "weightedAverageShsOut": 126722051, "weightedAverageShsOutDil": 150633686, "link": "https://www.sec.gov/Archives/edgar/data/1283699/000095013409004227/0000950134-09-004227-index.htm", "finalLink": "https://www.sec.gov/Archives/edgar/data/1283699/000095013409004227/d66548e10vk.htm"}, {"date": "2008-09-30", "symbol": "TMUS", "fillingDate": "2008-11-10", "acceptedDate": "2008-11-10 11:27:04", "period": "Q3", "revenue": 686721000, "costOfRevenue": 379960000, "grossProfit": 306761000, "grossProfitRatio": 0.4467039743942591, "researchAndDevelopmentExpenses": 0, "generalAndAdministrativeExpenses": 116655000, "sellingAndMarketingExpenses": 0, "otherExpenses": 449413000, "operatingExpenses": 566068000, "costAndExpenses": 946028000, "interestExpense": -42949000, "depreciationAndAmortization": 219422000, "ebitda": 188284000, "ebitdaratio": 0.2741783053088518, "operatingIncome": 120653000, "operatingIncomeRatio": 0.17569435039848788, "totalOtherIncomeExpensesNet": -5164000, "incomeBeforeTax": 79594000, "incomeBeforeTaxRatio": 0.11590442115502511, "incomeTaxExpense": -34714000, "netIncome": 44880000, "netIncomeRatio": 0.06535405208228669, "eps": 0.39, "epsdiluted": 0.38, "weightedAverageShsOut": 349069936, "weightedAverageShsOutDil": 355573339, "link": "https://www.sec.gov/Archives/edgar/data/1283699/000095013408020000/0000950134-08-020000-index.htm", "finalLink": "https://www.sec.gov/Archives/edgar/data/1283699/000095013408020000/d65024e10vq.htm"}, {"date": "2008-06-30", "symbol": "TMUS", "fillingDate": "2008-08-08", "acceptedDate": "2008-08-08 16:05:47", "period": "Q2", "revenue": 678807000, "costOfRevenue": 566386000, "grossProfit": 112421000, "grossProfitRatio": 0.16561555788316856, "researchAndDevelopmentExpenses": 0, "generalAndAdministrativeExpenses": 113419000, "sellingAndMarketingExpenses": 0, "otherExpenses": 429744000, "operatingExpenses": 543163000, "costAndExpenses": 1109549000, "interestExpense": -45658000, "depreciationAndAmortization": 206141000, "ebitda": 196532000, "ebitdaratio": 0.2895255941674143, "operatingIncome": 135644000, "operatingIncomeRatio": 0.19982704951481053, "totalOtherIncomeExpensesNet": -5366000, "incomeBeforeTax": 85956000, "incomeBeforeTaxRatio": 0.1266280400761925, "incomeTaxExpense": -35491000, "netIncome": 50465000, "netIncomeRatio": 0.0743436646940883, "eps": 0.26, "epsdiluted": 0.25, "weightedAverageShsOut": 348608037, "weightedAverageShsOutDil": 355440059, "link": "https://www.sec.gov/Archives/edgar/data/1283699/000095013408014736/0000950134-08-014736-index.htm", "finalLink": "https://www.sec.gov/Archives/edgar/data/1283699/000095013408014736/d59241e10vq.htm"}, {"date": "2008-03-31", "symbol": "TMUS", "fillingDate": "2008-05-09", "acceptedDate": "2008-05-09 11:53:09", "period": "Q1", "revenue": 662354000, "costOfRevenue": 188473000, "grossProfit": 473881000, "grossProfitRatio": 0.715449744396501, "researchAndDevelopmentExpenses": 0, "generalAndAdministrativeExpenses": 104374000, "sellingAndMarketingExpenses": 0, "otherExpenses": 445952000, "operatingExpenses": 550326000, "costAndExpenses": 738799000, "interestExpense": -47425000, "depreciationAndAmortization": 188473000, "ebitda": 169328000, "ebitdaratio": 0.2556457725023175, "operatingIncome": 112028000, "operatingIncomeRatio": 0.16913614170066157, "totalOtherIncomeExpensesNet": -9888000, "incomeBeforeTax": 66187000, "incomeBeforeTaxRatio": 0.09992692729265619, "incomeTaxExpense": -26668000, "netIncome": 39519000, "netIncomeRatio": 0.05966446945289075, "eps": 0.11, "epsdiluted": 0.11, "weightedAverageShsOut": 348164091, "weightedAverageShsOutDil": 354568227, "link": "https://www.sec.gov/Archives/edgar/data/1283699/000095013408009044/0000950134-08-009044-index.htm", "finalLink": "https://www.sec.gov/Archives/edgar/data/1283699/000095013408009044/d56598e10vq.htm"}, {"date": "2007-12-31", "symbol": "TMUS", "fillingDate": "2008-02-29", "acceptedDate": "2008-02-29 16:26:39", "period": "FY", "revenue": 591134000, "costOfRevenue": 335585000, "grossProfit": 255549000, "grossProfitRatio": 0.4323029972899546, "researchAndDevelopmentExpenses": 0, "generalAndAdministrativeExpenses": -240150000, "sellingAndMarketingExpenses": 0, "otherExpenses": 739047000, "operatingExpenses": 498897000, "costAndExpenses": 834482000, "interestExpense": 152718000, "depreciationAndAmortization": 176277000, "ebitda": 144443000, "ebitdaratio": 0.2443489970125217, "operatingIncome": 92237000, "operatingIncomeRatio": 0.1560339956761073, "totalOtherIncomeExpensesNet": -18968000, "incomeBeforeTax": -20873000, "incomeBeforeTaxRatio": -0.03531009889466686, "incomeTaxExpense": -26278000, "netIncome": -47151000, "netIncomeRatio": -0.07976364073120477, "eps": 0.29, "epsdiluted": 0.29, "weightedAverageShsOut": 287692280, "weightedAverageShsOutDil": 296337724, "link": "https://www.sec.gov/Archives/edgar/data/1283699/000095013408003844/0000950134-08-003844-index.htm", "finalLink": "https://www.sec.gov/Archives/edgar/data/1283699/000095013408003844/d52882e10vk.htm"}, {"date": "2007-09-30", "symbol": "TMUS", "fillingDate": "2007-11-14", "acceptedDate": "2007-11-14 14:03:43", "period": "Q3", "revenue": 556738000, "costOfRevenue": 294849000, "grossProfit": 261889000, "grossProfitRatio": 0.4703990027625202, "researchAndDevelopmentExpenses": 0, "generalAndAdministrativeExpenses": 84496000, "sellingAndMarketingExpenses": 0, "otherExpenses": 339103000, "operatingExpenses": 423599000, "costAndExpenses": 718448000, "interestExpense": -54574000, "depreciationAndAmortization": 163671000, "ebitda": 178631000, "ebitdaratio": 0.32085289669467504, "operatingIncome": 133139000, "operatingIncomeRatio": 0.2391412118447097, "totalOtherIncomeExpensesNet": -23317000, "incomeBeforeTax": 86621000, "incomeBeforeTaxRatio": 0.15558664937546926, "incomeTaxExpense": -33513000, "netIncome": 53108000, "netIncomeRatio": 0.09539136901019869, "eps": 0.44, "epsdiluted": 0.43, "weightedAverageShsOut": 267545403, "weightedAverageShsOutDil": 276482986, "link": "https://www.sec.gov/Archives/edgar/data/1283699/000095013407023949/0000950134-07-023949-index.htm", "finalLink": "https://www.sec.gov/Archives/edgar/data/1283699/000095013407023949/d51395e10vq.htm"}, {"date": "2007-06-30", "symbol": "TMUS", "fillingDate": "2007-08-10", "acceptedDate": "2007-08-10 13:03:32", "period": "Q2", "revenue": 551176000, "costOfRevenue": 295666000, "grossProfit": 255510000, "grossProfitRatio": 0.463572434213391, "researchAndDevelopmentExpenses": 0, "generalAndAdministrativeExpenses": 82717000, "sellingAndMarketingExpenses": 0, "otherExpenses": 336397000, "operatingExpenses": 419114000, "costAndExpenses": 714780000, "interestExpense": -49168000, "depreciationAndAmortization": 162227000, "ebitda": 173186000, "ebitdaratio": 0.31421179441775404, "operatingIncome": 132062000, "operatingIncomeRatio": 0.2396004180152982, "totalOtherIncomeExpensesNet": -14494000, "incomeBeforeTax": 97134000, "incomeBeforeTaxRatio": 0.17623045996197223, "incomeTaxExpense": -39040000, "netIncome": 58094000, "netIncomeRatio": 0.10540008998940448, "eps": 0.29, "epsdiluted": 0.28, "weightedAverageShsOut": 227238734, "weightedAverageShsOutDil": 235898089, "link": "https://www.sec.gov/Archives/edgar/data/1283699/000095013407017840/0000950134-07-017840-index.htm", "finalLink": "https://www.sec.gov/Archives/edgar/data/1283699/000095013407017840/d48817e10vq.htm"}, {"date": "2007-03-31", "symbol": "TMUS", "fillingDate": "2007-05-15", "acceptedDate": "2007-05-15 15:12:25", "period": "Q1", "revenue": 536686000, "costOfRevenue": 318643000, "grossProfit": 218043000, "grossProfitRatio": 0.4062766682939372, "researchAndDevelopmentExpenses": 0, "generalAndAdministrativeExpenses": 72937000, "sellingAndMarketingExpenses": 0, "otherExpenses": 361073000, "operatingExpenses": 434010000, "costAndExpenses": 752653000, "interestExpense": -48976000, "depreciationAndAmortization": 145335000, "ebitda": 142056000, "ebitdaratio": 0.2646910856627525, "operatingIncome": 102676000, "operatingIncomeRatio": 0.19131484704277735, "totalOtherIncomeExpensesNet": -7157000, "incomeBeforeTax": 60619000, "incomeBeforeTaxRatio": 0.11295058935765047, "incomeTaxExpense": -24267000, "netIncome": 36352000, "netIncomeRatio": 0.06773420584848495, "eps": 0.11, "epsdiluted": 0.11, "weightedAverageShsOut": 157035119, "weightedAverageShsOutDil": 163447880, "link": "https://www.sec.gov/Archives/edgar/data/1283699/000095013407011619/0000950134-07-011619-index.htm", "finalLink": "https://www.sec.gov/Archives/edgar/data/1283699/000095013407011619/d46468e10vq.htm"}, {"date": "2006-12-31", "symbol": "TMUS", "fillingDate": "2007-03-30", "acceptedDate": "2007-03-30 15:50:53", "period": "FY", "revenue": 453092000, "costOfRevenue": 277750000, "grossProfit": 175342000, "grossProfitRatio": 0.3869898387082535, "researchAndDevelopmentExpenses": 0, "generalAndAdministrativeExpenses": 71697000, "sellingAndMarketingExpenses": 0, "otherExpenses": 314634000, "operatingExpenses": 386331000, "costAndExpenses": 664081000, "interestExpense": -48577000, "depreciationAndAmortization": 131771000, "ebitda": 105602000, "ebitdaratio": 0.23306966355618727, "operatingIncome": 66761000, "operatingIncomeRatio": 0.14734535149594344, "totalOtherIncomeExpensesNet": -6437000, "incomeBeforeTax": -27347000, "incomeBeforeTaxRatio": -0.06035639561060447, "incomeTaxExpense": 10528000, "netIncome": -16819000, "netIncomeRatio": -0.03712049649960714, "eps": 0.11, "epsdiluted": 0.1, "weightedAverageShsOut": 155820381, "weightedAverageShsOutDil": 159696608, "link": "https://www.sec.gov/Archives/edgar/data/1283699/000095013407007079/0000950134-07-007079-index.htm", "finalLink": "https://www.sec.gov/Archives/edgar/data/1283699/000095013407007079/d44987e10vk.htm"}, {"date": "2006-09-30", "symbol": "TMUS", "fillingDate": "2007-04-09", "acceptedDate": "2007-04-09 14:23:47", "period": "Q3", "revenue": 396116000, "costOfRevenue": 431492000, "grossProfit": -35376000, "grossProfitRatio": -0.08930717264639651, "researchAndDevelopmentExpenses": 0, "generalAndAdministrativeExpenses": 60220000, "sellingAndMarketingExpenses": 0, "otherExpenses": 266502000, "operatingExpenses": 326722000, "costAndExpenses": 758214000, "interestExpense": -24811000, "depreciationAndAmortization": 201809000, "ebitda": 106005000, "ebitdaratio": 0.2676110028375526, "operatingIncome": 69394000, "operatingIncomeRatio": 0.17518605660967998, "totalOtherIncomeExpensesNet": -4387000, "incomeBeforeTax": 48766000, "incomeBeforeTaxRatio": 0.12311040200345354, "incomeTaxExpense": -19500000, "netIncome": 29266000, "netIncomeRatio": 0.07388239808540932, "eps": 0.19, "epsdiluted": 0.19, "weightedAverageShsOut": 155672061, "weightedAverageShsOutDil": 159525993, "link": "https://www.sec.gov/Archives/edgar/data/1283699/000095013407007791/0000950134-07-007791-index.htm", "finalLink": "https://www.sec.gov/Archives/edgar/data/1283699/000095013407007791/d45231e10vq.htm"}, {"date": "2006-06-30", "symbol": "TMUS", "fillingDate": "2007-04-09", "acceptedDate": "2007-04-09 14:21:20", "period": "Q2", "revenue": 697655000, "costOfRevenue": 212916000, "grossProfit": 484739000, "grossProfitRatio": 0.6948119055980392, "researchAndDevelopmentExpenses": 0, "generalAndAdministrativeExpenses": 111701000, "sellingAndMarketingExpenses": 0, "otherExpenses": 484856000, "operatingExpenses": 596557000, "costAndExpenses": 809473000, "interestExpense": -42597000, "depreciationAndAmortization": -2625000, "ebitda": 98473000, "ebitdaratio": 0.1411485619683081, "operatingIncome": 101098000, "operatingIncomeRatio": 0.14491116669413964, "totalOtherIncomeExpensesNet": -10719000, "incomeBeforeTax": 69104000, "incomeBeforeTaxRatio": 0.09905182360909046, "incomeTaxExpense": -27745000, "netIncome": 41359000, "netIncomeRatio": 0.05928288337358723, "eps": 0.11, "epsdiluted": 0.1, "weightedAverageShsOut": 155503804, "weightedAverageShsOutDil": 159318289, "link": "https://www.sec.gov/Archives/edgar/data/1283699/000095013407007790/0000950134-07-007790-index.htm", "finalLink": "https://www.sec.gov/Archives/edgar/data/1283699/000095013407007790/d45232e10vq.htm"}]