[{"date": "2020-03-31", "symbol": "CHTR", "fillingDate": "2020-05-01", "acceptedDate": "2020-05-01 07:12:20", "period": "Q1", "revenue": 11738000000, "costOfRevenue": 0.0, "grossProfit": 11738000000, "grossProfitRatio": 1.0, "researchAndDevelopmentExpenses": 0.0, "generalAndAdministrativeExpenses": 0.0, "sellingAndMarketingExpenses": 0.0, "otherExpenses": 6435000000, "operatingExpenses": 6435000000, "costAndExpenses": 9936000000, "interestExpense": 0.0, "depreciationAndAmortization": 2485000000, "ebitda": 4287000000, "ebitdaratio": 0.365224058613, "operatingIncome": 1802000000, "operatingIncomeRatio": 0.153518486965, "totalOtherIncomeExpensesNet": 7000000.0, "incomeBeforeTax": 496000000, "incomeBeforeTaxRatio": 0.0422559209405, "incomeTaxExpense": 29000000, "netIncome": 396000000, "netIncomeRatio": 0.0337365820412, "eps": 1.91, "epsdiluted": 1.86, "weightedAverageShsOut": 207831305, "weightedAverageShsOutDil": 212810613, "link": "https://www.sec.gov/Archives/edgar/data/1091667/000109166720000105/0001091667-20-000105-index.htm", "finalLink": "https://www.sec.gov/Archives/edgar/data/1091667/000109166720000105/chtr-20200331.htm"}, {"date": "2019-12-31", "symbol": "CHTR", "fillingDate": "2020-01-31", "acceptedDate": "2020-01-31 07:08:17", "period": "FY", "revenue": 11761000000, "costOfRevenue": 0.0, "grossProfit": 11761000000, "grossProfitRatio": 1.0, "researchAndDevelopmentExpenses": 0.0, "generalAndAdministrativeExpenses": 0.0, "sellingAndMarketingExpenses": 0.0, "otherExpenses": 6409000000, "operatingExpenses": 6409000000, "costAndExpenses": 9802000000, "interestExpense": 0.0, "depreciationAndAmortization": 2444000000, "ebitda": 4403000000, "ebitdaratio": 0.374372927472, "operatingIncome": 1959000000, "operatingIncomeRatio": 0.166567468753, "totalOtherIncomeExpensesNet": -1027000000, "incomeBeforeTax": 932000000, "incomeBeforeTaxRatio": 0.0792449621631, "incomeTaxExpense": 110000000, "netIncome": 714000000, "netIncomeRatio": 0.0607091233739, "eps": 3.3, "epsdiluted": 3.22, "weightedAverageShsOut": 219506735, "weightedAverageShsOutDil": 223786380, "link": "https://www.sec.gov/Archives/edgar/data/1091667/000109166720000024/0001091667-20-000024-index.htm", "finalLink": "https://www.sec.gov/Archives/edgar/data/1091667/000109166720000024/chtr12312019-10k.htm"}, {"date": "2019-09-30", "symbol": "CHTR", "fillingDate": "2019-10-25", "acceptedDate": "2019-10-25 07:27:38", "period": "Q3", "revenue": 11450000000, "costOfRevenue": 0.0, "grossProfit": 11450000000, "grossProfitRatio": 1.0, "researchAndDevelopmentExpenses": 0.0, "generalAndAdministrativeExpenses": 0.0, "sellingAndMarketingExpenses": 0.0, "otherExpenses": 6449000000, "operatingExpenses": 6449000000, "costAndExpenses": 9864000000, "interestExpense": 0.0, "depreciationAndAmortization": 2398000000, "ebitda": 3984000000, "ebitdaratio": 0.347947598253, "operatingIncome": 1586000000, "operatingIncomeRatio": 0.138515283843, "totalOtherIncomeExpensesNet": -993000000, "incomeBeforeTax": 593000000, "incomeBeforeTaxRatio": 0.0517903930131, "incomeTaxExpense": 126000000, "netIncome": 387000000, "netIncomeRatio": 0.0337991266376, "eps": 1.76, "epsdiluted": 1.73, "weightedAverageShsOut": 221818079, "weightedAverageShsOutDil": 225337984, "link": "https://www.sec.gov/Archives/edgar/data/1091667/000109166719000113/0001091667-19-000113-index.htm", "finalLink": "https://www.sec.gov/Archives/edgar/data/1091667/000109166719000113/chtr9302019-10q.htm"}, {"date": "2019-06-30", "symbol": "CHTR", "fillingDate": "2019-07-26", "acceptedDate": "2019-07-26 07:07:17", "period": "Q2", "revenue": 11347000000, "costOfRevenue": 0.0, "grossProfit": 11347000000, "grossProfitRatio": 1.0, "researchAndDevelopmentExpenses": 0.0, "generalAndAdministrativeExpenses": 0.0, "sellingAndMarketingExpenses": 0.0, "otherExpenses": 6228000000, "operatingExpenses": 6228000000, "costAndExpenses": 9806000000, "interestExpense": 0.0, "depreciationAndAmortization": 2483000000, "ebitda": 4024000000, "ebitdaratio": 0.354631180048, "operatingIncome": 1541000000, "operatingIncomeRatio": 0.135806821186, "totalOtherIncomeExpensesNet": 5000000.0, "incomeBeforeTax": 470000000, "incomeBeforeTaxRatio": 0.0414206398167, "incomeTaxExpense": 84000000, "netIncome": 314000000, "netIncomeRatio": 0.0276725125584, "eps": 1.41, "epsdiluted": 1.39, "weightedAverageShsOut": 223505016, "weightedAverageShsOutDil": 226889745, "link": "https://www.sec.gov/Archives/edgar/data/1091667/000109166719000097/0001091667-19-000097-index.htm", "finalLink": "https://www.sec.gov/Archives/edgar/data/1091667/000109166719000097/chtr6302019-10q.htm"}, {"date": "2019-03-31", "symbol": "CHTR", "fillingDate": "2019-04-30", "acceptedDate": "2019-04-30 07:10:48", "period": "Q1", "revenue": 11206000000, "costOfRevenue": 0.0, "grossProfit": 11206000000, "grossProfitRatio": 1.0, "researchAndDevelopmentExpenses": 0.0, "generalAndAdministrativeExpenses": 0.0, "sellingAndMarketingExpenses": 0.0, "otherExpenses": 6307000000, "operatingExpenses": 6307000000, "costAndExpenses": 9781000000, "interestExpense": 0.0, "depreciationAndAmortization": 2495000000, "ebitda": 3920000000, "ebitdaratio": 0.349812600393, "operatingIncome": 1425000000, "operatingIncomeRatio": 0.127164019275, "totalOtherIncomeExpensesNet": -5000000.0, "incomeBeforeTax": 436000000, "incomeBeforeTaxRatio": 0.0389077280029, "incomeTaxExpense": 119000000, "netIncome": 253000000, "netIncomeRatio": 0.0225771907906, "eps": 1.13, "epsdiluted": 1.11, "weightedAverageShsOut": 224630122, "weightedAverageShsOutDil": 227595365, "link": "https://www.sec.gov/Archives/edgar/data/1091667/000109166719000085/0001091667-19-000085-index.htm", "finalLink": "https://www.sec.gov/Archives/edgar/data/1091667/000109166719000085/chtr3312019-10q.htm"}, {"date": "2018-12-31", "symbol": "CHTR", "fillingDate": "2019-01-31", "acceptedDate": "2019-01-31 07:13:55", "period": "FY", "revenue": 11231000000, "costOfRevenue": 0.0, "grossProfit": 11231000000, "grossProfitRatio": 1.0, "researchAndDevelopmentExpenses": 0.0, "generalAndAdministrativeExpenses": 0.0, "sellingAndMarketingExpenses": 0.0, "otherExpenses": 6165000000, "operatingExpenses": 6165000000, "costAndExpenses": 9792000000, "interestExpense": 0.0, "depreciationAndAmortization": 2469000000, "ebitda": 3908000000, "ebitdaratio": 0.347965452765, "operatingIncome": 1439000000, "operatingIncomeRatio": 0.128127504229, "totalOtherIncomeExpensesNet": -1077000000, "incomeBeforeTax": 362000000, "incomeBeforeTaxRatio": 0.0322322144066, "incomeTaxExpense": 2000000.0, "netIncome": 296000000, "netIncomeRatio": 0.0263556228297, "eps": 1.3, "epsdiluted": 1.29, "weightedAverageShsOut": 232356665, "weightedAverageShsOutDil": 235525226, "link": "https://www.sec.gov/Archives/edgar/data/1091667/000109166719000029/0001091667-19-000029-index.htm", "finalLink": "https://www.sec.gov/Archives/edgar/data/1091667/000109166719000029/chtr12312018-10k.htm"}, {"date": "2018-09-30", "symbol": "CHTR", "fillingDate": "2018-10-26", "acceptedDate": "2018-10-26 07:09:25", "period": "Q3", "revenue": 10892000000, "costOfRevenue": 0.0, "grossProfit": 10892000000, "grossProfitRatio": 1.0, "researchAndDevelopmentExpenses": 0.0, "generalAndAdministrativeExpenses": 0.0, "sellingAndMarketingExpenses": 0.0, "otherExpenses": 5846000000, "operatingExpenses": 5846000000, "costAndExpenses": 9512000000, "interestExpense": 0.0, "depreciationAndAmortization": 2417000000, "ebitda": 3797000000, "ebitdaratio": 0.348604480353, "operatingIncome": 1380000000, "operatingIncomeRatio": 0.126698494308, "totalOtherIncomeExpensesNet": 30000000, "incomeBeforeTax": 693000000, "incomeBeforeTaxRatio": 0.0636246786632, "incomeTaxExpense": 109000000, "netIncome": 493000000, "netIncomeRatio": 0.0452625780389, "eps": 2.12, "epsdiluted": 2.09, "weightedAverageShsOut": 234159830, "weightedAverageShsOutDil": 237343924, "link": "https://www.sec.gov/Archives/edgar/data/1091667/000109166718000103/0001091667-18-000103-index.htm", "finalLink": "https://www.sec.gov/Archives/edgar/data/1091667/000109166718000103/chtr9302018-10q.htm"}, {"date": "2018-06-30", "symbol": "CHTR", "fillingDate": "2018-07-31", "acceptedDate": "2018-07-31 07:06:19", "period": "Q2", "revenue": 10854000000, "costOfRevenue": 0.0, "grossProfit": 10854000000, "grossProfitRatio": 1.0, "researchAndDevelopmentExpenses": 0.0, "generalAndAdministrativeExpenses": 0.0, "sellingAndMarketingExpenses": 0.0, "otherExpenses": 5966000000, "operatingExpenses": 5966000000, "costAndExpenses": 9494000000, "interestExpense": 0.0, "depreciationAndAmortization": 2504000000, "ebitda": 3864000000, "ebitdaratio": 0.355997788834, "operatingIncome": 1360000000, "operatingIncomeRatio": 0.125299428782, "totalOtherIncomeExpensesNet": -27000000, "incomeBeforeTax": 380000000, "incomeBeforeTaxRatio": 0.0350101345126, "incomeTaxExpense": 41000000, "netIncome": 273000000, "netIncomeRatio": 0.0251520176893, "eps": 1.16, "epsdiluted": 1.14, "weightedAverageShsOut": 235992306, "weightedAverageShsOutDil": 239246727, "link": "https://www.sec.gov/Archives/edgar/data/1091667/000109166718000090/0001091667-18-000090-index.htm", "finalLink": "https://www.sec.gov/Archives/edgar/data/1091667/000109166718000090/chtr6302018-10q.htm"}, {"date": "2018-03-31", "symbol": "CHTR", "fillingDate": "2018-04-27", "acceptedDate": "2018-04-27 08:11:26", "period": "Q1", "revenue": 10657000000, "costOfRevenue": 0.0, "grossProfit": 10657000000, "grossProfitRatio": 1.0, "researchAndDevelopmentExpenses": 0.0, "generalAndAdministrativeExpenses": 0.0, "sellingAndMarketingExpenses": 0.0, "otherExpenses": 5916000000, "operatingExpenses": 5916000000, "costAndExpenses": 9615000000, "interestExpense": 0.0, "depreciationAndAmortization": 2621000000, "ebitda": 3663000000, "ebitdaratio": 0.343717744206, "operatingIncome": 1042000000, "operatingIncomeRatio": 0.0977761095993, "totalOtherIncomeExpensesNet": -3000000.0, "incomeBeforeTax": 251000000, "incomeBeforeTaxRatio": 0.0235525945388, "incomeTaxExpense": 28000000, "netIncome": 168000000, "netIncomeRatio": 0.0157642863845, "eps": 0.71, "epsdiluted": 0.7, "weightedAverageShsOut": 237762295, "weightedAverageShsOutDil": 241420722, "link": "https://www.sec.gov/Archives/edgar/data/1091667/000109166718000063/0001091667-18-000063-index.htm", "finalLink": "https://www.sec.gov/Archives/edgar/data/1091667/000109166718000063/chtr3312018-10q.htm"}, {"date": "2017-12-31", "symbol": "CHTR", "fillingDate": "2018-02-02", "acceptedDate": "2018-02-02 08:07:24", "period": "FY", "revenue": 10602000000, "costOfRevenue": 0.0, "grossProfit": 10602000000, "grossProfitRatio": 1.0, "researchAndDevelopmentExpenses": 0.0, "generalAndAdministrativeExpenses": 0.0, "sellingAndMarketingExpenses": 0.0, "otherExpenses": 5872000000, "operatingExpenses": 5872000000, "costAndExpenses": 9398000000, "interestExpense": 0.0, "depreciationAndAmortization": 2655000000, "ebitda": 3859000000, "ebitdaratio": 0.363987926806, "operatingIncome": 1204000000, "operatingIncomeRatio": 0.113563478589, "totalOtherIncomeExpensesNet": -773000000, "incomeBeforeTax": 431000000, "incomeBeforeTaxRatio": 0.0406527070364, "incomeTaxExpense": 99000000, "netIncome": 9553000000, "netIncomeRatio": 0.901056404452, "eps": 37.24, "epsdiluted": 32.8, "weightedAverageShsOut": 256720715, "weightedAverageShsOutDil": 296703956, "link": "https://www.sec.gov/Archives/edgar/data/1091667/000109166718000025/0001091667-18-000025-index.htm", "finalLink": "https://www.sec.gov/Archives/edgar/data/1091667/000109166718000025/chtr12312017-10k.htm"}, {"date": "2017-09-30", "symbol": "CHTR", "fillingDate": "2017-10-26", "acceptedDate": "2017-10-26 07:35:45", "period": "Q3", "revenue": 10458000000, "costOfRevenue": 0.0, "grossProfit": 10458000000, "grossProfitRatio": 1.0, "researchAndDevelopmentExpenses": 0.0, "generalAndAdministrativeExpenses": 0.0, "sellingAndMarketingExpenses": 0.0, "otherExpenses": 5770000000, "operatingExpenses": 5770000000, "costAndExpenses": 9549000000, "interestExpense": 0.0, "depreciationAndAmortization": 2614000000, "ebitda": 3523000000, "ebitdaratio": 0.336871294703, "operatingIncome": 909000000, "operatingIncomeRatio": 0.0869191049914, "totalOtherIncomeExpensesNet": -791000000, "incomeBeforeTax": 118000000, "incomeBeforeTaxRatio": 0.0112832281507, "incomeTaxExpense": 26000000, "netIncome": 48000000, "netIncomeRatio": 0.00458978772232, "eps": 0.2, "epsdiluted": 0.2, "weightedAverageShsOut": 262074603, "weightedAverageShsOutDil": 266363602, "link": "https://www.sec.gov/Archives/edgar/data/1091667/000109166717000105/0001091667-17-000105-index.htm", "finalLink": "https://www.sec.gov/Archives/edgar/data/1091667/000109166717000105/chtr9302017-10q.htm"}, {"date": "2017-06-30", "symbol": "CHTR", "fillingDate": "2017-07-27", "acceptedDate": "2017-07-27 08:35:09", "period": "Q2", "revenue": 10357000000, "costOfRevenue": 0.0, "grossProfit": 10357000000, "grossProfitRatio": 1.0, "researchAndDevelopmentExpenses": 0.0, "generalAndAdministrativeExpenses": 0.0, "sellingAndMarketingExpenses": 0.0, "otherExpenses": 5691000000, "operatingExpenses": 5691000000, "costAndExpenses": 9305000000, "interestExpense": 0.0, "depreciationAndAmortization": 2507000000, "ebitda": 3559000000, "ebitdaratio": 0.343632325963, "operatingIncome": 1052000000, "operatingIncomeRatio": 0.101573814811, "totalOtherIncomeExpensesNet": -4000000.0, "incomeBeforeTax": 243000000, "incomeBeforeTaxRatio": 0.0234623925847, "incomeTaxExpense": 48000000, "netIncome": 139000000, "netIncomeRatio": 0.0134208747707, "eps": 0.53, "epsdiluted": 0.52, "weightedAverageShsOut": 266217549, "weightedAverageShsOutDil": 270249433, "link": "https://www.sec.gov/Archives/edgar/data/1091667/000109166717000095/0001091667-17-000095-index.htm", "finalLink": "https://www.sec.gov/Archives/edgar/data/1091667/000109166717000095/chtr6302017-10q.htm"}, {"date": "2017-03-31", "symbol": "CHTR", "fillingDate": "2017-05-02", "acceptedDate": "2017-05-02 07:06:02", "period": "Q1", "revenue": 10164000000, "costOfRevenue": 0.0, "grossProfit": 10164000000, "grossProfitRatio": 1.0, "researchAndDevelopmentExpenses": 0.0, "generalAndAdministrativeExpenses": 0.0, "sellingAndMarketingExpenses": 0.0, "otherExpenses": 5772000000, "operatingExpenses": 5772000000, "costAndExpenses": 9223000000, "interestExpense": 0.0, "depreciationAndAmortization": 2442000000, "ebitda": 3383000000, "ebitdaratio": 0.332841401023, "operatingIncome": 941000000, "operatingIncomeRatio": 0.0925816607635, "totalOtherIncomeExpensesNet": 4000000.0, "incomeBeforeTax": 236000000, "incomeBeforeTaxRatio": 0.0232192050374, "incomeTaxExpense": 25000000, "netIncome": 155000000, "netIncomeRatio": 0.0152499016135, "eps": 0.58, "epsdiluted": 0.57, "weightedAverageShsOut": 269004817, "weightedAverageShsOutDil": 273199509, "link": "https://www.sec.gov/Archives/edgar/data/1091667/000109166717000072/0001091667-17-000072-index.htm", "finalLink": "https://www.sec.gov/Archives/edgar/data/1091667/000109166717000072/chtr33117-10q.htm"}, {"date": "2016-12-31", "symbol": "CHTR", "fillingDate": "2017-02-16", "acceptedDate": "2017-02-16 07:10:06", "period": "FY", "revenue": 10275000000, "costOfRevenue": 0.0, "grossProfit": 10275000000, "grossProfitRatio": 1.0, "researchAndDevelopmentExpenses": 0.0, "generalAndAdministrativeExpenses": 0.0, "sellingAndMarketingExpenses": 0.0, "otherExpenses": 5927000000, "operatingExpenses": 5927000000, "costAndExpenses": 8836000000, "interestExpense": 0.0, "depreciationAndAmortization": 2387000000, "ebitda": 3826000000, "ebitdaratio": 0.372360097324, "operatingIncome": 1439000000, "operatingIncomeRatio": 0.1400486618, "totalOtherIncomeExpensesNet": -660000000, "incomeBeforeTax": 779000000, "incomeBeforeTaxRatio": 0.0758150851582, "incomeTaxExpense": 210000000, "netIncome": 454000000, "netIncomeRatio": 0.0441849148418, "eps": 0.53, "epsdiluted": 0.71, "weightedAverageShsOut": 206539100, "weightedAverageShsOutDil": 234791439, "link": "https://www.sec.gov/Archives/edgar/data/1091667/000109166717000030/0001091667-17-000030-index.htm", "finalLink": "https://www.sec.gov/Archives/edgar/data/1091667/000109166717000030/chtr123116-10k.htm"}, {"date": "2016-09-30", "symbol": "CHTR", "fillingDate": "2016-11-03", "acceptedDate": "2016-11-03 08:06:21", "period": "Q3", "revenue": 10037000000, "costOfRevenue": 0.0, "grossProfit": 10037000000, "grossProfitRatio": 1.0, "researchAndDevelopmentExpenses": 0.0, "generalAndAdministrativeExpenses": 0.0, "sellingAndMarketingExpenses": 0.0, "otherExpenses": 5564000000, "operatingExpenses": 5564000000, "costAndExpenses": 9113000000, "interestExpense": 0.0, "depreciationAndAmortization": 2330000000, "ebitda": 3254000000, "ebitdaratio": 0.324200458304, "operatingIncome": 924000000, "operatingIncomeRatio": 0.0920593802929, "totalOtherIncomeExpensesNet": -658000000, "incomeBeforeTax": 266000000, "incomeBeforeTaxRatio": 0.0265019428116, "incomeTaxExpense": 16000000, "netIncome": 189000000, "netIncomeRatio": 0.0188303277872, "eps": -3.69, "epsdiluted": -3.77, "weightedAverageShsOut": 185706106, "weightedAverageShsOutDil": 208460148, "link": "https://www.sec.gov/Archives/edgar/data/1091667/000109166716000576/0001091667-16-000576-index.htm", "finalLink": "https://www.sec.gov/Archives/edgar/data/1091667/000109166716000576/chtr93016-10q.htm"}, {"date": "2016-06-30", "symbol": "CHTR", "fillingDate": "2016-08-09", "acceptedDate": "2016-08-09 07:09:59", "period": "Q2", "revenue": 6161000000, "costOfRevenue": 0.0, "grossProfit": 6161000000, "grossProfitRatio": 1.0, "researchAndDevelopmentExpenses": 0.0, "generalAndAdministrativeExpenses": 0.0, "sellingAndMarketingExpenses": 0.0, "otherExpenses": 3380000000, "operatingExpenses": 3380000000, "costAndExpenses": 5471000000, "interestExpense": 0.0, "depreciationAndAmortization": 1388000000, "ebitda": 2078000000, "ebitdaratio": 0.337282908619, "operatingIncome": 690000000, "operatingIncomeRatio": 0.111994806038, "totalOtherIncomeExpensesNet": -755000000, "incomeBeforeTax": -65000000, "incomeBeforeTaxRatio": -0.010550235351403993, "incomeTaxExpense": 3179000000, "netIncome": 3067000000, "netIncomeRatio": 0.497808797273, "eps": 21.89, "epsdiluted": 20.68, "weightedAverageShsOut": 142457435, "weightedAverageShsOutDil": 153959234, "link": "https://www.sec.gov/Archives/edgar/data/1091667/000109166716000549/0001091667-16-000549-index.htm", "finalLink": "https://www.sec.gov/Archives/edgar/data/1091667/000109166716000549/chtr63016-10q.htm"}, {"date": "2016-03-31", "symbol": "CHTR", "fillingDate": "2016-04-28", "acceptedDate": "2016-04-28 08:06:17", "period": "Q1", "revenue": 2530000000, "costOfRevenue": 0.0, "grossProfit": 2530000000, "grossProfitRatio": 1.0, "researchAndDevelopmentExpenses": 0.0, "generalAndAdministrativeExpenses": 0.0, "sellingAndMarketingExpenses": 0.0, "otherExpenses": 1199000000, "operatingExpenses": 1199000000, "costAndExpenses": 2228000000, "interestExpense": 0.0, "depreciationAndAmortization": 546000000, "ebitda": 848000000, "ebitdaratio": 0.335177865613, "operatingIncome": 302000000, "operatingIncomeRatio": 0.119367588933, "totalOtherIncomeExpensesNet": -462000000, "incomeBeforeTax": -160000000, "incomeBeforeTaxRatio": -0.06324110671936758, "incomeTaxExpense": 28000000, "netIncome": -188000000, "netIncomeRatio": -0.07430830039525692, "eps": -1.68, "epsdiluted": -1.68, "weightedAverageShsOut": 142457435, "weightedAverageShsOutDil": 112311539, "link": "https://www.sec.gov/Archives/edgar/data/1091667/000109166716000470/0001091667-16-000470-index.htm", "finalLink": "https://www.sec.gov/Archives/edgar/data/1091667/000109166716000470/chtr33116-10q.htm"}, {"date": "2015-12-31", "symbol": "CHTR", "fillingDate": "2016-02-10", "acceptedDate": "2016-02-09 19:19:39", "period": "FY", "revenue": 2512000000, "costOfRevenue": 0.0, "grossProfit": 2512000000, "grossProfitRatio": 1.0, "researchAndDevelopmentExpenses": 0.0, "generalAndAdministrativeExpenses": 0.0, "sellingAndMarketingExpenses": 0.0, "otherExpenses": 1169000000, "operatingExpenses": 1169000000, "costAndExpenses": 2189000000, "interestExpense": 0.0, "depreciationAndAmortization": 552000000, "ebitda": 875000000, "ebitdaratio": 0.348328025478, "operatingIncome": 323000000, "operatingIncomeRatio": 0.128582802548, "totalOtherIncomeExpensesNet": -433000000, "incomeBeforeTax": -110000000, "incomeBeforeTaxRatio": -0.04378980891719745, "incomeTaxExpense": 12000000, "netIncome": -122000000, "netIncomeRatio": -0.04856687898089172, "eps": -1.1, "epsdiluted": -1.1, "weightedAverageShsOut": 142457435, "weightedAverageShsOutDil": 111869771, "link": "https://www.sec.gov/Archives/edgar/data/1091667/000109166716000396/0001091667-16-000396-index.htm", "finalLink": "https://www.sec.gov/Archives/edgar/data/1091667/000109166716000396/chtr123115-10k.htm"}, {"date": "2015-09-30", "symbol": "CHTR", "fillingDate": "2015-10-29", "acceptedDate": "2015-10-29 08:05:46", "period": "Q3", "revenue": 2450000000, "costOfRevenue": 0.0, "grossProfit": 2450000000, "grossProfitRatio": 1.0, "researchAndDevelopmentExpenses": 0.0, "generalAndAdministrativeExpenses": 0.0, "sellingAndMarketingExpenses": 0.0, "otherExpenses": 1248000000, "operatingExpenses": 1248000000, "costAndExpenses": 2177000000, "interestExpense": 0.0, "depreciationAndAmortization": 544000000, "ebitda": 817000000, "ebitdaratio": 0.333469387755, "operatingIncome": 273000000, "operatingIncomeRatio": 0.111428571429, "totalOtherIncomeExpensesNet": -361000000, "incomeBeforeTax": -88000000, "incomeBeforeTaxRatio": -0.035918367346938776, "incomeTaxExpense": 142000000, "netIncome": 54000000, "netIncomeRatio": 0.0220408163265, "eps": 0.49, "epsdiluted": 0.49, "weightedAverageShsOut": 142457435, "weightedAverageShsOutDil": 111790076, "link": "https://www.sec.gov/Archives/edgar/data/1091667/000109166715000263/0001091667-15-000263-index.htm", "finalLink": "https://www.sec.gov/Archives/edgar/data/1091667/000109166715000263/chtr93015-10q.htm"}, {"date": "2015-06-30", "symbol": "CHTR", "fillingDate": "2015-08-04", "acceptedDate": "2015-08-04 08:07:39", "period": "Q2", "revenue": 2430000000, "costOfRevenue": 0.0, "grossProfit": 2430000000, "grossProfitRatio": 1.0, "researchAndDevelopmentExpenses": 0.0, "generalAndAdministrativeExpenses": 0.0, "sellingAndMarketingExpenses": 0.0, "otherExpenses": 1051000000, "operatingExpenses": 1051000000, "costAndExpenses": 2161000000, "interestExpense": -289000000, "depreciationAndAmortization": 535000000, "ebitda": 804000000, "ebitdaratio": 0.330864197531, "operatingIncome": 269000000, "operatingIncomeRatio": 0.110699588477, "totalOtherIncomeExpensesNet": -356000000, "incomeBeforeTax": -87000000, "incomeBeforeTaxRatio": -0.03580246913580247, "incomeTaxExpense": 35000000, "netIncome": -122000000, "netIncomeRatio": -0.050205761316872426, "eps": -1.09, "epsdiluted": -1.09, "weightedAverageShsOut": 142457435, "weightedAverageShsOutDil": 111719914, "link": "https://www.sec.gov/Archives/edgar/data/1091667/000109166715000185/0001091667-15-000185-index.htm", "finalLink": "https://www.sec.gov/Archives/edgar/data/1091667/000109166715000185/chtr63015-10q.htm"}, {"date": "2015-03-31", "symbol": "CHTR", "fillingDate": "2015-05-01", "acceptedDate": "2015-05-01 08:07:56", "period": "Q1", "revenue": 2362000000, "costOfRevenue": 0.0, "grossProfit": 2362000000, "grossProfitRatio": 1.0, "researchAndDevelopmentExpenses": 0.0, "generalAndAdministrativeExpenses": 0.0, "sellingAndMarketingExpenses": 0.0, "otherExpenses": 1563000000, "operatingExpenses": 1563000000, "costAndExpenses": 2113000000, "interestExpense": 289000000, "depreciationAndAmortization": 522000000, "ebitda": 771000000, "ebitdaratio": 0.326418289585, "operatingIncome": 249000000, "operatingIncomeRatio": 0.105419136325, "totalOtherIncomeExpensesNet": -295000000, "incomeBeforeTax": -46000000, "incomeBeforeTaxRatio": -0.01947502116850127, "incomeTaxExpense": 35000000, "netIncome": -81000000, "netIncomeRatio": -0.03429297205757832, "eps": -0.73, "epsdiluted": -0.73, "weightedAverageShsOut": 142457435, "weightedAverageShsOutDil": 111655617, "link": "https://www.sec.gov/Archives/edgar/data/1091667/000109166715000103/0001091667-15-000103-index.htm", "finalLink": "https://www.sec.gov/Archives/edgar/data/1091667/000109166715000103/chtr33115-10q.htm"}, {"date": "2014-12-31", "symbol": "CHTR", "fillingDate": "2015-02-24", "acceptedDate": "2015-02-23 19:13:45", "period": "FY", "revenue": 2360000000, "costOfRevenue": 0.0, "grossProfit": 2360000000, "grossProfitRatio": 1.0, "researchAndDevelopmentExpenses": 0.0, "generalAndAdministrativeExpenses": 0.0, "sellingAndMarketingExpenses": 0.0, "otherExpenses": 598000000, "operatingExpenses": 598000000, "costAndExpenses": 2083000000, "interestExpense": -638000000, "depreciationAndAmortization": 542000000, "ebitda": 819000000, "ebitdaratio": 0.347033898305, "operatingIncome": 277000000, "operatingIncomeRatio": 0.117372881356, "totalOtherIncomeExpensesNet": -277000000, "incomeBeforeTax": 0.0, "incomeBeforeTaxRatio": 0.0, "incomeTaxExpense": 48000000, "netIncome": -48000000, "netIncomeRatio": -0.020338983050847456, "eps": -0.44, "epsdiluted": -0.44, "weightedAverageShsOut": 142457435, "weightedAverageShsOutDil": 108374160, "link": "https://www.sec.gov/Archives/edgar/data/1091667/000109166715000049/0001091667-15-000049-index.htm", "finalLink": "https://www.sec.gov/Archives/edgar/data/1091667/000109166715000049/chtr123114-10k.htm"}, {"date": "2014-09-30", "symbol": "CHTR", "fillingDate": "2014-10-31", "acceptedDate": "2014-10-31 09:59:40", "period": "Q3", "revenue": 2287000000, "costOfRevenue": 0.0, "grossProfit": 2287000000, "grossProfitRatio": 1.0, "researchAndDevelopmentExpenses": 0.0, "generalAndAdministrativeExpenses": 0.0, "sellingAndMarketingExpenses": 0.0, "otherExpenses": 1485000000, "operatingExpenses": 1485000000, "costAndExpenses": 2086000000, "interestExpense": 217000000, "depreciationAndAmortization": 544000000, "ebitda": 745000000, "ebitdaratio": 0.325754263227, "operatingIncome": 201000000, "operatingIncomeRatio": 0.0878880629646, "totalOtherIncomeExpensesNet": -195000000, "incomeBeforeTax": 6000000.0, "incomeBeforeTaxRatio": 0.0026235242676, "incomeTaxExpense": 59000000, "netIncome": -53000000, "netIncomeRatio": -0.023174464363795364, "eps": -0.49, "epsdiluted": -0.49, "weightedAverageShsOut": 142457435, "weightedAverageShsOutDil": 107744534, "link": "https://www.sec.gov/Archives/edgar/data/1091667/000109166714000216/0001091667-14-000216-index.htm", "finalLink": "https://www.sec.gov/Archives/edgar/data/1091667/000109166714000216/chtr93014-10q.htm"}, {"date": "2014-06-30", "symbol": "CHTR", "fillingDate": "2014-07-31", "acceptedDate": "2014-07-31 08:06:50", "period": "Q2", "revenue": 2259000000, "costOfRevenue": 0.0, "grossProfit": 2259000000, "grossProfitRatio": 1.0, "researchAndDevelopmentExpenses": 0.0, "generalAndAdministrativeExpenses": 0.0, "sellingAndMarketingExpenses": 0.0, "otherExpenses": 1477000000, "operatingExpenses": 1477000000, "costAndExpenses": 2009000000, "interestExpense": 210000000, "depreciationAndAmortization": 538000000, "ebitda": 788000000, "ebitdaratio": 0.348826914564, "operatingIncome": 250000000, "operatingIncomeRatio": 0.110668437362, "totalOtherIncomeExpensesNet": -230000000, "incomeBeforeTax": 20000000, "incomeBeforeTaxRatio": 0.00885347498893, "incomeTaxExpense": 65000000, "netIncome": -45000000, "netIncomeRatio": -0.0199203187250996, "eps": -0.42, "epsdiluted": -0.42, "weightedAverageShsOut": 142457435, "weightedAverageShsOutDil": 107211813, "link": "https://www.sec.gov/Archives/edgar/data/1091667/000109166714000169/0001091667-14-000169-index.htm", "finalLink": "https://www.sec.gov/Archives/edgar/data/1091667/000109166714000169/chtr63014-10q.htm"}, {"date": "2014-03-31", "symbol": "CHTR", "fillingDate": "2014-04-30", "acceptedDate": "2014-04-30 17:00:04", "period": "Q1", "revenue": 2202000000, "costOfRevenue": 0.0, "grossProfit": 2202000000, "grossProfitRatio": 1.0, "researchAndDevelopmentExpenses": 0.0, "generalAndAdministrativeExpenses": 0.0, "sellingAndMarketingExpenses": 0.0, "otherExpenses": 1440000000, "operatingExpenses": 1440000000, "costAndExpenses": 1959000000, "interestExpense": 211000000, "depreciationAndAmortization": 515000000, "ebitda": 758000000, "ebitdaratio": 0.344232515895, "operatingIncome": 243000000, "operatingIncomeRatio": 0.110354223433, "totalOtherIncomeExpensesNet": -216000000, "incomeBeforeTax": 27000000, "incomeBeforeTaxRatio": 0.0122615803815, "incomeTaxExpense": 64000000, "netIncome": -37000000, "netIncomeRatio": -0.016802906448683014, "eps": -0.35, "epsdiluted": -0.35, "weightedAverageShsOut": 142457435, "weightedAverageShsOutDil": 106439198, "link": "https://www.sec.gov/Archives/edgar/data/1091667/000109166714000103/0001091667-14-000103-index.htm", "finalLink": "https://www.sec.gov/Archives/edgar/data/1091667/000109166714000103/chtr33114-10q.htm"}, {"date": "2013-12-31", "symbol": "CHTR", "fillingDate": "2014-02-21", "acceptedDate": "2014-02-21 08:04:50", "period": "FY", "revenue": 2148000000, "costOfRevenue": 0.0, "grossProfit": 2148000000, "grossProfitRatio": 1.0, "researchAndDevelopmentExpenses": 0.0, "generalAndAdministrativeExpenses": 0.0, "sellingAndMarketingExpenses": 0.0, "otherExpenses": 1388000000, "operatingExpenses": 1388000000, "costAndExpenses": 1902000000, "interestExpense": 211000000, "depreciationAndAmortization": 510000000, "ebitda": 756000000, "ebitdaratio": 0.351955307263, "operatingIncome": 246000000, "operatingIncomeRatio": 0.114525139665, "totalOtherIncomeExpensesNet": -211000000, "incomeBeforeTax": 35000000, "incomeBeforeTaxRatio": 0.0162942271881, "incomeTaxExpense": 4000000.0, "netIncome": 39000000, "netIncomeRatio": 0.018156424581, "eps": 0.4, "epsdiluted": 0.4, "weightedAverageShsOut": 142457435, "weightedAverageShsOutDil": 101934630, "link": "https://www.sec.gov/Archives/edgar/data/1091667/000109166714000080/0001091667-14-000080-index.htm", "finalLink": "https://www.sec.gov/Archives/edgar/data/1091667/000109166714000080/chtr123113-10k.htm"}, {"date": "2013-09-30", "symbol": "CHTR", "fillingDate": "2013-11-05", "acceptedDate": "2013-11-05 08:07:29", "period": "Q3", "revenue": 2118000000, "costOfRevenue": 0.0, "grossProfit": 2118000000, "grossProfitRatio": 1.0, "researchAndDevelopmentExpenses": 0.0, "generalAndAdministrativeExpenses": 0.0, "sellingAndMarketingExpenses": 0.0, "otherExpenses": 1389000000, "operatingExpenses": 1389000000, "costAndExpenses": 1898000000, "interestExpense": 214000000, "depreciationAndAmortization": 503000000, "ebitda": 723000000, "ebitdaratio": 0.341359773371, "operatingIncome": 220000000, "operatingIncomeRatio": 0.103871576959, "totalOtherIncomeExpensesNet": -16000000, "incomeBeforeTax": -13000000, "incomeBeforeTaxRatio": -0.006137865911237016, "incomeTaxExpense": 57000000, "netIncome": -70000000, "netIncomeRatio": -0.033050047214353166, "eps": -0.68, "epsdiluted": -0.68, "weightedAverageShsOut": 142457435, "weightedAverageShsOutDil": 101293696, "link": "https://www.sec.gov/Archives/edgar/data/1091667/000109166713000171/0001091667-13-000171-index.htm", "finalLink": "https://www.sec.gov/Archives/edgar/data/1091667/000109166713000171/chtr93013-10q.htm"}, {"date": "2013-06-30", "symbol": "CHTR", "fillingDate": "2013-08-06", "acceptedDate": "2013-08-06 08:07:55", "period": "Q2", "revenue": 1972000000, "costOfRevenue": 0.0, "grossProfit": 1972000000, "grossProfitRatio": 1.0, "researchAndDevelopmentExpenses": 0.0, "generalAndAdministrativeExpenses": 0.0, "sellingAndMarketingExpenses": 0.0, "otherExpenses": 1290000000, "operatingExpenses": 1290000000, "costAndExpenses": 1736000000, "interestExpense": 211000000, "depreciationAndAmortization": 446000000, "ebitda": 682000000, "ebitdaratio": 0.34584178499, "operatingIncome": 236000000, "operatingIncomeRatio": 0.119675456389, "totalOtherIncomeExpensesNet": 16000000, "incomeBeforeTax": -38000000, "incomeBeforeTaxRatio": -0.019269776876267748, "incomeTaxExpense": 58000000, "netIncome": -96000000, "netIncomeRatio": -0.0486815415821501, "eps": -0.95, "epsdiluted": -0.95, "weightedAverageShsOut": 142457435, "weightedAverageShsOutDil": 100464808, "link": "https://www.sec.gov/Archives/edgar/data/1091667/000109166713000140/0001091667-13-000140-index.htm", "finalLink": "https://www.sec.gov/Archives/edgar/data/1091667/000109166713000140/chtr63013-10q.htm"}, {"date": "2013-03-31", "symbol": "CHTR", "fillingDate": "2013-05-07", "acceptedDate": "2013-05-07 08:11:26", "period": "Q1", "revenue": 1917000000, "costOfRevenue": 0.0, "grossProfit": 1917000000, "grossProfitRatio": 1.0, "researchAndDevelopmentExpenses": 0.0, "generalAndAdministrativeExpenses": 0.0, "sellingAndMarketingExpenses": 0.0, "otherExpenses": 1247000000, "operatingExpenses": 1247000000, "costAndExpenses": 1694000000, "interestExpense": 210000000, "depreciationAndAmortization": 438000000, "ebitda": 661000000, "ebitdaratio": 0.344809598331, "operatingIncome": 223000000, "operatingIncomeRatio": 0.116327595201, "totalOtherIncomeExpensesNet": -256000000, "incomeBeforeTax": -33000000, "incomeBeforeTaxRatio": -0.017214397496087636, "incomeTaxExpense": 9000000.0, "netIncome": -42000000, "netIncomeRatio": -0.02190923317683881, "eps": -0.42, "epsdiluted": -0.42, "weightedAverageShsOut": 142457435, "weightedAverageShsOutDil": 100327418, "link": "https://www.sec.gov/Archives/edgar/data/1091667/000109166713000088/0001091667-13-000088-index.htm", "finalLink": "https://www.sec.gov/Archives/edgar/data/1091667/000109166713000088/chtr33113-10q.htm"}, {"date": "2012-12-31", "symbol": "CHTR", "fillingDate": "2013-02-22", "acceptedDate": "2013-02-22 08:08:15", "period": "FY", "revenue": 1913000000, "costOfRevenue": 2503000000, "grossProfit": -590000000, "grossProfitRatio": -0.30841610036591743, "researchAndDevelopmentExpenses": 0.0, "generalAndAdministrativeExpenses": -1129000000, "sellingAndMarketingExpenses": 0.0, "otherExpenses": 4847000000, "operatingExpenses": 3718000000, "costAndExpenses": 1707000000, "interestExpense": 216000000, "depreciationAndAmortization": 478000000, "ebitda": 684000000, "ebitdaratio": 0.357553580763, "operatingIncome": 206000000, "operatingIncomeRatio": 0.107684265551, "totalOtherIncomeExpensesNet": -197000000, "incomeBeforeTax": 9000000.0, "incomeBeforeTaxRatio": 0.00470465237846, "incomeTaxExpense": 49000000, "netIncome": -40000000, "netIncomeRatio": -0.020909566126502875, "eps": -0.4, "epsdiluted": -0.4, "weightedAverageShsOut": 142457435, "weightedAverageShsOutDil": 99657989, "link": "https://www.sec.gov/Archives/edgar/data/1091667/000109166713000020/0001091667-13-000020-index.htm", "finalLink": "https://www.sec.gov/Archives/edgar/data/1091667/000109166713000020/chtr123112-10k.htm"}, {"date": "2012-09-30", "symbol": "CHTR", "fillingDate": "2012-11-06", "acceptedDate": "2012-11-06 08:09:29", "period": "Q3", "revenue": 1880000000, "costOfRevenue": 858000000, "grossProfit": 1022000000, "grossProfitRatio": 0.5436170212765957, "researchAndDevelopmentExpenses": 0.0, "generalAndAdministrativeExpenses": 384000000, "sellingAndMarketingExpenses": 0.0, "otherExpenses": 3000000.0, "operatingExpenses": 383000000, "costAndExpenses": 1669000000, "interestExpense": 229000000, "depreciationAndAmortization": 433000000, "ebitda": 644000000, "ebitdaratio": 0.342553191489, "operatingIncome": 211000000, "operatingIncomeRatio": 0.112234042553, "totalOtherIncomeExpensesNet": 1000000.0, "incomeBeforeTax": -18000000, "incomeBeforeTaxRatio": -0.009574468085106383, "incomeTaxExpense": 69000000, "netIncome": -87000000, "netIncomeRatio": -0.04627659574468085, "eps": -0.87, "epsdiluted": -0.87, "weightedAverageShsOut": 142457435, "weightedAverageShsOutDil": 99542021, "link": "https://www.sec.gov/Archives/edgar/data/1091667/000109166712000151/0001091667-12-000151-index.htm", "finalLink": "https://www.sec.gov/Archives/edgar/data/1091667/000109166712000151/chtr93012-10q.htm"}, {"date": "2012-06-30", "symbol": "CHTR", "fillingDate": "2012-08-07", "acceptedDate": "2012-08-07 08:13:41", "period": "Q2", "revenue": 1884000000, "costOfRevenue": 831000000, "grossProfit": 1053000000, "grossProfitRatio": 0.5589171974522293, "researchAndDevelopmentExpenses": 0.0, "generalAndAdministrativeExpenses": 373000000, "sellingAndMarketingExpenses": 0.0, "otherExpenses": -4000000.0, "operatingExpenses": 369000000, "costAndExpenses": 1615000000, "interestExpense": 225000000, "depreciationAndAmortization": 425000000, "ebitda": 694000000, "ebitdaratio": 0.368365180467, "operatingIncome": 269000000, "operatingIncomeRatio": 0.142781316348, "totalOtherIncomeExpensesNet": -1000000.0, "incomeBeforeTax": -15000000, "incomeBeforeTaxRatio": -0.007961783439490446, "incomeTaxExpense": 68000000, "netIncome": -83000000, "netIncomeRatio": -0.0440552016985138, "eps": -0.83, "epsdiluted": -0.83, "weightedAverageShsOut": 142457435, "weightedAverageShsOutDil": 99464858, "link": "https://www.sec.gov/Archives/edgar/data/1091667/000109166712000118/0001091667-12-000118-index.htm", "finalLink": "https://www.sec.gov/Archives/edgar/data/1091667/000109166712000118/chtr63012-10q.htm"}, {"date": "2012-03-31", "symbol": "CHTR", "fillingDate": "2012-05-08", "acceptedDate": "2012-05-08 08:09:35", "period": "Q1", "revenue": 1827000000, "costOfRevenue": 814000000, "grossProfit": 1013000000, "grossProfitRatio": 0.5544608648056923, "researchAndDevelopmentExpenses": 0.0, "generalAndAdministrativeExpenses": 372000000, "sellingAndMarketingExpenses": 0.0, "otherExpenses": 3000000.0, "operatingExpenses": 375000000, "costAndExpenses": 1597000000, "interestExpense": 237000000, "depreciationAndAmortization": 422000000, "ebitda": 652000000, "ebitdaratio": 0.356869184455, "operatingIncome": 230000000, "operatingIncomeRatio": 0.125889436234, "totalOtherIncomeExpensesNet": -253000000, "incomeBeforeTax": -23000000, "incomeBeforeTaxRatio": -0.012588943623426382, "incomeTaxExpense": 71000000, "netIncome": -94000000, "netIncomeRatio": -0.051450465243568694, "eps": -0.95, "epsdiluted": -0.95, "weightedAverageShsOut": 142457435, "weightedAverageShsOutDil": 99464858, "link": "https://www.sec.gov/Archives/edgar/data/1091667/000109166712000085/0001091667-12-000085-index.htm", "finalLink": "https://www.sec.gov/Archives/edgar/data/1091667/000109166712000085/chtr33112-10q.htm"}, {"date": "2011-12-31", "symbol": "CHTR", "fillingDate": "2012-02-27", "acceptedDate": "2012-02-27 08:14:46", "period": "FY", "revenue": 1834000000, "costOfRevenue": 794000000, "grossProfit": 1040000000, "grossProfitRatio": 0.5670665212649946, "researchAndDevelopmentExpenses": 0.0, "generalAndAdministrativeExpenses": 364000000, "sellingAndMarketingExpenses": 0.0, "otherExpenses": 0.0, "operatingExpenses": 364000000, "costAndExpenses": 1569000000, "interestExpense": 245000000, "depreciationAndAmortization": 418000000, "ebitda": 683000000, "ebitdaratio": 0.372410032715, "operatingIncome": 265000000, "operatingIncomeRatio": 0.144492911668, "totalOtherIncomeExpensesNet": 7000000.0, "incomeBeforeTax": 0.0, "incomeBeforeTaxRatio": 0.0, "incomeTaxExpense": 67000000, "netIncome": 531000000, "netIncomeRatio": 0.2895310796074155, "eps": -0.65, "epsdiluted": -0.65, "weightedAverageShsOut": 108948554, "weightedAverageShsOutDil": 108948554, "link": "https://www.sec.gov/Archives/edgar/data/1091667/000109166712000026/0001091667-12-000026-index.htm", "finalLink": "https://www.sec.gov/Archives/edgar/data/1091667/000109166712000026/chtr12312011-10k.htm"}, {"date": "2011-09-30", "symbol": "CHTR", "fillingDate": "2011-11-01", "acceptedDate": "2011-11-01 08:32:34", "period": "Q3", "revenue": 3600000000, "costOfRevenue": 2344000000, "grossProfit": 1256000000, "grossProfitRatio": 0.3488888888888889, "researchAndDevelopmentExpenses": 0.0, "generalAndAdministrativeExpenses": 717000000, "sellingAndMarketingExpenses": 0.0, "otherExpenses": 2000000.0, "operatingExpenses": 719000000, "costAndExpenses": 3093000000, "interestExpense": 485000000, "depreciationAndAmortization": 813000000, "ebitda": 1320000000, "ebitdaratio": 0.366666666667, "operatingIncome": 507000000, "operatingIncomeRatio": 0.140833333333, "totalOtherIncomeExpensesNet": 2000000.0, "incomeBeforeTax": -13000000, "incomeBeforeTaxRatio": -0.007186290768380321, "incomeTaxExpense": 153000000, "netIncome": -85000000, "netIncomeRatio": -0.046987285793255944, "eps": -1.77, "epsdiluted": -1.77, "weightedAverageShsOut": 108948554, "weightedAverageShsOutDil": 108948554, "link": "https://www.sec.gov/Archives/edgar/data/1091667/000109166711000140/0001091667-11-000140-index.htm", "finalLink": "https://www.sec.gov/Archives/edgar/data/1091667/000109166711000140/body.htm"}, {"date": "2011-06-30", "symbol": "CHTR", "fillingDate": "2011-08-02", "acceptedDate": "2011-08-02 08:57:18", "period": "Q2", "revenue": 1791000000, "costOfRevenue": 0.0, "grossProfit": 1791000000, "grossProfitRatio": 1.0, "researchAndDevelopmentExpenses": 0.0, "generalAndAdministrativeExpenses": 343000000, "sellingAndMarketingExpenses": 0.0, "otherExpenses": 1000000.0, "operatingExpenses": 1000000.0, "costAndExpenses": 1000000.0, "interestExpense": -241000000, "depreciationAndAmortization": 393000000, "ebitda": 663000000, "ebitdaratio": 0.37018425460636517, "operatingIncome": 270000000, "operatingIncomeRatio": 0.1507537688442211, "totalOtherIncomeExpensesNet": -2000000.0, "incomeBeforeTax": -26000000, "incomeBeforeTaxRatio": -0.014517029592406477, "incomeTaxExpense": -81000000, "netIncome": -107000000, "netIncomeRatio": -0.059743160245672805, "eps": -1.95, "epsdiluted": -1.95, "weightedAverageShsOut": 108948554, "weightedAverageShsOutDil": 108948554, "link": "https://www.sec.gov/Archives/edgar/data/1091667/000109166711000103/0001091667-11-000103-index.htm", "finalLink": "https://www.sec.gov/Archives/edgar/data/1091667/000109166711000103/body.htm"}, {"date": "2011-03-31", "symbol": "CHTR", "fillingDate": "2011-05-03", "acceptedDate": "2011-05-03 08:09:01", "period": "Q1", "revenue": 1770000000, "costOfRevenue": 0.0, "grossProfit": 1770000000, "grossProfitRatio": 1.0, "researchAndDevelopmentExpenses": 0.0, "generalAndAdministrativeExpenses": 345000000, "sellingAndMarketingExpenses": 0.0, "otherExpenses": 5000000.0, "operatingExpenses": 350000000, "costAndExpenses": 1501000000, "interestExpense": 233000000, "depreciationAndAmortization": 395000000, "ebitda": 664000000, "ebitdaratio": 0.375141242938, "operatingIncome": 269000000, "operatingIncomeRatio": 0.15197740113, "totalOtherIncomeExpensesNet": -300000000, "incomeBeforeTax": -31000000, "incomeBeforeTaxRatio": -0.01751412429378531, "incomeTaxExpense": 79000000, "netIncome": -110000000, "netIncomeRatio": -0.062146892655367235, "eps": -0.97, "epsdiluted": -0.97, "weightedAverageShsOut": 113224303, "weightedAverageShsOutDil": 113224303, "link": "https://www.sec.gov/Archives/edgar/data/1091667/000109166711000085/0001091667-11-000085-index.htm", "finalLink": "https://www.sec.gov/Archives/edgar/data/1091667/000109166711000085/body.htm"}, {"date": "2010-12-31", "symbol": "CHTR", "fillingDate": "2011-03-01", "acceptedDate": "2011-03-01 08:30:41", "period": "FY", "revenue": 1784000000, "costOfRevenue": 0.0, "grossProfit": 1784000000, "grossProfitRatio": 1.0, "researchAndDevelopmentExpenses": 0.0, "generalAndAdministrativeExpenses": 362000000, "sellingAndMarketingExpenses": 0.0, "otherExpenses": 6000000.0, "operatingExpenses": 6000000.0, "costAndExpenses": 6000000.0, "interestExpense": -232000000, "depreciationAndAmortization": 390000000, "ebitda": 396000000, "ebitdaratio": 0.2219730941704036, "operatingIncome": 6000000.0, "operatingIncomeRatio": 0.0033632286995515697, "totalOtherIncomeExpensesNet": 6000000.0, "incomeBeforeTax": -1000000.0, "incomeBeforeTaxRatio": -0.0005605381165919282, "incomeTaxExpense": -84000000, "netIncome": 83000000, "netIncomeRatio": 0.04652466367713005, "eps": 0.0, "epsdiluted": 0.0, "weightedAverageShsOut": 113138461, "weightedAverageShsOutDil": 113138461, "link": "https://www.sec.gov/Archives/edgar/data/1091667/000109166711000029/0001091667-11-000029-index.htm", "finalLink": "https://www.sec.gov/Archives/edgar/data/1091667/000109166711000029/body.htm"}, {"date": "2010-09-30", "symbol": "CHTR", "fillingDate": "2010-11-03", "acceptedDate": "2010-11-03 08:30:38", "period": "Q3", "revenue": 1769000000, "costOfRevenue": 0.0, "grossProfit": 1769000000, "grossProfitRatio": 1.0, "researchAndDevelopmentExpenses": 0.0, "generalAndAdministrativeExpenses": 344000000, "sellingAndMarketingExpenses": 0.0, "otherExpenses": 0.0, "operatingExpenses": 0.0, "costAndExpenses": 0.0, "interestExpense": -222000000, "depreciationAndAmortization": 385000000, "ebitda": 385000000, "ebitdaratio": 0.21763708309779536, "operatingIncome": 0.0, "operatingIncomeRatio": 0.0, "totalOtherIncomeExpensesNet": 0.0, "incomeBeforeTax": 14000000, "incomeBeforeTaxRatio": 0.00791407574901074, "incomeTaxExpense": -109000000, "netIncome": 123000000, "netIncomeRatio": 0.06953080836630865, "eps": -1.34, "epsdiluted": 113081242, "weightedAverageShsOut": 113081242, "weightedAverageShsOutDil": 113081242, "link": "https://www.sec.gov/Archives/edgar/data/1091667/000109166710000223/0001091667-10-000223-index.htm", "finalLink": "https://www.sec.gov/Archives/edgar/data/1091667/000109166710000223/body.htm"}, {"date": "2010-06-30", "symbol": "CHTR", "fillingDate": "2010-08-04", "acceptedDate": "2010-08-04 08:10:48", "period": "Q2", "revenue": 1771000000, "costOfRevenue": 0.0, "grossProfit": 1771000000, "grossProfitRatio": 1.0, "researchAndDevelopmentExpenses": 0.0, "generalAndAdministrativeExpenses": 364000000, "sellingAndMarketingExpenses": 0.0, "otherExpenses": 7000000.0, "operatingExpenses": 7000000.0, "costAndExpenses": 7000000.0, "interestExpense": -219000000, "depreciationAndAmortization": 380000000, "ebitda": 387000000, "ebitdaratio": 0.21852060982495766, "operatingIncome": 7000000.0, "operatingIncomeRatio": 0.003952569169960474, "totalOtherIncomeExpensesNet": 7000000.0, "incomeBeforeTax": 2000000.0, "incomeBeforeTaxRatio": 0.001129305477131564, "incomeTaxExpense": -83000000, "netIncome": 85000000, "netIncomeRatio": 0.04799548277809147, "eps": -0.51, "epsdiluted": 113066173, "weightedAverageShsOut": 113066173, "weightedAverageShsOutDil": 113066173, "link": "https://www.sec.gov/Archives/edgar/data/1091667/000109166710000116/0001091667-10-000116-index.htm", "finalLink": "https://www.sec.gov/Archives/edgar/data/1091667/000109166710000116/body.htm"}, {"date": "2010-03-31", "symbol": "CHTR", "fillingDate": "2010-05-06", "acceptedDate": "2010-05-06 08:20:05", "period": "Q1", "revenue": 1735000000, "costOfRevenue": 0.0, "grossProfit": 1735000000, "grossProfitRatio": 1.0, "researchAndDevelopmentExpenses": 0.0, "generalAndAdministrativeExpenses": 352000000, "sellingAndMarketingExpenses": 0.0, "otherExpenses": 12000000, "operatingExpenses": 12000000, "costAndExpenses": 12000000, "interestExpense": -204000000, "depreciationAndAmortization": 369000000, "ebitda": 381000000, "ebitdaratio": 0.2195965417867435, "operatingIncome": 12000000, "operatingIncomeRatio": 0.0069164265129683, "totalOtherIncomeExpensesNet": 12000000, "incomeBeforeTax": 43000000, "incomeBeforeTaxRatio": 0.02478386167146974, "incomeTaxExpense": -19000000, "netIncome": 62000000, "netIncomeRatio": 0.035734870317002884, "eps": 0.0, "epsdiluted": 0.0, "weightedAverageShsOut": 113020967, "weightedAverageShsOutDil": 113020967, "link": "https://www.sec.gov/Archives/edgar/data/1091667/000109166710000076/0001091667-10-000076-index.htm", "finalLink": "https://www.sec.gov/Archives/edgar/data/1091667/000109166710000076/body.htm"}, {"date": "2009-12-31", "symbol": "CHTR", "fillingDate": "2010-02-26", "acceptedDate": "2010-02-26 16:43:18", "period": "FY", "revenue": 572000000, "costOfRevenue": 0.0, "grossProfit": 572000000, "grossProfitRatio": 1.0, "researchAndDevelopmentExpenses": 0.0, "generalAndAdministrativeExpenses": 118000000, "sellingAndMarketingExpenses": 0.0, "otherExpenses": 42000000, "operatingExpenses": 42000000, "costAndExpenses": 42000000, "interestExpense": 817000000, "depreciationAndAmortization": -855000000, "ebitda": -851000000, "ebitdaratio": 0.18175720992622402, "operatingIncome": 42000000, "operatingIncomeRatio": 0.006993006993006993, "totalOtherIncomeExpensesNet": 42000000, "incomeBeforeTax": 3377000000, "incomeBeforeTaxRatio": 0.017482517482517484, "incomeTaxExpense": -8000000.0, "netIncome": 3829000000, "netIncomeRatio": 0.03146853146853147, "eps": 0.0, "epsdiluted": 0.0, "weightedAverageShsOut": 112078089, "weightedAverageShsOutDil": 112078089, "link": "https://www.sec.gov/Archives/edgar/data/1091667/000109166710000019/0001091667-10-000019-index.htm", "finalLink": "https://www.sec.gov/Archives/edgar/data/1091667/000109166710000019/body.htm"}, {"date": "2009-09-30", "symbol": "CHTR", "fillingDate": "2009-11-09", "acceptedDate": "2009-11-09 09:06:44", "period": "Q3", "revenue": 1693000000, "costOfRevenue": 0.0, "grossProfit": 1693000000, "grossProfitRatio": 1.0, "researchAndDevelopmentExpenses": 0.0, "generalAndAdministrativeExpenses": 357000000, "sellingAndMarketingExpenses": 0.0, "otherExpenses": 10000000, "operatingExpenses": 10000000, "costAndExpenses": 10000000, "interestExpense": -206000000, "depreciationAndAmortization": 327000000, "ebitda": 337000000, "ebitdaratio": 0.19905493207324276, "operatingIncome": 10000000, "operatingIncomeRatio": 0.005906674542232723, "totalOtherIncomeExpensesNet": 10000000, "incomeBeforeTax": -2995000000, "incomeBeforeTaxRatio": -1.7690490253987006, "incomeTaxExpense": 565000000, "netIncome": -3560000000, "netIncomeRatio": -2.1027761370348492, "eps": -3.57, "epsdiluted": 378718134, "weightedAverageShsOut": 378718134, "weightedAverageShsOutDil": 378718134, "link": "https://www.sec.gov/Archives/edgar/data/1091667/000109166709000151/0001091667-09-000151-index.htm", "finalLink": "https://www.sec.gov/Archives/edgar/data/1091667/000109166709000151/body.htm"}, {"date": "2009-06-30", "symbol": "CHTR", "fillingDate": "2009-08-06", "acceptedDate": "2009-08-06 16:19:51", "period": "Q2", "revenue": 1690000000, "costOfRevenue": 0.0, "grossProfit": 1690000000, "grossProfitRatio": 1.0, "researchAndDevelopmentExpenses": 0.0, "generalAndAdministrativeExpenses": 343000000, "sellingAndMarketingExpenses": 0.0, "otherExpenses": 2000000.0, "operatingExpenses": 2000000.0, "costAndExpenses": 2000000.0, "interestExpense": -216000000, "depreciationAndAmortization": 329000000, "ebitda": 331000000, "ebitdaratio": 0.19585798816568048, "operatingIncome": 2000000.0, "operatingIncomeRatio": 0.001183431952662722, "totalOtherIncomeExpensesNet": 2000000.0, "incomeBeforeTax": -99000000, "incomeBeforeTaxRatio": -0.058579881656804736, "incomeTaxExpense": -60000000, "netIncome": -39000000, "netIncomeRatio": -0.023076923076923078, "eps": -0.84, "epsdiluted": 378541155, "weightedAverageShsOut": 378541155, "weightedAverageShsOutDil": 378541155, "link": "https://www.sec.gov/Archives/edgar/data/1091667/000109166709000120/0001091667-09-000120-index.htm", "finalLink": "https://www.sec.gov/Archives/edgar/data/1091667/000109166709000120/body.htm"}, {"date": "2009-03-31", "symbol": "CHTR", "fillingDate": "2009-05-07", "acceptedDate": "2009-05-07 08:23:55", "period": "Q1", "revenue": 1662000000, "costOfRevenue": 0.0, "grossProfit": 1662000000, "grossProfitRatio": 1.0, "researchAndDevelopmentExpenses": 0.0, "generalAndAdministrativeExpenses": 344000000, "sellingAndMarketingExpenses": 0.0, "otherExpenses": -50000000, "operatingExpenses": -50000000, "costAndExpenses": -50000000, "interestExpense": -463000000, "depreciationAndAmortization": 321000000, "ebitda": 271000000, "ebitdaratio": 0.16305655836341756, "operatingIncome": -50000000, "operatingIncomeRatio": -0.030084235860409144, "totalOtherIncomeExpensesNet": -50000000, "incomeBeforeTax": -273000000, "incomeBeforeTaxRatio": -0.16425992779783394, "incomeTaxExpense": -61000000, "netIncome": -212000000, "netIncomeRatio": -0.12755716004813478, "eps": -0.54, "epsdiluted": 378095547, "weightedAverageShsOut": 378095547, "weightedAverageShsOutDil": 378095547, "link": "https://www.sec.gov/Archives/edgar/data/1091667/000109166709000086/0001091667-09-000086-index.htm", "finalLink": "https://www.sec.gov/Archives/edgar/data/1091667/000109166709000086/body.htm"}, {"date": "2008-12-31", "symbol": "CHTR", "fillingDate": "2009-03-16", "acceptedDate": "2009-03-16 14:54:25", "period": "FY", "revenue": 1656000000, "costOfRevenue": 0.0, "grossProfit": 1656000000, "grossProfitRatio": 1.0, "researchAndDevelopmentExpenses": 0.0, "generalAndAdministrativeExpenses": 342000000, "sellingAndMarketingExpenses": 0.0, "otherExpenses": 18000000, "operatingExpenses": 18000000, "costAndExpenses": 18000000, "interestExpense": -486000000, "depreciationAndAmortization": 329000000, "ebitda": -245000000, "ebitdaratio": -0.14794685990338163, "operatingIncome": -574000000, "operatingIncomeRatio": -0.3466183574879227, "totalOtherIncomeExpensesNet": 69000000, "incomeBeforeTax": -1772000000, "incomeBeforeTaxRatio": -1.070048309178744, "incomeTaxExpense": 277000000, "netIncome": -1495000000, "netIncomeRatio": -0.9027777777777778, "eps": -6.56, "epsdiluted": -6.56, "weightedAverageShsOut": 373464920, "weightedAverageShsOutDil": 373464920, "link": "https://www.sec.gov/Archives/edgar/data/1091667/000109166709000038/0001091667-09-000038-index.htm", "finalLink": "https://www.sec.gov/Archives/edgar/data/1091667/000109166709000038/body.htm"}, {"date": "2008-09-30", "symbol": "CHTR", "fillingDate": "2008-11-06", "acceptedDate": "2008-11-06 08:46:12", "period": "Q3", "revenue": 1636000000, "costOfRevenue": 0.0, "grossProfit": 1636000000, "grossProfitRatio": 1.0, "researchAndDevelopmentExpenses": 0.0, "generalAndAdministrativeExpenses": 372000000, "sellingAndMarketingExpenses": 0.0, "otherExpenses": 15000000, "operatingExpenses": 15000000, "costAndExpenses": 15000000, "interestExpense": -478000000, "depreciationAndAmortization": 332000000, "ebitda": 540000000, "ebitdaratio": 0.33007334963325186, "operatingIncome": 208000000, "operatingIncomeRatio": 0.1271393643031785, "totalOtherIncomeExpensesNet": 2000000.0, "incomeBeforeTax": -265000000, "incomeBeforeTaxRatio": -0.16198044009779952, "incomeTaxExpense": -57000000, "netIncome": -322000000, "netIncomeRatio": -0.19682151589242053, "eps": -2.57, "epsdiluted": -2.57, "weightedAverageShsOut": 371968952, "weightedAverageShsOutDil": 371968952, "link": "https://www.sec.gov/Archives/edgar/data/1091667/000109166708000190/0001091667-08-000190-index.htm", "finalLink": "https://www.sec.gov/Archives/edgar/data/1091667/000109166708000190/body.htm"}, {"date": "2008-06-30", "symbol": "CHTR", "fillingDate": "2008-08-05", "acceptedDate": "2008-08-05 08:23:22", "period": "Q2", "revenue": 1623000000, "costOfRevenue": 0.0, "grossProfit": 1623000000, "grossProfitRatio": 1.0, "researchAndDevelopmentExpenses": 0.0, "generalAndAdministrativeExpenses": 341000000, "sellingAndMarketingExpenses": 0.0, "otherExpenses": 25000000, "operatingExpenses": 25000000, "costAndExpenses": 25000000, "interestExpense": -474000000, "depreciationAndAmortization": 328000000, "ebitda": 558000000, "ebitdaratio": 0.3438077634011091, "operatingIncome": 230000000, "operatingIncomeRatio": 0.14171287738755392, "totalOtherIncomeExpensesNet": -2000000.0, "incomeBeforeTax": -217000000, "incomeBeforeTaxRatio": -0.1337030191004313, "incomeTaxExpense": -59000000, "netIncome": -276000000, "netIncomeRatio": -0.17005545286506468, "eps": -1.71, "epsdiluted": -1.71, "weightedAverageShsOut": 370868849, "weightedAverageShsOutDil": 370868849, "link": "https://www.sec.gov/Archives/edgar/data/1091667/000109166708000148/0001091667-08-000148-index.htm", "finalLink": "https://www.sec.gov/Archives/edgar/data/1091667/000109166708000148/body.htm"}, {"date": "2008-03-31", "symbol": "CHTR", "fillingDate": "2008-05-12", "acceptedDate": "2008-05-12 08:23:58", "period": "Q1", "revenue": 1564000000, "costOfRevenue": 0.0, "grossProfit": 1564000000, "grossProfitRatio": 1.0, "researchAndDevelopmentExpenses": 0.0, "generalAndAdministrativeExpenses": 346000000, "sellingAndMarketingExpenses": 0.0, "otherExpenses": 11000000, "operatingExpenses": 11000000, "costAndExpenses": 11000000, "interestExpense": -465000000, "depreciationAndAmortization": 321000000, "ebitda": 526000000, "ebitdaratio": 0.33631713554987214, "operatingIncome": 205000000, "operatingIncomeRatio": 0.13107416879795397, "totalOtherIncomeExpensesNet": 0.0, "incomeBeforeTax": -300000000, "incomeBeforeTaxRatio": -0.1918158567774936, "incomeTaxExpense": -58000000, "netIncome": -358000000, "netIncomeRatio": -0.2289002557544757, "eps": -0.97, "epsdiluted": 370085187, "weightedAverageShsOut": 370085187, "weightedAverageShsOutDil": 370085187, "link": "https://www.sec.gov/Archives/edgar/data/1091667/000109166708000110/0001091667-08-000110-index.htm", "finalLink": "https://www.sec.gov/Archives/edgar/data/1091667/000109166708000110/body.htm"}, {"date": "2007-12-31", "symbol": "CHTR", "fillingDate": "2008-02-27", "acceptedDate": "2008-02-27 08:31:25", "period": "FY", "revenue": 1553000000, "costOfRevenue": 0.0, "grossProfit": 1553000000, "grossProfitRatio": 1.0, "researchAndDevelopmentExpenses": 0.0, "generalAndAdministrativeExpenses": 328000000, "sellingAndMarketingExpenses": 0.0, "otherExpenses": -30000000, "operatingExpenses": -30000000, "costAndExpenses": -30000000, "interestExpense": -464000000, "depreciationAndAmortization": 329000000, "ebitda": -151000000, "ebitdaratio": -0.09723116548615583, "operatingIncome": -480000000, "operatingIncomeRatio": -0.30907920154539603, "totalOtherIncomeExpensesNet": 38000000, "incomeBeforeTax": -428000000, "incomeBeforeTaxRatio": -0.2755956213779781, "incomeTaxExpense": -40000000, "netIncome": -468000000, "netIncomeRatio": -0.3013522215067611, "eps": -4.39, "epsdiluted": -4.39, "weightedAverageShsOut": 368240608, "weightedAverageShsOutDil": 368240608, "link": "https://www.sec.gov/Archives/edgar/data/1091667/000109166708000004/0001091667-08-000004-index.htm", "finalLink": "https://www.sec.gov/Archives/edgar/data/1091667/000109166708000004/body.htm"}, {"date": "2007-09-30", "symbol": "CHTR", "fillingDate": "2007-11-08", "acceptedDate": "2007-11-08 08:51:54", "period": "Q3", "revenue": 1525000000, "costOfRevenue": 0.0, "grossProfit": 1525000000, "grossProfitRatio": 1.0, "researchAndDevelopmentExpenses": 0.0, "generalAndAdministrativeExpenses": 341000000, "sellingAndMarketingExpenses": 0.0, "otherExpenses": 8000000.0, "operatingExpenses": 8000000.0, "costAndExpenses": 8000000.0, "interestExpense": -452000000, "depreciationAndAmortization": 334000000, "ebitda": 441000000, "ebitdaratio": 0.28918032786885245, "operatingIncome": 107000000, "operatingIncomeRatio": 0.07016393442622951, "totalOtherIncomeExpensesNet": -55000000, "incomeBeforeTax": -366000000, "incomeBeforeTaxRatio": -0.24, "incomeTaxExpense": -41000000, "netIncome": -407000000, "netIncomeRatio": -0.26688524590163937, "eps": -3.12, "epsdiluted": -3.12, "weightedAverageShsOut": 367671479, "weightedAverageShsOutDil": 367671479, "link": "https://www.sec.gov/Archives/edgar/data/1091667/000109166707000211/0001091667-07-000211-index.htm", "finalLink": "https://www.sec.gov/Archives/edgar/data/1091667/000109166707000211/body.htm"}, {"date": "2007-06-30", "symbol": "CHTR", "fillingDate": "2007-08-02", "acceptedDate": "2007-08-02 08:57:24", "period": "Q2", "revenue": 1499000000, "costOfRevenue": 0.0, "grossProfit": 1499000000, "grossProfitRatio": 1.0, "researchAndDevelopmentExpenses": 0.0, "generalAndAdministrativeExpenses": 317000000, "sellingAndMarketingExpenses": 0.0, "otherExpenses": 1000000.0, "operatingExpenses": 1000000.0, "costAndExpenses": 1000000.0, "interestExpense": -471000000, "depreciationAndAmortization": 334000000, "ebitda": 534000000, "ebitdaratio": 0.3562374916611074, "operatingIncome": 200000000, "operatingIncomeRatio": 0.133422281521014, "totalOtherIncomeExpensesNet": 4000000.0, "incomeBeforeTax": -301000000, "incomeBeforeTaxRatio": -0.2008005336891261, "incomeTaxExpense": -59000000, "netIncome": -360000000, "netIncomeRatio": -0.24016010673782523, "eps": -2.02, "epsdiluted": -2.02, "weightedAverageShsOut": 366855427, "weightedAverageShsOutDil": 366855427, "link": "https://www.sec.gov/Archives/edgar/data/1091667/000109166707000146/0001091667-07-000146-index.htm", "finalLink": "https://www.sec.gov/Archives/edgar/data/1091667/000109166707000146/body.htm"}, {"date": "2007-03-31", "symbol": "CHTR", "fillingDate": "2007-05-03", "acceptedDate": "2007-05-03 08:10:21", "period": "Q1", "revenue": 1425000000, "costOfRevenue": 0.0, "grossProfit": 1425000000, "grossProfitRatio": 1.0, "researchAndDevelopmentExpenses": 0.0, "generalAndAdministrativeExpenses": 303000000, "sellingAndMarketingExpenses": 0.0, "otherExpenses": 4000000.0, "operatingExpenses": 4000000.0, "costAndExpenses": 4000000.0, "interestExpense": -464000000, "depreciationAndAmortization": 331000000, "ebitda": 487000000, "ebitdaratio": 0.34175438596491226, "operatingIncome": 156000000, "operatingIncomeRatio": 0.10947368421052632, "totalOtherIncomeExpensesNet": -4000000.0, "incomeBeforeTax": -312000000, "incomeBeforeTaxRatio": -0.21894736842105264, "incomeTaxExpense": -69000000, "netIncome": -381000000, "netIncomeRatio": -0.2673684210526316, "eps": -1.04, "epsdiluted": -1.04, "weightedAverageShsOut": 366346153, "weightedAverageShsOutDil": 366346153, "link": "https://www.sec.gov/Archives/edgar/data/1091667/000109166707000081/0001091667-07-000081-index.htm", "finalLink": "https://www.sec.gov/Archives/edgar/data/1091667/000109166707000081/body.htm"}, {"date": "2006-12-31", "symbol": "CHTR", "fillingDate": "2007-02-28", "acceptedDate": "2007-02-28 08:15:57", "period": "FY", "revenue": 1413000000, "costOfRevenue": 0.0, "grossProfit": 1413000000, "grossProfitRatio": 1.0, "researchAndDevelopmentExpenses": 0.0, "generalAndAdministrativeExpenses": 305000000, "sellingAndMarketingExpenses": 0.0, "otherExpenses": 7000000.0, "operatingExpenses": 7000000.0, "costAndExpenses": 7000000.0, "interestExpense": -478000000, "depreciationAndAmortization": 330000000, "ebitda": 493000000, "ebitdaratio": 0.3489030431705591, "operatingIncome": 163000000, "operatingIncomeRatio": 0.11535739561217269, "totalOtherIncomeExpensesNet": -101000000, "incomeBeforeTax": -315000000, "incomeBeforeTaxRatio": -0.2229299363057325, "incomeTaxExpense": -63000000, "netIncome": -396000000, "netIncomeRatio": -0.2802547770700637, "eps": -4.78, "epsdiluted": -4.78, "weightedAverageShsOut": 331941788, "weightedAverageShsOutDil": 331941788, "link": "https://www.sec.gov/Archives/edgar/data/1091667/000109166707000015/0001091667-07-000015-index.htm", "finalLink": "https://www.sec.gov/Archives/edgar/data/1091667/000109166707000015/body.htm"}, {"date": "2006-09-30", "symbol": "CHTR", "fillingDate": "2006-10-31", "acceptedDate": "2006-10-31 08:05:15", "period": "Q3", "revenue": 1388000000, "costOfRevenue": 0.0, "grossProfit": 1388000000, "grossProfitRatio": 1.0, "researchAndDevelopmentExpenses": 0.0, "generalAndAdministrativeExpenses": 309000000, "sellingAndMarketingExpenses": 0.0, "otherExpenses": 4000000.0, "operatingExpenses": 4000000.0, "costAndExpenses": 4000000.0, "interestExpense": -466000000, "depreciationAndAmortization": 334000000, "ebitda": 400000000, "ebitdaratio": 0.2881844380403458, "operatingIncome": 66000000, "operatingIncomeRatio": 0.04755043227665706, "totalOtherIncomeExpensesNet": 131000000, "incomeBeforeTax": -269000000, "incomeBeforeTaxRatio": -0.19380403458213258, "incomeTaxExpense": -64000000, "netIncome": -133000000, "netIncomeRatio": -0.09582132564841499, "eps": -3.77, "epsdiluted": -3.77, "weightedAverageShsOut": 320680698, "weightedAverageShsOutDil": 320680698, "link": "https://www.sec.gov/Archives/edgar/data/1091667/000109166706000372/0001091667-06-000372-index.htm", "finalLink": "https://www.sec.gov/Archives/edgar/data/1091667/000109166706000372/body.htm"}, {"date": "2006-06-30", "symbol": "CHTR", "fillingDate": "2006-08-08", "acceptedDate": "2006-08-08 08:17:46", "period": "Q2", "revenue": 1329000000, "costOfRevenue": 0.0, "grossProfit": 1329000000, "grossProfitRatio": 1.0, "researchAndDevelopmentExpenses": 0.0, "generalAndAdministrativeExpenses": 270000000, "sellingAndMarketingExpenses": 0.0, "otherExpenses": 7000000.0, "operatingExpenses": 7000000.0, "costAndExpenses": 7000000.0, "interestExpense": -475000000, "depreciationAndAmortization": 340000000, "ebitda": 471000000, "ebitdaratio": 0.3544018058690745, "operatingIncome": 131000000, "operatingIncomeRatio": 0.09857035364936043, "totalOtherIncomeExpensesNet": -21000000, "incomeBeforeTax": -365000000, "incomeBeforeTaxRatio": -0.2746425884123401, "incomeTaxExpense": -51000000, "netIncome": -382000000, "netIncomeRatio": -0.2874341610233258, "eps": -2.76, "epsdiluted": -2.76, "weightedAverageShsOut": 317531492, "weightedAverageShsOutDil": 317531492, "link": "https://www.sec.gov/Archives/edgar/data/1091667/000109166706000257/0001091667-06-000257-index.htm", "finalLink": "https://www.sec.gov/Archives/edgar/data/1091667/000109166706000257/body10q.htm"}, {"date": "2006-03-31", "symbol": "CHTR", "fillingDate": "2006-05-02", "acceptedDate": "2006-05-02 10:26:16", "period": "Q1", "revenue": 1374000000, "costOfRevenue": 0.0, "grossProfit": 1374000000, "grossProfitRatio": 1.0, "researchAndDevelopmentExpenses": 0.0, "generalAndAdministrativeExpenses": 281000000, "sellingAndMarketingExpenses": 0.0, "otherExpenses": 3000000.0, "operatingExpenses": 3000000.0, "costAndExpenses": 3000000.0, "interestExpense": -468000000, "depreciationAndAmortization": 358000000, "ebitda": 365000000, "ebitdaratio": 0.26564774381368267, "operatingIncome": 7000000.0, "operatingIncomeRatio": 0.005094614264919942, "totalOtherIncomeExpensesNet": 11000000, "incomeBeforeTax": -450000000, "incomeBeforeTaxRatio": -0.32751091703056767, "incomeTaxExpense": -9000000.0, "netIncome": -459000000, "netIncomeRatio": -0.33406113537117904, "eps": -1.45, "epsdiluted": -1.45, "weightedAverageShsOut": 317413472, "weightedAverageShsOutDil": 317413472, "link": "https://www.sec.gov/Archives/edgar/data/1091667/000109166706000203/0001091667-06-000203-index.htm", "finalLink": "https://www.sec.gov/Archives/edgar/data/1091667/000109166706000203/body.htm"}, {"date": "2005-12-31", "symbol": "CHTR", "fillingDate": "2006-02-28", "acceptedDate": "2006-02-28 08:13:50", "period": "FY", "revenue": 1342000000, "costOfRevenue": 0.0, "grossProfit": 1342000000, "grossProfitRatio": 1.0, "researchAndDevelopmentExpenses": 0.0, "generalAndAdministrativeExpenses": 272000000, "sellingAndMarketingExpenses": 0.0, "otherExpenses": 0.0, "operatingExpenses": 272000000, "costAndExpenses": 272000000, "interestExpense": -456000000, "depreciationAndAmortization": 365000000, "ebitda": 484000000, "ebitdaratio": 0.36065573770491804, "operatingIncome": 119000000, "operatingIncomeRatio": 0.08867362146050671, "totalOtherIncomeExpensesNet": 0.0, "incomeBeforeTax": -306000000, "incomeBeforeTaxRatio": -0.22801788375558868, "incomeTaxExpense": -40000000, "netIncome": -336000000, "netIncomeRatio": -0.2503725782414307, "eps": -3.13, "epsdiluted": -3.13, "weightedAverageShsOut": 310159047, "weightedAverageShsOutDil": 310159047, "link": "https://www.sec.gov/Archives/edgar/data/1091667/000109166706000093/0001091667-06-000093-index.htm", "finalLink": "https://www.sec.gov/Archives/edgar/data/1091667/000109166706000093/body.htm"}, {"date": "2005-09-30", "symbol": "CHTR", "fillingDate": "2005-11-02", "acceptedDate": "2005-11-01 18:26:39", "period": "Q3", "revenue": 1318000000, "costOfRevenue": 0.0, "grossProfit": 1318000000, "grossProfitRatio": 1.0, "researchAndDevelopmentExpenses": 0.0, "generalAndAdministrativeExpenses": 269000000, "sellingAndMarketingExpenses": 0.0, "otherExpenses": 0.0, "operatingExpenses": 269000000, "costAndExpenses": 269000000, "interestExpense": -462000000, "depreciationAndAmortization": 375000000, "ebitda": 438000000, "ebitdaratio": 0.3323216995447648, "operatingIncome": 63000000, "operatingIncomeRatio": 0.04779969650986343, "totalOtherIncomeExpensesNet": 0.0, "incomeBeforeTax": 108000000, "incomeBeforeTaxRatio": 0.0819423368740516, "incomeTaxExpense": -29000000, "netIncome": 76000000, "netIncomeRatio": 0.057663125948406675, "eps": -2.06, "epsdiluted": -2.06, "weightedAverageShsOut": 307761930, "weightedAverageShsOutDil": 307761930, "link": "https://www.sec.gov/Archives/edgar/data/1091667/000109166705000184/0001091667-05-000184-index.htm", "finalLink": "https://www.sec.gov/Archives/edgar/data/1091667/000109166705000184/body.htm"}, {"date": "2005-06-30", "symbol": "CHTR", "fillingDate": "2005-08-02", "acceptedDate": "2005-08-02 09:07:12", "period": "Q2", "revenue": 1323000000, "costOfRevenue": 0.0, "grossProfit": 1323000000, "grossProfitRatio": 1.0, "researchAndDevelopmentExpenses": 0.0, "generalAndAdministrativeExpenses": 256000000, "sellingAndMarketingExpenses": 0.0, "otherExpenses": 0.0, "operatingExpenses": 256000000, "costAndExpenses": 256000000, "interestExpense": -451000000, "depreciationAndAmortization": 378000000, "ebitda": 488000000, "ebitdaratio": 0.3688586545729403, "operatingIncome": 110000000, "operatingIncomeRatio": 0.08314436885865457, "totalOtherIncomeExpensesNet": 0.0, "incomeBeforeTax": -321000000, "incomeBeforeTaxRatio": -0.24263038548752835, "incomeTaxExpense": -31000000, "netIncome": -355000000, "netIncomeRatio": -0.26832955404383974, "eps": -2.34, "epsdiluted": -2.34, "weightedAverageShsOut": 303465474, "weightedAverageShsOutDil": 303465474, "link": "https://www.sec.gov/Archives/edgar/data/1091667/000109166705000079/0001091667-05-000079-index.htm", "finalLink": "https://www.sec.gov/Archives/edgar/data/1091667/000109166705000079/cci10q.htm"}, {"date": "2005-03-31", "symbol": "CHTR", "fillingDate": "2005-05-03", "acceptedDate": "2005-05-03 16:26:13", "period": "Q1", "revenue": 1271000000, "costOfRevenue": 0.0, "grossProfit": 1271000000, "grossProfitRatio": 1.0, "researchAndDevelopmentExpenses": 0.0, "generalAndAdministrativeExpenses": 237000000, "sellingAndMarketingExpenses": 0.0, "otherExpenses": 0.0, "operatingExpenses": 237000000, "costAndExpenses": 237000000, "interestExpense": -420000000, "depreciationAndAmortization": 381000000, "ebitda": 432000000, "ebitdaratio": 0.33988985051140835, "operatingIncome": 51000000, "operatingIncomeRatio": 0.04012588512981904, "totalOtherIncomeExpensesNet": 0.0, "incomeBeforeTax": -334000000, "incomeBeforeTaxRatio": -0.26278520849724624, "incomeTaxExpense": -15000000, "netIncome": -352000000, "netIncomeRatio": -0.2769472856018883, "eps": -1.16, "epsdiluted": -1.16, "weightedAverageShsOut": 303308880, "weightedAverageShsOutDil": 303308880, "link": "https://www.sec.gov/Archives/edgar/data/1091667/000095013705005310/0000950137-05-005310-index.htm", "finalLink": "https://www.sec.gov/Archives/edgar/data/1091667/000095013705005310/c94772e10vq.htm"}, {"date": "2004-12-31", "symbol": "CHTR", "fillingDate": "2005-03-03", "acceptedDate": "2005-03-02 21:06:46", "period": "FY", "revenue": 1276000000, "costOfRevenue": 0.0, "grossProfit": 1276000000, "grossProfitRatio": 1.0, "researchAndDevelopmentExpenses": 0.0, "generalAndAdministrativeExpenses": 236000000, "sellingAndMarketingExpenses": 0.0, "otherExpenses": 0.0, "operatingExpenses": 236000000, "costAndExpenses": 236000000, "interestExpense": -443000000, "depreciationAndAmortization": 390000000, "ebitda": 498000000, "ebitdaratio": 0.390282131661442, "operatingIncome": 108000000, "operatingIncomeRatio": 0.08463949843260188, "totalOtherIncomeExpensesNet": 0.0, "incomeBeforeTax": -321000000, "incomeBeforeTaxRatio": -0.25156739811912227, "incomeTaxExpense": 0.0, "netIncome": -339000000, "netIncomeRatio": -0.2656739811912226, "eps": -0.01447, "epsdiluted": -0.01447, "weightedAverageShsOut": 300291877000, "weightedAverageShsOutDil": 300291877000, "link": "https://www.sec.gov/Archives/edgar/data/1091667/000095013705002540/0000950137-05-002540-index.htm", "finalLink": "https://www.sec.gov/Archives/edgar/data/1091667/000095013705002540/c92627e10vk.htm"}, {"date": "2004-09-30", "symbol": "CHTR", "fillingDate": "2004-11-04", "acceptedDate": "2004-11-04 08:01:16", "period": "Q3", "revenue": 1248000000, "costOfRevenue": 0.0, "grossProfit": 1248000000, "grossProfitRatio": 1.0, "researchAndDevelopmentExpenses": 0.0, "generalAndAdministrativeExpenses": 252000000, "sellingAndMarketingExpenses": 0.0, "otherExpenses": 0.0, "operatingExpenses": 252000000, "costAndExpenses": 252000000, "interestExpense": -424000000, "depreciationAndAmortization": 371000000, "ebitda": -1973000000, "ebitdaratio": -1.5809294871794872, "operatingIncome": -2344000000, "operatingIncomeRatio": -1.8782051282051282, "totalOtherIncomeExpensesNet": 0.0, "incomeBeforeTax": -2776000000, "incomeBeforeTaxRatio": -2.2243589743589745, "incomeTaxExpense": 97000000, "netIncome": -3294000000, "netIncomeRatio": -2.639423076923077, "eps": -0.013380000000000001, "epsdiluted": -0.013380000000000001, "weightedAverageShsOut": 299411053000, "weightedAverageShsOutDil": 299411053000, "link": "https://www.sec.gov/Archives/edgar/data/1091667/000095013704009400/0000950137-04-009400-index.htm", "finalLink": "https://www.sec.gov/Archives/edgar/data/1091667/000095013704009400/c89356e10vq.htm"}, {"date": "2004-06-30", "symbol": "CHTR", "fillingDate": "2004-08-09", "acceptedDate": "2004-08-09 08:20:28", "period": "Q2", "revenue": 1239000000, "costOfRevenue": 0.0, "grossProfit": 1239000000, "grossProfitRatio": 1.0, "researchAndDevelopmentExpenses": 0.0, "generalAndAdministrativeExpenses": 244000000, "sellingAndMarketingExpenses": 0.0, "otherExpenses": 0.0, "operatingExpenses": 244000000, "costAndExpenses": 244000000, "interestExpense": -410000000, "depreciationAndAmortization": 364000000, "ebitda": 379000000, "ebitdaratio": 0.3058918482647296, "operatingIncome": 15000000, "operatingIncomeRatio": 0.012106537530266344, "totalOtherIncomeExpensesNet": 0.0, "incomeBeforeTax": -366000000, "incomeBeforeTaxRatio": -0.29539951573849876, "incomeTaxExpense": -43000000, "netIncome": -415000000, "netIncomeRatio": -0.33494753833736884, "eps": -2.39, "epsdiluted": -2.39, "weightedAverageShsOut": 297814091, "weightedAverageShsOutDil": 297814091, "link": "https://www.sec.gov/Archives/edgar/data/1091667/000095013704006399/0000950137-04-006399-index.htm", "finalLink": "https://www.sec.gov/Archives/edgar/data/1091667/000095013704006399/c87432e10vq.htm"}, {"date": "2004-03-31", "symbol": "CHTR", "fillingDate": "2004-05-10", "acceptedDate": "2004-05-10 09:19:23", "period": "Q1", "revenue": 1214000000, "costOfRevenue": 0.0, "grossProfit": 1214000000, "grossProfitRatio": 1.0, "researchAndDevelopmentExpenses": 0.0, "generalAndAdministrativeExpenses": 239000000, "sellingAndMarketingExpenses": 0.0, "otherExpenses": 0.0, "operatingExpenses": 239000000, "costAndExpenses": 239000000, "interestExpense": -393000000, "depreciationAndAmortization": 370000000, "ebitda": 545000000, "ebitdaratio": 0.4489291598023064, "operatingIncome": 175000000, "operatingIncomeRatio": 0.1441515650741351, "totalOtherIncomeExpensesNet": 0.0, "incomeBeforeTax": -235000000, "incomeBeforeTaxRatio": -0.19357495881383854, "incomeTaxExpense": -54000000, "netIncome": -293000000, "netIncomeRatio": -0.2413509060955519, "eps": -1.0, "epsdiluted": -1.0, "weightedAverageShsOut": 295106077, "weightedAverageShsOutDil": 295106077, "link": "https://www.sec.gov/Archives/edgar/data/1091667/000095013704003796/0000950137-04-003796-index.htm", "finalLink": "https://www.sec.gov/Archives/edgar/data/1091667/000095013704003796/c85376e10vq.htm"}, {"date": "2003-12-31", "symbol": "CHTR", "fillingDate": "2004-03-15", "acceptedDate": "2004-03-15 16:55:06", "period": "FY", "revenue": 1217000000, "costOfRevenue": 0.0, "grossProfit": 1217000000, "grossProfitRatio": 1.0, "researchAndDevelopmentExpenses": 0.0, "generalAndAdministrativeExpenses": 238000000, "sellingAndMarketingExpenses": 0.0, "otherExpenses": 0.0, "operatingExpenses": 238000000, "costAndExpenses": 238000000, "interestExpense": -394000000, "depreciationAndAmortization": 361000000, "ebitda": 571000000, "ebitdaratio": 0.4691865242399343, "operatingIncome": 210000000, "operatingIncomeRatio": 0.1725554642563681, "totalOtherIncomeExpensesNet": 0.0, "incomeBeforeTax": -161000000, "incomeBeforeTaxRatio": -0.1322925225965489, "incomeTaxExpense": 110000000, "netIncome": -57000000, "netIncomeRatio": -0.04683648315529992, "eps": -0.82, "epsdiluted": -0.82, "weightedAverageShsOut": 294597519, "weightedAverageShsOutDil": 294597519, "link": "https://www.sec.gov/Archives/edgar/data/1091667/000095013704001876/0000950137-04-001876-index.htm", "finalLink": "https://www.sec.gov/Archives/edgar/data/1091667/000095013704001876/c83767e10vk.htm"}, {"date": "2003-09-30", "symbol": "CHTR", "fillingDate": "2003-11-03", "acceptedDate": "2003-11-03 06:18:57", "period": "Q3", "revenue": 1207000000, "costOfRevenue": 0.0, "grossProfit": 1207000000, "grossProfitRatio": 1.0, "researchAndDevelopmentExpenses": 0.0, "generalAndAdministrativeExpenses": 235000000, "sellingAndMarketingExpenses": 0.0, "otherExpenses": 0.0, "operatingExpenses": 235000000, "costAndExpenses": 235000000, "interestExpense": -387000000, "depreciationAndAmortization": 362000000, "ebitda": 479000000, "ebitdaratio": 0.3968516984258492, "operatingIncome": 117000000, "operatingIncomeRatio": 0.09693454846727423, "totalOtherIncomeExpensesNet": 0.0, "incomeBeforeTax": 23000000, "incomeBeforeTaxRatio": 0.019055509527754765, "incomeTaxExpense": 0.0, "netIncome": 37000000, "netIncomeRatio": 0.030654515327257662, "eps": -0.62, "epsdiluted": -0.62, "weightedAverageShsOut": 291935483, "weightedAverageShsOutDil": 291935483, "link": "https://www.sec.gov/Archives/edgar/data/1091667/000095013403014296/0000950134-03-014296-index.htm", "finalLink": "https://www.sec.gov/Archives/edgar/data/1091667/000095013403014296/c80530e10vq.htm"}, {"date": "2003-06-30", "symbol": "CHTR", "fillingDate": "2003-08-05", "acceptedDate": "2003-08-04 17:42:48", "period": "Q2", "revenue": 2395000000, "costOfRevenue": 0.0, "grossProfit": 2395000000, "grossProfitRatio": 1.0, "researchAndDevelopmentExpenses": 0.0, "generalAndAdministrativeExpenses": 467000000, "sellingAndMarketingExpenses": 0.0, "otherExpenses": 0.0, "operatingExpenses": 467000000, "costAndExpenses": 467000000, "interestExpense": 730000000, "depreciationAndAmortization": -681000000, "ebitda": 3828000000, "ebitdaratio": -0.20542797494780793, "operatingIncome": 4509000000, "operatingIncomeRatio": 0.07891440501043841, "totalOtherIncomeExpensesNet": 0.0, "incomeBeforeTax": 2181000000, "incomeBeforeTaxRatio": -0.24509394572025053, "incomeTaxExpense": -520000000, "netIncome": 2296000000, "netIncomeRatio": -0.09102296450939457, "eps": -0.75, "epsdiluted": -0.75, "weightedAverageShsOut": 294471798, "weightedAverageShsOutDil": 294471798, "link": "https://www.sec.gov/Archives/edgar/data/1091667/000095012303008915/0000950123-03-008915-index.htm", "finalLink": "https://www.sec.gov/Archives/edgar/data/1091667/000095012303008915/y88762e10vq.htm"}]