[{"date": "2020-05-02", "symbol": "DLTR", "fillingDate": "2020-05-28", "acceptedDate": "2020-05-28 09:18:17", "period": "Q1", "revenue": 6286000000, "costOfRevenue": 4491000000, "grossProfit": 1794000000, "grossProfitRatio": 0.28539611835825646, "researchAndDevelopmentExpenses": 0.0, "generalAndAdministrativeExpenses": 1429000000, "sellingAndMarketingExpenses": 0.0, "otherExpenses": 0.0, "operatingExpenses": 1429000000, "costAndExpenses": 5920000000, "interestExpense": -40000000, "depreciationAndAmortization": 165000000, "ebitda": 530000000, "ebitdaratio": 0.08431434934775692, "operatingIncome": 365000000, "operatingIncomeRatio": 0.05806554247534203, "totalOtherIncomeExpensesNet": 0.0, "incomeBeforeTax": 325000000, "incomeBeforeTaxRatio": 0.051702195354756605, "incomeTaxExpense": 77000000, "netIncome": 247000000, "netIncomeRatio": 0.03929366846961502, "eps": 1.05, "epsdiluted": 1.05, "weightedAverageShsOut": 235238095, "weightedAverageShsOutDil": 235238095, "link": "https://www.sec.gov/Archives/edgar/data/935703/000093570320000027/0000935703-20-000027-index.htm", "finalLink": "https://www.sec.gov/Archives/edgar/data/935703/000093570320000027/dltr-2020x05x02x10q.htm"}, {"date": "2020-02-01", "symbol": "DLTR", "fillingDate": "2020-03-20", "acceptedDate": "2020-03-20 09:00:36", "period": "FY", "revenue": 6315300000, "costOfRevenue": 4354800000, "grossProfit": 1960500000, "grossProfitRatio": 0.31043655883330956, "researchAndDevelopmentExpenses": 0.0, "generalAndAdministrativeExpenses": 1398100000, "sellingAndMarketingExpenses": 0.0, "otherExpenses": 1000000.0, "operatingExpenses": 1398100000, "costAndExpenses": 5752900000, "interestExpense": 0.0, "depreciationAndAmortization": 181100000, "ebitda": 430500000, "ebitdaratio": 0.0681677830032, "operatingIncome": 249400000, "operatingIncomeRatio": 0.0394913939164, "totalOtherIncomeExpensesNet": 1000000.0, "incomeBeforeTax": 209500000, "incomeBeforeTaxRatio": 0.0331734042722, "incomeTaxExpense": 86500000, "netIncome": 123000000, "netIncomeRatio": 0.0194765094295, "eps": 0.52, "epsdiluted": 0.52, "weightedAverageShsOut": 237200000, "weightedAverageShsOutDil": 238300000, "link": "https://www.sec.gov/Archives/edgar/data/935703/000093570320000006/0000935703-20-000006-index.htm", "finalLink": "https://www.sec.gov/Archives/edgar/data/935703/000093570320000006/dltr-2020x02x01x10k.htm"}, {"date": "2019-11-02", "symbol": "DLTR", "fillingDate": "2019-11-26", "acceptedDate": "2019-11-26 09:15:11", "period": "Q3", "revenue": 5746200000, "costOfRevenue": 4041700000, "grossProfit": 1704500000, "grossProfitRatio": 0.2966308168876823, "researchAndDevelopmentExpenses": 0.0, "generalAndAdministrativeExpenses": 1346100000, "sellingAndMarketingExpenses": 0.0, "otherExpenses": 0.0, "operatingExpenses": 1346100000, "costAndExpenses": 5387800000, "interestExpense": 0.0, "depreciationAndAmortization": 161600000, "ebitda": 520000000, "ebitdaratio": 0.0904945877275, "operatingIncome": 358400000, "operatingIncomeRatio": 0.0623716543107, "totalOtherIncomeExpensesNet": 0.0, "incomeBeforeTax": 316900000, "incomeBeforeTaxRatio": 0.0551494900978, "incomeTaxExpense": 61100000, "netIncome": 255800000, "netIncomeRatio": 0.0445163760398, "eps": 1.09, "epsdiluted": 1.07, "weightedAverageShsOut": 237400000, "weightedAverageShsOutDil": 238300000, "link": "https://www.sec.gov/Archives/edgar/data/935703/000093570319000054/0000935703-19-000054-index.htm", "finalLink": "https://www.sec.gov/Archives/edgar/data/935703/000093570319000054/dltr-2019x11x02x10q.htm"}, {"date": "2019-08-03", "symbol": "DLTR", "fillingDate": "2019-08-29", "acceptedDate": "2019-08-29 09:19:12", "period": "Q2", "revenue": 5740600000, "costOfRevenue": 4092100000, "grossProfit": 1648500000, "grossProfitRatio": 0.28716510469288925, "researchAndDevelopmentExpenses": 0.0, "generalAndAdministrativeExpenses": 1379600000, "sellingAndMarketingExpenses": 0.0, "otherExpenses": 0.0, "operatingExpenses": 1379600000, "costAndExpenses": 5471700000, "interestExpense": 0.0, "depreciationAndAmortization": 156800000, "ebitda": 425700000, "ebitdaratio": 0.0741560115667, "operatingIncome": 268900000, "operatingIncomeRatio": 0.0468417935407, "totalOtherIncomeExpensesNet": 0.0, "incomeBeforeTax": 228400000, "incomeBeforeTaxRatio": 0.0397867818695, "incomeTaxExpense": 48100000, "netIncome": 180300000, "netIncomeRatio": 0.0314078667735, "eps": 0.75, "epsdiluted": 0.76, "weightedAverageShsOut": 237800000, "weightedAverageShsOutDil": 238700000, "link": "https://www.sec.gov/Archives/edgar/data/935703/000093570319000045/0000935703-19-000045-index.htm", "finalLink": "https://www.sec.gov/Archives/edgar/data/935703/000093570319000045/dltr-2019x08x03x10q.htm"}, {"date": "2019-05-04", "symbol": "DLTR", "fillingDate": "2019-05-31", "acceptedDate": "2019-05-31 17:28:53", "period": "Q1", "revenue": 5808700000, "costOfRevenue": 4081500000, "grossProfit": 1727200000, "grossProfitRatio": 0.2973470828240398, "researchAndDevelopmentExpenses": 0.0, "generalAndAdministrativeExpenses": 1341700000, "sellingAndMarketingExpenses": 0.0, "otherExpenses": 0.0, "operatingExpenses": 1341700000, "costAndExpenses": 5423200000, "interestExpense": 0.0, "depreciationAndAmortization": 152800000, "ebitda": 538300000, "ebitdaratio": 0.0926713378209, "operatingIncome": 385500000, "operatingIncomeRatio": 0.0663659682889, "totalOtherIncomeExpensesNet": 0.0, "incomeBeforeTax": 343900000, "incomeBeforeTaxRatio": 0.0592042970028, "incomeTaxExpense": 76000000, "netIncome": 267900000, "netIncomeRatio": 0.0461204744607, "eps": 1.13, "epsdiluted": 1.12, "weightedAverageShsOut": 238000000, "weightedAverageShsOutDil": 239100000, "link": "https://www.sec.gov/Archives/edgar/data/935703/000093570319000036/0000935703-19-000036-index.htm", "finalLink": "https://www.sec.gov/Archives/edgar/data/935703/000093570319000024/dltr-2019x02x02x10k.htm"}, {"date": "2019-02-02", "symbol": "DLTR", "fillingDate": "2019-03-27", "acceptedDate": "2019-03-27 17:26:05", "period": "FY", "revenue": 23147000000, "costOfRevenue": 21234900000, "grossProfit": 1912100000, "grossProfitRatio": 0.08260681729813799, "researchAndDevelopmentExpenses": 0.0, "generalAndAdministrativeExpenses": 4059500000, "sellingAndMarketingExpenses": 0.0, "otherExpenses": 0.0, "operatingExpenses": 4059500000, "costAndExpenses": 25294400000, "interestExpense": 0.0, "depreciationAndAmortization": 170200000, "ebitda": -1975800000, "ebitdaratio": -0.3184206285253828, "operatingIncome": -2146000000, "operatingIncomeRatio": -0.3458501208702659, "totalOtherIncomeExpensesNet": 0.0, "incomeBeforeTax": -2194000000, "incomeBeforeTaxRatio": -0.35358581788879934, "incomeTaxExpense": 112900000, "netIncome": -2306000000, "netIncomeRatio": -0.3716357775987107, "eps": -9.7, "epsdiluted": -9.66, "weightedAverageShsOut": 237900000, "weightedAverageShsOutDil": 238700000, "link": "https://www.sec.gov/Archives/edgar/data/935703/000093570319000024/0000935703-19-000024-index.htm", "finalLink": "https://www.sec.gov/Archives/edgar/data/935703/000093570319000024/dltr-2019x02x02x10k.htm"}, {"date": "2018-11-03", "symbol": "DLTR", "fillingDate": "2018-11-29", "acceptedDate": "2018-11-29 09:16:12", "period": "Q3", "revenue": 5539000000, "costOfRevenue": 3867000000, "grossProfit": 1672000000, "grossProfitRatio": 0.30185954143347177, "researchAndDevelopmentExpenses": 0.0, "generalAndAdministrativeExpenses": 1284100000, "sellingAndMarketingExpenses": 0.0, "otherExpenses": 1000000.0, "operatingExpenses": 1284100000, "costAndExpenses": 5151000000, "interestExpense": 0.0, "depreciationAndAmortization": 152400000, "ebitda": 540200000, "ebitdaratio": 0.09738219895287958, "operatingIncome": 387800000, "operatingIncomeRatio": 0.06986820725762773, "totalOtherIncomeExpensesNet": 1000000.0, "incomeBeforeTax": 340000000, "incomeBeforeTaxRatio": 0.06138292110489258, "incomeTaxExpense": 58200000, "netIncome": 281800000, "netIncomeRatio": 0.0509117169164109, "eps": 1.18, "epsdiluted": 1.18, "weightedAverageShsOut": 237800000, "weightedAverageShsOutDil": 238600000, "link": "https://www.sec.gov/Archives/edgar/data/935703/000093570318000058/0000935703-18-000058-index.htm", "finalLink": "https://www.sec.gov/Archives/edgar/data/935703/000093570318000058/dltr-2018x11x03x10q.htm"}, {"date": "2018-08-04", "symbol": "DLTR", "fillingDate": "2018-08-30", "acceptedDate": "2018-08-30 09:25:36", "period": "Q2", "revenue": 5525600000, "costOfRevenue": 3861700000, "grossProfit": 1663900000, "grossProfitRatio": 0.30112566961054005, "researchAndDevelopmentExpenses": 0.0, "generalAndAdministrativeExpenses": 1281400000, "sellingAndMarketingExpenses": 0.0, "otherExpenses": -1000000.0, "operatingExpenses": 1281400000, "costAndExpenses": 5143100000, "interestExpense": 0.0, "depreciationAndAmortization": 154500000, "ebitda": 537000000, "ebitdaratio": 0.0971840162154, "operatingIncome": 382500000, "operatingIncomeRatio": 0.0692232517736, "totalOtherIncomeExpensesNet": -1000000.0, "incomeBeforeTax": 337700000, "incomeBeforeTaxRatio": 0.0611155349645, "incomeTaxExpense": 63800000, "netIncome": 273900000, "netIncomeRatio": 0.0495692775445, "eps": 1.15, "epsdiluted": 1.15, "weightedAverageShsOut": 237700000, "weightedAverageShsOutDil": 238500000, "link": "https://www.sec.gov/Archives/edgar/data/935703/000093570318000045/0000935703-18-000045-index.htm", "finalLink": "https://www.sec.gov/Archives/edgar/data/935703/000093570318000045/dltr-2018x08x04x10q.htm"}, {"date": "2018-05-05", "symbol": "DLTR", "fillingDate": "2018-05-31", "acceptedDate": "2018-05-31 09:22:47", "period": "Q1", "revenue": 5553700000, "costOfRevenue": 3854100000, "grossProfit": 1699600000, "grossProfitRatio": 0.30603021409150655, "researchAndDevelopmentExpenses": 0.0, "generalAndAdministrativeExpenses": 1262000000, "sellingAndMarketingExpenses": 0.0, "otherExpenses": 0.0, "operatingExpenses": 1262000000, "costAndExpenses": 5116100000, "interestExpense": 0.0, "depreciationAndAmortization": 201200000, "ebitda": 638800000, "ebitdaratio": 0.115022417487, "operatingIncome": 437600000, "operatingIncomeRatio": 0.078794317302, "totalOtherIncomeExpensesNet": 0.0, "incomeBeforeTax": 207400000, "incomeBeforeTaxRatio": 0.037344473054, "incomeTaxExpense": 46900000, "netIncome": 160500000, "netIncomeRatio": 0.0288996524839, "eps": 0.68, "epsdiluted": 0.67, "weightedAverageShsOut": 237500000, "weightedAverageShsOutDil": 238500000, "link": "https://www.sec.gov/Archives/edgar/data/935703/000093570318000028/0000935703-18-000028-index.htm", "finalLink": "https://www.sec.gov/Archives/edgar/data/935703/000093570318000013/dltr-2018x02x03x10k.htm"}, {"date": "2018-02-03", "symbol": "DLTR", "fillingDate": "2018-03-16", "acceptedDate": "2018-03-16 09:18:52", "period": "FY", "revenue": 6360600000, "costOfRevenue": 4259600000, "grossProfit": 2101000000, "grossProfitRatio": 0.33031475018080053, "researchAndDevelopmentExpenses": 0.0, "generalAndAdministrativeExpenses": 1335400000, "sellingAndMarketingExpenses": 0.0, "otherExpenses": 0.0, "operatingExpenses": 1335400000, "costAndExpenses": 5595000000, "interestExpense": 0.0, "depreciationAndAmortization": 160000000, "ebitda": 925600000, "ebitdaratio": 0.145520862812, "operatingIncome": 765600000, "operatingIncomeRatio": 0.120366003207, "totalOtherIncomeExpensesNet": 5000000.0, "incomeBeforeTax": 691500000, "incomeBeforeTaxRatio": 0.108716158853, "incomeTaxExpense": -113000000, "netIncome": 1040100000, "netIncomeRatio": 0.163522309216, "eps": 4.39, "epsdiluted": 4.37, "weightedAverageShsOut": 236800000, "weightedAverageShsOutDil": 237700000, "link": "https://www.sec.gov/Archives/edgar/data/935703/000093570318000013/0000935703-18-000013-index.htm", "finalLink": "https://www.sec.gov/Archives/edgar/data/935703/000093570318000013/dltr-2018x02x03x10k.htm"}, {"date": "2017-10-28", "symbol": "DLTR", "fillingDate": "2017-11-21", "acceptedDate": "2017-11-21 09:14:36", "period": "Q3", "revenue": 5316600000, "costOfRevenue": 3650600000, "grossProfit": 1666000000, "grossProfitRatio": 0.31335816123086185, "researchAndDevelopmentExpenses": 0.0, "generalAndAdministrativeExpenses": 1240800000, "sellingAndMarketingExpenses": 0.0, "otherExpenses": 0.0, "operatingExpenses": 1240800000, "costAndExpenses": 4891400000, "interestExpense": 0.0, "depreciationAndAmortization": 153000000, "ebitda": 578200000, "ebitdaratio": 0.10875371478, "operatingIncome": 425200000, "operatingIncomeRatio": 0.079975924463, "totalOtherIncomeExpensesNet": 2000000.0, "incomeBeforeTax": 355100000, "incomeBeforeTaxRatio": 0.0667908061543, "incomeTaxExpense": 115200000, "netIncome": 239900000, "netIncomeRatio": 0.0451228228567, "eps": 1.01, "epsdiluted": 1.01, "weightedAverageShsOut": 236700000, "weightedAverageShsOutDil": 237500000, "link": "https://www.sec.gov/Archives/edgar/data/935703/000093570317000053/0000935703-17-000053-index.htm", "finalLink": "https://www.sec.gov/Archives/edgar/data/935703/000093570317000053/dltr-2017x10x28x10q.htm"}, {"date": "2017-07-29", "symbol": "DLTR", "fillingDate": "2017-08-24", "acceptedDate": "2017-08-24 09:13:54", "period": "Q2", "revenue": 5281200000, "costOfRevenue": 3653400000, "grossProfit": 1627800000, "grossProfitRatio": 0.30822540331742787, "researchAndDevelopmentExpenses": 0.0, "generalAndAdministrativeExpenses": 1208300000, "sellingAndMarketingExpenses": 0.0, "otherExpenses": 0.0, "operatingExpenses": 1208300000, "costAndExpenses": 4861700000, "interestExpense": 0.0, "depreciationAndAmortization": 156100000, "ebitda": 575600000, "ebitdaratio": 0.108990380974, "operatingIncome": 419500000, "operatingIncomeRatio": 0.0794327046883, "totalOtherIncomeExpensesNet": 5000000.0, "incomeBeforeTax": 343600000, "incomeBeforeTaxRatio": 0.0650609709914, "incomeTaxExpense": 109800000, "netIncome": 233800000, "netIncomeRatio": 0.0442702416118, "eps": 0.99, "epsdiluted": 0.98, "weightedAverageShsOut": 236500000, "weightedAverageShsOutDil": 237400000, "link": "https://www.sec.gov/Archives/edgar/data/935703/000093570317000043/0000935703-17-000043-index.htm", "finalLink": "https://www.sec.gov/Archives/edgar/data/935703/000093570317000043/dltr-2017x07x29x10q.htm"}, {"date": "2017-04-29", "symbol": "DLTR", "fillingDate": "2017-05-25", "acceptedDate": "2017-05-25 09:25:53", "period": "Q1", "revenue": 5287100000, "costOfRevenue": 3660000000, "grossProfit": 1627100000, "grossProfitRatio": 0.3077490495734902, "researchAndDevelopmentExpenses": 0.0, "generalAndAdministrativeExpenses": 1238300000, "sellingAndMarketingExpenses": 0.0, "otherExpenses": 0.0, "operatingExpenses": 1238300000, "costAndExpenses": 4898300000, "interestExpense": 0.0, "depreciationAndAmortization": 157500000, "ebitda": 546300000, "ebitdaratio": 0.103326965633, "operatingIncome": 388800000, "operatingIncomeRatio": 0.0735374780125, "totalOtherIncomeExpensesNet": 0.0, "incomeBeforeTax": 313800000, "incomeBeforeTaxRatio": 0.0593520077169, "incomeTaxExpense": 113300000, "netIncome": 200500000, "netIncomeRatio": 0.0379224905903, "eps": 0.85, "epsdiluted": 0.85, "weightedAverageShsOut": 236300000, "weightedAverageShsOutDil": 237300000, "link": "https://www.sec.gov/Archives/edgar/data/935703/000093570317000026/0000935703-17-000026-index.htm", "finalLink": "https://www.sec.gov/Archives/edgar/data/935703/000093570317000011/dltr-2017x01x28x10k.htm"}, {"date": "2017-01-28", "symbol": "DLTR", "fillingDate": "2017-03-28", "acceptedDate": "2017-03-28 16:33:05", "period": "FY", "revenue": 5635500000, "costOfRevenue": 3828200000, "grossProfit": 1807300000, "grossProfitRatio": 0.3206991393842605, "researchAndDevelopmentExpenses": 0.0, "generalAndAdministrativeExpenses": 1220800000, "sellingAndMarketingExpenses": 0.0, "otherExpenses": 7000000.0, "operatingExpenses": 1220800000, "costAndExpenses": 5049000000, "interestExpense": 0.0, "depreciationAndAmortization": 171400000, "ebitda": 757900000, "ebitdaratio": 0.134486735871, "operatingIncome": 586500000, "operatingIncomeRatio": 0.10407239819, "totalOtherIncomeExpensesNet": 7000000.0, "incomeBeforeTax": 497700000, "incomeBeforeTaxRatio": 0.0883151450625, "incomeTaxExpense": 175900000, "netIncome": 321800000, "netIncomeRatio": 0.0571022979327, "eps": 1.36, "epsdiluted": 1.35, "weightedAverageShsOut": 235700000, "weightedAverageShsOutDil": 236800000, "link": "https://www.sec.gov/Archives/edgar/data/935703/000093570317000011/0000935703-17-000011-index.htm", "finalLink": "https://www.sec.gov/Archives/edgar/data/935703/000093570317000011/dltr-2017x01x28x10k.htm"}, {"date": "2016-10-29", "symbol": "DLTR", "fillingDate": "2016-12-06", "acceptedDate": "2016-12-06 07:41:24", "period": "Q3", "revenue": 5001600000, "costOfRevenue": 3481100000, "grossProfit": 1520500000, "grossProfitRatio": 0.3040027191298784, "researchAndDevelopmentExpenses": 0.0, "generalAndAdministrativeExpenses": 1178100000, "sellingAndMarketingExpenses": 0.0, "otherExpenses": 1000000.0, "operatingExpenses": 1178100000, "costAndExpenses": 4659200000, "interestExpense": 0.0, "depreciationAndAmortization": 187600000, "ebitda": 530000000, "ebitdaratio": 0.105966090851, "operatingIncome": 342400000, "operatingIncomeRatio": 0.0684580934101, "totalOtherIncomeExpensesNet": 1000000.0, "incomeBeforeTax": 230200000, "incomeBeforeTaxRatio": 0.046025271913, "incomeTaxExpense": 58600000, "netIncome": 171600000, "netIncomeRatio": 0.0343090211132, "eps": 0.73, "epsdiluted": 0.73, "weightedAverageShsOut": 235600000, "weightedAverageShsOutDil": 236700000, "link": "https://www.sec.gov/Archives/edgar/data/935703/000093570316000168/0000935703-16-000168-index.htm", "finalLink": "https://www.sec.gov/Archives/edgar/data/935703/000093570316000168/dltr-2016x10x29x10q.htm"}, {"date": "2016-07-30", "symbol": "DLTR", "fillingDate": "2016-09-02", "acceptedDate": "2016-09-02 08:35:19", "period": "Q2", "revenue": 4996300000, "costOfRevenue": 3484000000, "grossProfit": 1512300000, "grossProfitRatio": 0.30268398614975084, "researchAndDevelopmentExpenses": 0.0, "generalAndAdministrativeExpenses": 1155100000, "sellingAndMarketingExpenses": 0.0, "otherExpenses": 5000000.0, "operatingExpenses": 1155100000, "costAndExpenses": 4639100000, "interestExpense": 0.0, "depreciationAndAmortization": 166700000, "ebitda": 523900000, "ebitdaratio": 0.10485759462, "operatingIncome": 357200000, "operatingIncomeRatio": 0.0714929047495, "totalOtherIncomeExpensesNet": 5000000.0, "incomeBeforeTax": 269900000, "incomeBeforeTaxRatio": 0.0540199747813, "incomeTaxExpense": 99800000, "netIncome": 170100000, "netIncomeRatio": 0.0340451934431, "eps": 0.72, "epsdiluted": 0.72, "weightedAverageShsOut": 235500000, "weightedAverageShsOutDil": 236600000, "link": "https://www.sec.gov/Archives/edgar/data/935703/000093570316000160/0000935703-16-000160-index.htm", "finalLink": "https://www.sec.gov/Archives/edgar/data/935703/000093570316000160/dltr-2016x07x30x10q.htm"}, {"date": "2016-04-30", "symbol": "DLTR", "fillingDate": "2016-06-09", "acceptedDate": "2016-06-09 09:28:56", "period": "Q1", "revenue": 5085800000, "costOfRevenue": 3531200000, "grossProfit": 1554600000, "grossProfitRatio": 0.30567462346140234, "researchAndDevelopmentExpenses": 0.0, "generalAndAdministrativeExpenses": 1135900000, "sellingAndMarketingExpenses": 0.0, "otherExpenses": -5000000.0, "operatingExpenses": 1135900000, "costAndExpenses": 4667100000, "interestExpense": 0.0, "depreciationAndAmortization": 167000000, "ebitda": 585700000, "ebitdaratio": 0.115163789374, "operatingIncome": 418700000, "operatingIncomeRatio": 0.0823272641472, "totalOtherIncomeExpensesNet": -5000000.0, "incomeBeforeTax": 331600000, "incomeBeforeTaxRatio": 0.0652011482953, "incomeTaxExpense": 98900000, "netIncome": 232700000, "netIncomeRatio": 0.0457548468284, "eps": 0.99, "epsdiluted": 0.98, "weightedAverageShsOut": 235300000, "weightedAverageShsOutDil": 236400000, "link": "https://www.sec.gov/Archives/edgar/data/935703/000093570316000143/0000935703-16-000143-index.htm", "finalLink": "https://www.sec.gov/Archives/edgar/data/935703/000093570316000127/dltr-2016x01x30x10k.htm"}, {"date": "2016-01-30", "symbol": "DLTR", "fillingDate": "2016-03-28", "acceptedDate": "2016-03-28 17:05:51", "period": "FY", "revenue": 5365300000, "costOfRevenue": 3712700000, "grossProfit": 1652600000, "grossProfitRatio": 0.30801632713920934, "researchAndDevelopmentExpenses": 0.0, "generalAndAdministrativeExpenses": 1182800000, "sellingAndMarketingExpenses": 0.0, "otherExpenses": 2000000.0, "operatingExpenses": 1182800000, "costAndExpenses": 4895500000, "interestExpense": 0.0, "depreciationAndAmortization": 239800000, "ebitda": 709600000, "ebitdaratio": 0.132257282911, "operatingIncome": 469800000, "operatingIncomeRatio": 0.0875626712393, "totalOtherIncomeExpensesNet": 0.0, "incomeBeforeTax": 352500000, "incomeBeforeTaxRatio": 0.0656999608596, "incomeTaxExpense": 123500000, "netIncome": 229000000, "netIncomeRatio": 0.0426816767003, "eps": 1.03, "epsdiluted": 1.02, "weightedAverageShsOut": 222500000, "weightedAverageShsOutDil": 223500000, "link": "https://www.sec.gov/Archives/edgar/data/935703/000093570316000127/0000935703-16-000127-index.htm", "finalLink": "https://www.sec.gov/Archives/edgar/data/935703/000093570316000127/dltr-2016x01x30x10k.htm"}, {"date": "2015-10-31", "symbol": "DLTR", "fillingDate": "2015-11-24", "acceptedDate": "2015-11-24 09:15:33", "period": "Q3", "revenue": 4945300000, "costOfRevenue": 3545300000, "grossProfit": 1400000000, "grossProfitRatio": 0.2830970820779326, "researchAndDevelopmentExpenses": 0.0, "generalAndAdministrativeExpenses": 1176400000, "sellingAndMarketingExpenses": 0.0, "otherExpenses": 0.0, "operatingExpenses": 1176400000, "costAndExpenses": 4721700000, "interestExpense": 0.0, "depreciationAndAmortization": 170200000, "ebitda": 393800000, "ebitdaratio": 0.0796311649445, "operatingIncome": 223600000, "operatingIncomeRatio": 0.0452146482519, "totalOtherIncomeExpensesNet": 0.0, "incomeBeforeTax": 124700000, "incomeBeforeTaxRatio": 0.0252158615251, "incomeTaxExpense": 42800000, "netIncome": 81900000, "netIncomeRatio": 0.0165611793016, "eps": 0.38, "epsdiluted": 0.38, "weightedAverageShsOut": 218400000, "weightedAverageShsOutDil": 219400000, "link": "https://www.sec.gov/Archives/edgar/data/935703/000093570315000109/0000935703-15-000109-index.htm", "finalLink": "https://www.sec.gov/Archives/edgar/data/935703/000093570315000109/dltr-2015x10x31x10q.htm"}, {"date": "2015-08-01", "symbol": "DLTR", "fillingDate": "2015-09-01", "acceptedDate": "2015-09-01 09:24:42", "period": "Q2", "revenue": 3011100000, "costOfRevenue": 2155900000, "grossProfit": 855200000, "grossProfitRatio": 0.2840158081764139, "researchAndDevelopmentExpenses": 0.0, "generalAndAdministrativeExpenses": 731700000, "sellingAndMarketingExpenses": 0.0, "otherExpenses": 2000000.0, "operatingExpenses": 731700000, "costAndExpenses": 2887600000, "interestExpense": 0.0, "depreciationAndAmortization": 86900000, "ebitda": 210400000, "ebitdaratio": 0.069874796586, "operatingIncome": 123500000, "operatingIncomeRatio": 0.0410149114941, "totalOtherIncomeExpensesNet": 2000000.0, "incomeBeforeTax": -142000000, "incomeBeforeTaxRatio": -0.04716041182331451, "incomeTaxExpense": -43000000, "netIncome": -97000000, "netIncomeRatio": -0.0322152108933909, "eps": -0.48, "epsdiluted": -0.48, "weightedAverageShsOut": 210300000, "weightedAverageShsOutDil": 210300000, "link": "https://www.sec.gov/Archives/edgar/data/935703/000093570315000082/0000935703-15-000082-index.htm", "finalLink": "https://www.sec.gov/Archives/edgar/data/935703/000093570315000082/dltr-2015x08x01x10q.htm"}, {"date": "2015-05-02", "symbol": "DLTR", "fillingDate": "2015-05-21", "acceptedDate": "2015-05-21 09:14:49", "period": "Q1", "revenue": 2176700000, "costOfRevenue": 1427800000, "grossProfit": 748900000, "grossProfitRatio": 0.3440529241512381, "researchAndDevelopmentExpenses": 0.0, "generalAndAdministrativeExpenses": 516100000, "sellingAndMarketingExpenses": 0.0, "otherExpenses": -2000000.0, "operatingExpenses": 516100000, "costAndExpenses": 1943900000, "interestExpense": 0.0, "depreciationAndAmortization": 55400000, "ebitda": 288200000, "ebitdaratio": 0.132402260302, "operatingIncome": 232800000, "operatingIncomeRatio": 0.10695088896, "totalOtherIncomeExpensesNet": -2000000.0, "incomeBeforeTax": 113200000, "incomeBeforeTaxRatio": 0.052005329168, "incomeTaxExpense": 43700000, "netIncome": 69500000, "netIncomeRatio": 0.0319290669362, "eps": 0.34, "epsdiluted": 0.34, "weightedAverageShsOut": 206200000, "weightedAverageShsOutDil": 207100000, "link": "https://www.sec.gov/Archives/edgar/data/935703/000093570315000050/0000935703-15-000050-index.htm", "finalLink": "https://www.sec.gov/Archives/edgar/data/935703/000093570315000034/dltr-2015x01x31x10k.htm"}, {"date": "2015-01-31", "symbol": "DLTR", "fillingDate": "2015-03-13", "acceptedDate": "2015-03-13 09:14:43", "period": "FY", "revenue": 2475600000, "costOfRevenue": 1557500000, "grossProfit": 918100000, "grossProfitRatio": 0.37085958959444176, "researchAndDevelopmentExpenses": 0.0, "generalAndAdministrativeExpenses": 534500000, "sellingAndMarketingExpenses": 0.0, "otherExpenses": 4000000.0, "operatingExpenses": 534500000, "costAndExpenses": 2092000000, "interestExpense": 0.0, "depreciationAndAmortization": 54400000, "ebitda": 438000000, "ebitdaratio": 0.176926805623, "operatingIncome": 383600000, "operatingIncomeRatio": 0.154952334788, "totalOtherIncomeExpensesNet": 5000000.0, "incomeBeforeTax": 324600000, "incomeBeforeTaxRatio": 0.131119728551, "incomeTaxExpense": 118100000, "netIncome": 206500000, "netIncomeRatio": 0.0834141218291, "eps": 1.0, "epsdiluted": 1.0, "weightedAverageShsOut": 206000000, "weightedAverageShsOutDil": 207000000, "link": "https://www.sec.gov/Archives/edgar/data/935703/000093570315000034/0000935703-15-000034-index.htm", "finalLink": "https://www.sec.gov/Archives/edgar/data/935703/000093570315000034/dltr-2015x01x31x10k.htm"}, {"date": "2014-11-01", "symbol": "DLTR", "fillingDate": "2014-11-20", "acceptedDate": "2014-11-20 09:14:43", "period": "Q3", "revenue": 2095200000, "costOfRevenue": 1370000000, "grossProfit": 725200000, "grossProfitRatio": 0.34612447499045434, "researchAndDevelopmentExpenses": 0.0, "generalAndAdministrativeExpenses": 505500000, "sellingAndMarketingExpenses": 0.0, "otherExpenses": 1000000.0, "operatingExpenses": 505500000, "costAndExpenses": 1875500000, "interestExpense": 0.0, "depreciationAndAmortization": 50900000, "ebitda": 270600000, "ebitdaratio": 0.129152348225, "operatingIncome": 219700000, "operatingIncomeRatio": 0.104858724704, "totalOtherIncomeExpensesNet": 0.0, "incomeBeforeTax": 209300000, "incomeBeforeTaxRatio": 0.0998949980909, "incomeTaxExpense": 76300000, "netIncome": 133000000, "netIncomeRatio": 0.0634784268805, "eps": 0.65, "epsdiluted": 0.65, "weightedAverageShsOut": 206100000, "weightedAverageShsOutDil": 207000000, "link": "https://www.sec.gov/Archives/edgar/data/935703/000093570314000081/0000935703-14-000081-index.htm", "finalLink": "https://www.sec.gov/Archives/edgar/data/935703/000093570314000081/dltr-2014x11x01x10q.htm"}, {"date": "2014-08-02", "symbol": "DLTR", "fillingDate": "2014-08-21", "acceptedDate": "2014-08-21 07:45:53", "period": "Q2", "revenue": 2031100000, "costOfRevenue": 1337000000, "grossProfit": 694100000, "grossProfitRatio": 0.3417360051203781, "researchAndDevelopmentExpenses": 0.0, "generalAndAdministrativeExpenses": 489100000, "sellingAndMarketingExpenses": 0.0, "otherExpenses": 0.0, "operatingExpenses": 489100000, "costAndExpenses": 1826100000, "interestExpense": 0.0, "depreciationAndAmortization": 49900000, "ebitda": 254900000, "ebitdaratio": 0.125498498351, "operatingIncome": 205000000, "operatingIncomeRatio": 0.100930530255, "totalOtherIncomeExpensesNet": 0.0, "incomeBeforeTax": 196500000, "incomeBeforeTaxRatio": 0.0967456058294, "incomeTaxExpense": 75100000, "netIncome": 121400000, "netIncomeRatio": 0.0597705676727, "eps": 0.59, "epsdiluted": 0.58, "weightedAverageShsOut": 206300000, "weightedAverageShsOutDil": 207200000, "link": "https://www.sec.gov/Archives/edgar/data/935703/000093570314000055/0000935703-14-000055-index.htm", "finalLink": "https://www.sec.gov/Archives/edgar/data/935703/000093570314000055/dltr-2014x08x02x10q.htm"}, {"date": "2014-05-03", "symbol": "DLTR", "fillingDate": "2014-05-22", "acceptedDate": "2014-05-22 09:15:32", "period": "Q1", "revenue": 2000300000, "costOfRevenue": 1303700000, "grossProfit": 696600000, "grossProfitRatio": 0.3482477628355747, "researchAndDevelopmentExpenses": 0.0, "generalAndAdministrativeExpenses": 464700000, "sellingAndMarketingExpenses": 0.0, "otherExpenses": 0.0, "operatingExpenses": 464700000, "costAndExpenses": 1768400000, "interestExpense": 0.0, "depreciationAndAmortization": 50700000, "ebitda": 282600000, "ebitdaratio": 0.141278808179, "operatingIncome": 231900000, "operatingIncomeRatio": 0.115932610108, "totalOtherIncomeExpensesNet": 0.0, "incomeBeforeTax": 223800000, "incomeBeforeTaxRatio": 0.11155577788894447, "incomeTaxExpense": 85500000, "netIncome": 138300000, "netIncomeRatio": 0.0691396290556, "eps": 0.67, "epsdiluted": 0.67, "weightedAverageShsOut": 206800000, "weightedAverageShsOutDil": 207700000, "link": "https://www.sec.gov/Archives/edgar/data/935703/000093570314000022/0000935703-14-000022-index.htm", "finalLink": "https://www.sec.gov/Archives/edgar/data/935703/000093570314000008/dltr-2014x02x01x10k.htm"}, {"date": "2014-02-01", "symbol": "DLTR", "fillingDate": "2014-03-14", "acceptedDate": "2014-03-14 09:07:32", "period": "FY", "revenue": 2234900000, "costOfRevenue": 1409700000, "grossProfit": 825200000, "grossProfitRatio": 0.3692335227526959, "researchAndDevelopmentExpenses": 0.0, "generalAndAdministrativeExpenses": 477000000, "sellingAndMarketingExpenses": 0.0, "otherExpenses": 0.0, "operatingExpenses": 477000000, "costAndExpenses": 1886700000, "interestExpense": 0.0, "depreciationAndAmortization": 50200000, "ebitda": 398400000, "ebitdaratio": 0.178263009531, "operatingIncome": 348200000, "operatingIncomeRatio": 0.155801154414, "totalOtherIncomeExpensesNet": 0.0, "incomeBeforeTax": 339100000, "incomeBeforeTaxRatio": 0.151729383865, "incomeTaxExpense": 126000000, "netIncome": 213100000, "netIncomeRatio": 0.0953510224171, "eps": 1.01, "epsdiluted": 0.99, "weightedAverageShsOut": 218100000, "weightedAverageShsOutDil": 219100000, "link": "https://www.sec.gov/Archives/edgar/data/935703/000093570314000008/0000935703-14-000008-index.htm", "finalLink": "https://www.sec.gov/Archives/edgar/data/935703/000093570314000008/dltr-2014x02x01x10k.htm"}, {"date": "2013-11-02", "symbol": "DLTR", "fillingDate": "2013-11-21", "acceptedDate": "2013-11-21 09:16:11", "period": "Q3", "revenue": 1884700000, "costOfRevenue": 1224800000, "grossProfit": 659900000, "grossProfitRatio": 0.35013530004775295, "researchAndDevelopmentExpenses": 0.0, "generalAndAdministrativeExpenses": 455600000, "sellingAndMarketingExpenses": 0.0, "otherExpenses": 0.0, "operatingExpenses": 455600000, "costAndExpenses": 1680400000, "interestExpense": 0.0, "depreciationAndAmortization": 48600000, "ebitda": 252900000, "ebitdaratio": 0.134185812066, "operatingIncome": 204300000, "operatingIncomeRatio": 0.108399214729, "totalOtherIncomeExpensesNet": 0.0, "incomeBeforeTax": 198900000, "incomeBeforeTaxRatio": 0.105534037247, "incomeTaxExpense": 73500000, "netIncome": 125400000, "netIncomeRatio": 0.0665357881891, "eps": 0.58, "epsdiluted": 0.58, "weightedAverageShsOut": 221400000, "weightedAverageShsOutDil": 222400000, "link": "https://www.sec.gov/Archives/edgar/data/935703/000093570313000055/0000935703-13-000055-index.htm", "finalLink": "https://www.sec.gov/Archives/edgar/data/935703/000093570313000055/dltr-2013x11x02x10q.htm"}, {"date": "2013-08-03", "symbol": "DLTR", "fillingDate": "2013-08-22", "acceptedDate": "2013-08-22 09:16:02", "period": "Q2", "revenue": 1854900000, "costOfRevenue": 1206200000, "grossProfit": 648700000, "grossProfitRatio": 0.3497223570003774, "researchAndDevelopmentExpenses": 0.0, "generalAndAdministrativeExpenses": 447500000, "sellingAndMarketingExpenses": 0.0, "otherExpenses": 0.0, "operatingExpenses": 447500000, "costAndExpenses": 1653700000, "interestExpense": 0.0, "depreciationAndAmortization": 46600000, "ebitda": 247800000, "ebitdaratio": 0.133592107391, "operatingIncome": 201200000, "operatingIncomeRatio": 0.10846945927, "totalOtherIncomeExpensesNet": 0.0, "incomeBeforeTax": 200700000, "incomeBeforeTaxRatio": 0.10819990296, "incomeTaxExpense": 76000000, "netIncome": 124700000, "netIncomeRatio": 0.0672273437921, "eps": 0.55, "epsdiluted": 0.56, "weightedAverageShsOut": 223800000, "weightedAverageShsOutDil": 224800000, "link": "https://www.sec.gov/Archives/edgar/data/935703/000093570313000040/0000935703-13-000040-index.htm", "finalLink": "https://www.sec.gov/Archives/edgar/data/935703/000093570313000040/dltr-2013x08x03x10q.htm"}, {"date": "2013-05-04", "symbol": "DLTR", "fillingDate": "2013-05-23", "acceptedDate": "2013-05-23 09:10:37", "period": "Q1", "revenue": 1865800000, "costOfRevenue": 1209800000, "grossProfit": 656000000, "grossProfitRatio": 0.35159181048343874, "researchAndDevelopmentExpenses": 0.0, "generalAndAdministrativeExpenses": 439400000, "sellingAndMarketingExpenses": 0.0, "otherExpenses": 0.0, "operatingExpenses": 439400000, "costAndExpenses": 1649200000, "interestExpense": 0.0, "depreciationAndAmortization": 45100000, "ebitda": 261700000, "ebitdaratio": 0.140261550005, "operatingIncome": 216600000, "operatingIncomeRatio": 0.116089613035, "totalOtherIncomeExpensesNet": 0.0, "incomeBeforeTax": 215600000, "incomeBeforeTaxRatio": 0.11528150134048257, "incomeTaxExpense": 82100000, "netIncome": 133500000, "netIncomeRatio": 0.0715510772859, "eps": 0.6, "epsdiluted": 0.59, "weightedAverageShsOut": 224200000, "weightedAverageShsOutDil": 225200000, "link": "https://www.sec.gov/Archives/edgar/data/935703/000093570313000029/0000935703-13-000029-index.htm", "finalLink": "https://www.sec.gov/Archives/edgar/data/935703/000093570313000014/dltr-2013x02x02x10k.htm"}, {"date": "2013-02-02", "symbol": "DLTR", "fillingDate": "2013-03-15", "acceptedDate": "2013-03-15 08:45:57", "period": "FY", "revenue": 2245800000, "costOfRevenue": 1395000000, "grossProfit": 850800000, "grossProfitRatio": 0.3788405022709057, "researchAndDevelopmentExpenses": 0.0, "generalAndAdministrativeExpenses": 487300000, "sellingAndMarketingExpenses": 0.0, "otherExpenses": 61000000, "operatingExpenses": 487300000, "costAndExpenses": 1882300000, "interestExpense": 0.0, "depreciationAndAmortization": 46900000, "ebitda": 410400000, "ebitdaratio": 0.182741116751, "operatingIncome": 363500000, "operatingIncomeRatio": 0.16185768991, "totalOtherIncomeExpensesNet": 0.0, "incomeBeforeTax": 362900000, "incomeBeforeTaxRatio": 0.161590524535, "incomeTaxExpense": 134300000, "netIncome": 228600000, "netIncomeRatio": 0.101790008015, "eps": 1.0, "epsdiluted": 0.99, "weightedAverageShsOut": 229300000, "weightedAverageShsOutDil": 230700000, "link": "https://www.sec.gov/Archives/edgar/data/935703/000093570313000014/0000935703-13-000014-index.htm", "finalLink": "https://www.sec.gov/Archives/edgar/data/935703/000093570313000014/dltr-2013x02x02x10k.htm"}, {"date": "2012-10-27", "symbol": "DLTR", "fillingDate": "2012-11-15", "acceptedDate": "2012-11-15 09:17:08", "period": "Q3", "revenue": 1720500000, "costOfRevenue": 1120900000, "grossProfit": 599600000, "grossProfitRatio": 0.34850334205172917, "researchAndDevelopmentExpenses": 0.0, "generalAndAdministrativeExpenses": 415400000, "sellingAndMarketingExpenses": 0.0, "otherExpenses": -60000000, "operatingExpenses": 415400000, "costAndExpenses": 1536300000, "interestExpense": 0.0, "depreciationAndAmortization": 43600000, "ebitda": 227800000, "ebitdaratio": 0.132403371113, "operatingIncome": 184200000, "operatingIncomeRatio": 0.10706190061, "totalOtherIncomeExpensesNet": -60000000, "incomeBeforeTax": 244100000, "incomeBeforeTaxRatio": 0.141877361232, "incomeTaxExpense": 88700000, "netIncome": 155400000, "netIncomeRatio": 0.0903225806452, "eps": 0.68, "epsdiluted": 0.68, "weightedAverageShsOut": 230500000, "weightedAverageShsOutDil": 231800000, "link": "https://www.sec.gov/Archives/edgar/data/935703/000093570312000076/0000935703-12-000076-index.htm", "finalLink": "https://www.sec.gov/Archives/edgar/data/935703/000093570312000076/form10q.htm"}, {"date": "2012-07-28", "symbol": "DLTR", "fillingDate": "2012-08-16", "acceptedDate": "2012-08-16 16:05:16", "period": "Q2", "revenue": 1704600000, "costOfRevenue": 1105000000, "grossProfit": 599600000, "grossProfitRatio": 0.35175407720286284, "researchAndDevelopmentExpenses": 0.0, "generalAndAdministrativeExpenses": 415200000, "sellingAndMarketingExpenses": 0.0, "otherExpenses": -1000000.0, "operatingExpenses": 415200000, "costAndExpenses": 1520200000, "interestExpense": 0.0, "depreciationAndAmortization": 43000000, "ebitda": 227400000, "ebitdaratio": 0.133403731081, "operatingIncome": 184400000, "operatingIncomeRatio": 0.108177871641, "totalOtherIncomeExpensesNet": 0.0, "incomeBeforeTax": 183300000, "incomeBeforeTaxRatio": 0.107532558958, "incomeTaxExpense": 64100000, "netIncome": 119200000, "netIncomeRatio": 0.0699284289569, "eps": 0.02, "epsdiluted": 0.01, "weightedAverageShsOut": 231400000, "weightedAverageShsOutDil": 232700000, "link": "https://www.sec.gov/Archives/edgar/data/935703/000093570312000062/0000935703-12-000062-index.htm", "finalLink": "https://www.sec.gov/Archives/edgar/data/935703/000093570312000062/form10q.htm"}, {"date": "2012-04-28", "symbol": "DLTR", "fillingDate": "2012-05-17", "acceptedDate": "2012-05-17 09:15:22", "period": "Q1", "revenue": 1723600000, "costOfRevenue": 1120900000, "grossProfit": 602700000, "grossProfitRatio": 0.3496750986307728, "researchAndDevelopmentExpenses": 0.0, "generalAndAdministrativeExpenses": 414700000, "sellingAndMarketingExpenses": 0.0, "otherExpenses": 0.0, "operatingExpenses": 414700000, "costAndExpenses": 1535600000, "interestExpense": 0.0, "depreciationAndAmortization": 41800000, "ebitda": 229800000, "ebitdaratio": 0.133325597586, "operatingIncome": 188000000, "operatingIncomeRatio": 0.109074031098, "totalOtherIncomeExpensesNet": -1000000.0, "incomeBeforeTax": 188600000, "incomeBeforeTaxRatio": 0.109422139708, "incomeTaxExpense": 72500000, "netIncome": 116100000, "netIncomeRatio": 0.067359016013, "eps": 1.0, "epsdiluted": 1.0, "weightedAverageShsOut": 115800000, "weightedAverageShsOutDil": 116400000, "link": "https://www.sec.gov/Archives/edgar/data/935703/000093570312000028/0000935703-12-000028-index.htm", "finalLink": "https://www.sec.gov/Archives/edgar/data/935703/000093570312000007/form10k.htm"}, {"date": "2012-01-28", "symbol": "DLTR", "fillingDate": "2012-03-15", "acceptedDate": "2012-03-15 17:26:40", "period": "FY", "revenue": 1945600000, "costOfRevenue": 1211100000, "grossProfit": 734500000, "grossProfitRatio": 0.3775185032894737, "researchAndDevelopmentExpenses": 0.0, "generalAndAdministrativeExpenses": 432500000, "sellingAndMarketingExpenses": 0.0, "otherExpenses": 0.0, "operatingExpenses": 432500000, "costAndExpenses": 1643600000, "interestExpense": 0.0, "depreciationAndAmortization": 44000000, "ebitda": 346000000, "ebitdaratio": 0.177837171053, "operatingIncome": 302000000, "operatingIncomeRatio": 0.155222039474, "totalOtherIncomeExpensesNet": 0.0, "incomeBeforeTax": 301500000, "incomeBeforeTaxRatio": 0.154965049342, "incomeTaxExpense": 113600000, "netIncome": 187900000, "netIncomeRatio": 0.0965768914474, "eps": 1.59, "epsdiluted": 1.58, "weightedAverageShsOut": 120300000, "weightedAverageShsOutDil": 121200000, "link": "https://www.sec.gov/Archives/edgar/data/935703/000093570312000007/0000935703-12-000007-index.htm", "finalLink": "https://www.sec.gov/Archives/edgar/data/935703/000093570312000007/form10k.htm"}, {"date": "2011-10-29", "symbol": "DLTR", "fillingDate": "2011-11-17", "acceptedDate": "2011-11-17 09:15:32", "period": "Q3", "revenue": 1596600000, "costOfRevenue": 1036000000, "grossProfit": 560600000, "grossProfitRatio": 0.3511211324063635, "researchAndDevelopmentExpenses": 0.0, "generalAndAdministrativeExpenses": 395700000, "sellingAndMarketingExpenses": 0.0, "otherExpenses": 0.0, "operatingExpenses": 395700000, "costAndExpenses": 1431700000, "interestExpense": 0.0, "depreciationAndAmortization": 41100000, "ebitda": 206000000, "ebitdaratio": 0.129024176375, "operatingIncome": 164900000, "operatingIncomeRatio": 0.103281974195, "totalOtherIncomeExpensesNet": 0.0, "incomeBeforeTax": 164200000, "incomeBeforeTaxRatio": 0.102843542528, "incomeTaxExpense": 59700000, "netIncome": 104500000, "netIncomeRatio": 0.0654515846173, "eps": 0.87, "epsdiluted": 0.86, "weightedAverageShsOut": 121000000, "weightedAverageShsOutDil": 122000000, "link": "https://www.sec.gov/Archives/edgar/data/935703/000093570311000058/0000935703-11-000058-index.htm", "finalLink": "https://www.sec.gov/Archives/edgar/data/935703/000093570311000058/form10q.htm"}, {"date": "2011-07-30", "symbol": "DLTR", "fillingDate": "2011-08-18", "acceptedDate": "2011-08-18 16:16:25", "period": "Q2", "revenue": 1542400000, "costOfRevenue": 1000000000, "grossProfit": 542400000, "grossProfitRatio": 0.3516597510373444, "researchAndDevelopmentExpenses": 0.0, "generalAndAdministrativeExpenses": 388900000, "sellingAndMarketingExpenses": 0.0, "otherExpenses": 0.0, "operatingExpenses": 388900000, "costAndExpenses": 1388900000, "interestExpense": 0.0, "depreciationAndAmortization": 39600000, "ebitda": 193100000, "ebitdaratio": 0.125194502075, "operatingIncome": 153500000, "operatingIncomeRatio": 0.0995202282158, "totalOtherIncomeExpensesNet": 0.0, "incomeBeforeTax": 152300000, "incomeBeforeTaxRatio": 0.098742219917, "incomeTaxExpense": 57400000, "netIncome": 94900000, "netIncomeRatio": 0.0615274896266, "eps": 0.78, "epsdiluted": 0.77, "weightedAverageShsOut": 122000000, "weightedAverageShsOutDil": 123000000, "link": "https://www.sec.gov/Archives/edgar/data/935703/000093570311000040/0000935703-11-000040-index.htm", "finalLink": "https://www.sec.gov/Archives/edgar/data/935703/000093570311000040/form10q.htm"}, {"date": "2011-04-30", "symbol": "DLTR", "fillingDate": "2011-05-19", "acceptedDate": "2011-05-19 09:05:48", "period": "Q1", "revenue": 1545900000, "costOfRevenue": 1005100000, "grossProfit": 540800000, "grossProfitRatio": 0.34982857882139856, "researchAndDevelopmentExpenses": 0.0, "generalAndAdministrativeExpenses": 379100000, "sellingAndMarketingExpenses": 0.0, "otherExpenses": 0.0, "operatingExpenses": 379100000, "costAndExpenses": 1384200000, "interestExpense": 0.0, "depreciationAndAmortization": 39200000, "ebitda": 200900000, "ebitdaratio": 0.129956659551, "operatingIncome": 161700000, "operatingIncomeRatio": 0.104599262565, "totalOtherIncomeExpensesNet": 0.0, "incomeBeforeTax": 161500000, "incomeBeforeTaxRatio": 0.104469888091, "incomeTaxExpense": 60500000, "netIncome": 101000000, "netIncomeRatio": 0.0653341095802, "eps": 0.82, "epsdiluted": 0.82, "weightedAverageShsOut": 122000000, "weightedAverageShsOutDil": 123000000, "link": "https://www.sec.gov/Archives/edgar/data/935703/000093570311000023/0000935703-11-000023-index.htm", "finalLink": "https://www.sec.gov/Archives/edgar/data/935703/000093570311000014/form10k.htm"}, {"date": "2011-01-29", "symbol": "DLTR", "fillingDate": "2011-03-17", "acceptedDate": "2011-03-17 16:02:21", "period": "FY", "revenue": 1725300000, "costOfRevenue": 1077400000, "grossProfit": 647900000, "grossProfitRatio": 0.37552889352576363, "researchAndDevelopmentExpenses": 0.0, "generalAndAdministrativeExpenses": 389200000, "sellingAndMarketingExpenses": 0.0, "otherExpenses": 0.0, "operatingExpenses": 389200000, "costAndExpenses": 1466600000, "interestExpense": 0.0, "depreciationAndAmortization": 42100000, "ebitda": 300800000, "ebitdaratio": 0.174346490465, "operatingIncome": 258700000, "operatingIncomeRatio": 0.149944937112, "totalOtherIncomeExpensesNet": 0.0, "incomeBeforeTax": 258100000, "incomeBeforeTaxRatio": 0.149597171506, "incomeTaxExpense": 95600000, "netIncome": 162500000, "netIncomeRatio": 0.0941865182867, "eps": 1.29, "epsdiluted": 1.28, "weightedAverageShsOut": 127100000, "weightedAverageShsOutDil": 128000000, "link": "https://www.sec.gov/Archives/edgar/data/935703/000093570311000014/0000935703-11-000014-index.htm", "finalLink": "https://www.sec.gov/Archives/edgar/data/935703/000093570311000014/form10k.htm"}, {"date": "2010-10-30", "symbol": "DLTR", "fillingDate": "2010-11-18", "acceptedDate": "2010-11-18 09:15:29", "period": "Q3", "revenue": 1426600000, "costOfRevenue": 920600000, "grossProfit": 506000000, "grossProfitRatio": 0.35468947147062946, "researchAndDevelopmentExpenses": 0.0, "generalAndAdministrativeExpenses": 365100000, "sellingAndMarketingExpenses": 0.0, "otherExpenses": 0.0, "operatingExpenses": 365100000, "costAndExpenses": 1285700000, "interestExpense": 0.0, "depreciationAndAmortization": 38900000, "ebitda": 179800000, "ebitdaratio": 0.126033926819, "operatingIncome": 140900000, "operatingIncomeRatio": 0.0987662974905, "totalOtherIncomeExpensesNet": -5000000.0, "incomeBeforeTax": 144700000, "incomeBeforeTaxRatio": 0.101429973363, "incomeTaxExpense": 51500000, "netIncome": 93200000, "netIncomeRatio": 0.0653301556147, "eps": 0.74, "epsdiluted": 0.72, "weightedAverageShsOut": 127100000, "weightedAverageShsOutDil": 128000000, "link": "https://www.sec.gov/Archives/edgar/data/935703/000093570310000064/0000935703-10-000064-index.htm", "finalLink": "https://www.sec.gov/Archives/edgar/data/935703/000093570310000064/form10q.htm"}, {"date": "2010-07-31", "symbol": "DLTR", "fillingDate": "2010-08-19", "acceptedDate": "2010-08-19 09:00:50", "period": "Q2", "revenue": 2114876000, "costOfRevenue": 1483025000, "grossProfit": 631851000, "grossProfitRatio": 0.29876503397835147, "researchAndDevelopmentExpenses": 0.0, "generalAndAdministrativeExpenses": 403259000, "sellingAndMarketingExpenses": 0.0, "otherExpenses": 0.0, "operatingExpenses": 403259000, "costAndExpenses": 1886284000, "interestExpense": -4471000.0, "depreciationAndAmortization": 56617000, "ebitda": 258909000, "ebitdaratio": 0.122422780343, "operatingIncome": 202292000, "operatingIncomeRatio": 0.0956519436601, "totalOtherIncomeExpensesNet": 0.0, "incomeBeforeTax": 203172000, "incomeBeforeTaxRatio": 0.0960680437056, "incomeTaxExpense": 80071000, "netIncome": 122679000, "netIncomeRatio": 0.0580076562408, "eps": 0.51, "epsdiluted": 0.52, "weightedAverageShsOut": 127100000, "weightedAverageShsOutDil": 128000000, "link": "https://www.sec.gov/Archives/edgar/data/935703/000093570310000042/0000935703-10-000042-index.htm", "finalLink": "https://www.sec.gov/Archives/edgar/data/935703/000093570310000042/form10q.htm"}, {"date": "2010-05-01", "symbol": "DLTR", "fillingDate": "2010-05-20", "acceptedDate": "2010-05-20 09:09:07", "period": "Q1", "revenue": 1352000000, "costOfRevenue": 902000000, "grossProfit": 450000000, "grossProfitRatio": 0.3328402366863905, "researchAndDevelopmentExpenses": 0.0, "generalAndAdministrativeExpenses": 0.0, "sellingAndMarketingExpenses": 0.0, "otherExpenses": 0.0, "operatingExpenses": 0.0, "costAndExpenses": 902000000, "interestExpense": -1000000.0, "depreciationAndAmortization": 39000000, "ebitda": 141000000, "ebitdaratio": 0.10428994082840237, "operatingIncome": 102000000, "operatingIncomeRatio": 0.07544378698224852, "totalOtherIncomeExpensesNet": 0.0, "incomeBeforeTax": 102000000, "incomeBeforeTaxRatio": 0.07544378698224852, "incomeTaxExpense": 38000000, "netIncome": 63000000, "netIncomeRatio": 0.04659763313609468, "eps": 0.74, "epsdiluted": 0.73, "weightedAverageShsOut": 85135135, "weightedAverageShsOutDil": 86301369, "link": "https://www.sec.gov/Archives/edgar/data/935703/000093570310000021/0000935703-10-000021-index.htm", "finalLink": "https://www.sec.gov/Archives/edgar/data/935703/000093570310000010/form10k.htm"}, {"date": "2010-01-30", "symbol": "DLTR", "fillingDate": "2010-03-19", "acceptedDate": "2010-03-19 08:59:38", "period": "FY", "revenue": 1559000000, "costOfRevenue": 980000000, "grossProfit": 579000000, "grossProfitRatio": 0.3713919178960872, "researchAndDevelopmentExpenses": 0.0, "generalAndAdministrativeExpenses": 0.0, "sellingAndMarketingExpenses": 0.0, "otherExpenses": 0.0, "operatingExpenses": 0.0, "costAndExpenses": 980000000, "interestExpense": 10000000, "depreciationAndAmortization": 41000000, "ebitda": 259000000, "ebitdaratio": 0.16613213598460552, "operatingIncome": 218000000, "operatingIncomeRatio": 0.13983322642719692, "totalOtherIncomeExpensesNet": 0.0, "incomeBeforeTax": 217000000, "incomeBeforeTaxRatio": 0.13919178960872355, "incomeTaxExpense": 82000000, "netIncome": 135000000, "netIncomeRatio": 0.08659397049390635, "eps": 3.59, "epsdiluted": 3.59, "weightedAverageShsOut": 89136490, "weightedAverageShsOutDil": 89136490, "link": "https://www.sec.gov/Archives/edgar/data/935703/000093570310000010/0000935703-10-000010-index.htm", "finalLink": "https://www.sec.gov/Archives/edgar/data/935703/000093570310000010/form10k.htm"}, {"date": "2009-10-31", "symbol": "DLTR", "fillingDate": "2009-11-24", "acceptedDate": "2009-11-24 09:16:14", "period": "Q3", "revenue": 1249000000, "costOfRevenue": 808000000, "grossProfit": 441000000, "grossProfitRatio": 0.3530824659727782, "researchAndDevelopmentExpenses": 0.0, "generalAndAdministrativeExpenses": 0.0, "sellingAndMarketingExpenses": 0.0, "otherExpenses": 0.0, "operatingExpenses": 0.0, "costAndExpenses": 808000000, "interestExpense": -1000000.0, "depreciationAndAmortization": 39000000, "ebitda": 147000000, "ebitdaratio": 0.1176941553242594, "operatingIncome": 108000000, "operatingIncomeRatio": 0.08646917534027222, "totalOtherIncomeExpensesNet": 0.0, "incomeBeforeTax": 106000000, "incomeBeforeTaxRatio": 0.08486789431545236, "incomeTaxExpense": 38000000, "netIncome": 68000000, "netIncomeRatio": 0.0544435548438751, "eps": 2.07, "epsdiluted": 2.05, "weightedAverageShsOut": 89371980, "weightedAverageShsOutDil": 90243902, "link": "https://www.sec.gov/Archives/edgar/data/935703/000093570309000049/0000935703-09-000049-index.htm", "finalLink": "https://www.sec.gov/Archives/edgar/data/935703/000093570309000049/form10q.htm"}, {"date": "2009-08-01", "symbol": "DLTR", "fillingDate": "2009-08-26", "acceptedDate": "2009-08-26 16:46:08", "period": "Q2", "revenue": 1222000000, "costOfRevenue": 801000000, "grossProfit": 421000000, "grossProfitRatio": 0.3445171849427169, "researchAndDevelopmentExpenses": 0.0, "generalAndAdministrativeExpenses": 0.0, "sellingAndMarketingExpenses": 0.0, "otherExpenses": 0.0, "operatingExpenses": 0.0, "costAndExpenses": 801000000, "interestExpense": -2000000.0, "depreciationAndAmortization": 39000000, "ebitda": 128000000, "ebitdaratio": 0.10474631751227496, "operatingIncome": 89000000, "operatingIncomeRatio": 0.07283142389525368, "totalOtherIncomeExpensesNet": 0.0, "incomeBeforeTax": 88000000, "incomeBeforeTaxRatio": 0.07201309328968904, "incomeTaxExpense": 31000000, "netIncome": 57000000, "netIncomeRatio": 0.046644844517184945, "eps": 1.3, "epsdiluted": 1.29, "weightedAverageShsOut": 90000000, "weightedAverageShsOutDil": 90697674, "link": "https://www.sec.gov/Archives/edgar/data/935703/000093570309000037/0000935703-09-000037-index.htm", "finalLink": "https://www.sec.gov/Archives/edgar/data/935703/000093570309000037/form10q.htm"}, {"date": "2009-05-02", "symbol": "DLTR", "fillingDate": "2009-05-27", "acceptedDate": "2009-05-27 16:22:27", "period": "Q1", "revenue": 1201000000, "costOfRevenue": 785000000, "grossProfit": 416000000, "grossProfitRatio": 0.3463780183180683, "researchAndDevelopmentExpenses": 0.0, "generalAndAdministrativeExpenses": 0.0, "sellingAndMarketingExpenses": 0.0, "otherExpenses": 0.0, "operatingExpenses": 0.0, "costAndExpenses": 785000000, "interestExpense": 0.0, "depreciationAndAmortization": 38000000, "ebitda": 135000000, "ebitdaratio": 0.11240632805995004, "operatingIncome": 97000000, "operatingIncomeRatio": 0.08076602830974189, "totalOtherIncomeExpensesNet": 0.0, "incomeBeforeTax": 96000000, "incomeBeforeTaxRatio": 0.07993338884263114, "incomeTaxExpense": 36000000, "netIncome": 60000000, "netIncomeRatio": 0.04995836802664446, "eps": 0.67, "epsdiluted": 0.66, "weightedAverageShsOut": 89552238, "weightedAverageShsOutDil": 90909090, "link": "https://www.sec.gov/Archives/edgar/data/935703/000093570309000019/0000935703-09-000019-index.htm", "finalLink": "https://www.sec.gov/Archives/edgar/data/935703/000093570309000013/form10k.htm"}, {"date": "2009-01-31", "symbol": "DLTR", "fillingDate": "2009-03-26", "acceptedDate": "2009-03-26 16:50:34", "period": "FY", "revenue": 1386000000, "costOfRevenue": 893000000, "grossProfit": 493000000, "grossProfitRatio": 0.3556998556998557, "researchAndDevelopmentExpenses": 0.0, "generalAndAdministrativeExpenses": 0.0, "sellingAndMarketingExpenses": 0.0, "otherExpenses": 0.0, "operatingExpenses": 0.0, "costAndExpenses": 893000000, "interestExpense": 14000000, "depreciationAndAmortization": 42000000, "ebitda": 207000000, "ebitdaratio": 0.14935064935064934, "operatingIncome": 165000000, "operatingIncomeRatio": 0.11904761904761904, "totalOtherIncomeExpensesNet": 0.0, "incomeBeforeTax": 165000000, "incomeBeforeTaxRatio": 0.11904761904761904, "incomeTaxExpense": 59000000, "netIncome": 105000000, "netIncomeRatio": 0.07575757575757576, "eps": 2.54, "epsdiluted": 2.54, "weightedAverageShsOut": 90157480, "weightedAverageShsOutDil": 90157480, "link": "https://www.sec.gov/Archives/edgar/data/935703/000093570309000013/0000935703-09-000013-index.htm", "finalLink": "https://www.sec.gov/Archives/edgar/data/935703/000093570309000013/form10k.htm"}, {"date": "2008-11-01", "symbol": "DLTR", "fillingDate": "2008-12-05", "acceptedDate": "2008-12-05 09:18:51", "period": "Q3", "revenue": 1114000000, "costOfRevenue": 735000000, "grossProfit": 379000000, "grossProfitRatio": 0.3402154398563734, "researchAndDevelopmentExpenses": 0.0, "generalAndAdministrativeExpenses": 0.0, "sellingAndMarketingExpenses": 0.0, "otherExpenses": 0.0, "operatingExpenses": 0.0, "costAndExpenses": 735000000, "interestExpense": -2000000.0, "depreciationAndAmortization": 38000000, "ebitda": 107000000, "ebitdaratio": 0.09605026929982047, "operatingIncome": 69000000, "operatingIncomeRatio": 0.06193895870736086, "totalOtherIncomeExpensesNet": 0.0, "incomeBeforeTax": 67000000, "incomeBeforeTaxRatio": 0.06014362657091562, "incomeTaxExpense": 24000000, "netIncome": 43000000, "netIncomeRatio": 0.03859964093357271, "eps": 1.38, "epsdiluted": 1.37, "weightedAverageShsOut": 89855072, "weightedAverageShsOutDil": 90510948, "link": "https://www.sec.gov/Archives/edgar/data/935703/000093570308000085/0000935703-08-000085-index.htm", "finalLink": "https://www.sec.gov/Archives/edgar/data/935703/000093570308000085/form10q.htm"}, {"date": "2008-08-02", "symbol": "DLTR", "fillingDate": "2008-09-10", "acceptedDate": "2008-09-10 16:49:54", "period": "Q2", "revenue": 1093000000, "costOfRevenue": 730000000, "grossProfit": 363000000, "grossProfitRatio": 0.3321134492223239, "researchAndDevelopmentExpenses": 0.0, "generalAndAdministrativeExpenses": 0.0, "sellingAndMarketingExpenses": 0.0, "otherExpenses": 0.0, "operatingExpenses": 0.0, "costAndExpenses": 730000000, "interestExpense": -2000000.0, "depreciationAndAmortization": 40000000, "ebitda": 102000000, "ebitdaratio": 0.09332113449222323, "operatingIncome": 62000000, "operatingIncomeRatio": 0.056724611161939616, "totalOtherIncomeExpensesNet": 0.0, "incomeBeforeTax": 59000000, "incomeBeforeTaxRatio": 0.053979871912168347, "incomeTaxExpense": 22000000, "netIncome": 38000000, "netIncomeRatio": 0.03476669716376944, "eps": 0.9, "epsdiluted": 0.9, "weightedAverageShsOut": 90000000, "weightedAverageShsOutDil": 90000000, "link": "https://www.sec.gov/Archives/edgar/data/935703/000093570308000069/0000935703-08-000069-index.htm", "finalLink": "https://www.sec.gov/Archives/edgar/data/935703/000093570308000069/form10q.htm"}, {"date": "2008-05-03", "symbol": "DLTR", "fillingDate": "2008-06-12", "acceptedDate": "2008-06-11 17:38:37", "period": "Q1", "revenue": 1051000000, "costOfRevenue": 694000000, "grossProfit": 357000000, "grossProfitRatio": 0.3396764985727878, "researchAndDevelopmentExpenses": 0.0, "generalAndAdministrativeExpenses": 0.0, "sellingAndMarketingExpenses": 0.0, "otherExpenses": 0.0, "operatingExpenses": 0.0, "costAndExpenses": 694000000, "interestExpense": -1000000.0, "depreciationAndAmortization": 41000000, "ebitda": 110000000, "ebitdaratio": 0.10466222645099905, "operatingIncome": 69000000, "operatingIncomeRatio": 0.06565176022835395, "totalOtherIncomeExpensesNet": 0.0, "incomeBeforeTax": 68000000, "incomeBeforeTaxRatio": 0.06470028544243578, "incomeTaxExpense": 24000000, "netIncome": 43000000, "netIncomeRatio": 0.04091341579448145, "eps": 0.48, "epsdiluted": 0.48, "weightedAverageShsOut": 89583333, "weightedAverageShsOutDil": 89583333, "link": "https://www.sec.gov/Archives/edgar/data/935703/000093570308000059/0000935703-08-000059-index.htm", "finalLink": "https://www.sec.gov/Archives/edgar/data/935703/000093570308000048/form10k.htm"}, {"date": "2008-02-02", "symbol": "DLTR", "fillingDate": "2008-04-01", "acceptedDate": "2008-04-01 16:07:00", "period": "FY", "revenue": 1298000000, "costOfRevenue": 833000000, "grossProfit": 465000000, "grossProfitRatio": 0.35824345146379044, "researchAndDevelopmentExpenses": 0.0, "generalAndAdministrativeExpenses": 0.0, "sellingAndMarketingExpenses": 0.0, "otherExpenses": 0.0, "operatingExpenses": 0.0, "costAndExpenses": 833000000, "interestExpense": 23000000, "depreciationAndAmortization": 42000000, "ebitda": 197000000, "ebitdaratio": 0.1517719568567026, "operatingIncome": 155000000, "operatingIncomeRatio": 0.11941448382126348, "totalOtherIncomeExpensesNet": 0.0, "incomeBeforeTax": 150000000, "incomeBeforeTaxRatio": 0.11556240369799692, "incomeTaxExpense": 56000000, "netIncome": 95000000, "netIncomeRatio": 0.07318952234206472, "eps": 2.1, "epsdiluted": 2.1, "weightedAverageShsOut": 95714285, "weightedAverageShsOutDil": 95714285, "link": "https://www.sec.gov/Archives/edgar/data/935703/000093570308000048/0000935703-08-000048-index.htm", "finalLink": "https://www.sec.gov/Archives/edgar/data/935703/000093570308000048/form10k.htm"}, {"date": "2007-11-03", "symbol": "DLTR", "fillingDate": "2007-12-13", "acceptedDate": "2007-12-13 16:05:56", "period": "Q3", "revenue": 998000000, "costOfRevenue": 654000000, "grossProfit": 344000000, "grossProfitRatio": 0.34468937875751504, "researchAndDevelopmentExpenses": 0.0, "generalAndAdministrativeExpenses": 0.0, "sellingAndMarketingExpenses": 0.0, "otherExpenses": 0.0, "operatingExpenses": 0.0, "costAndExpenses": 654000000, "interestExpense": -3000000.0, "depreciationAndAmortization": 39000000, "ebitda": 99000000, "ebitdaratio": 0.09919839679358718, "operatingIncome": 60000000, "operatingIncomeRatio": 0.06012024048096192, "totalOtherIncomeExpensesNet": 0.0, "incomeBeforeTax": 57000000, "incomeBeforeTaxRatio": 0.05711422845691383, "incomeTaxExpense": 21000000, "netIncome": 36000000, "netIncomeRatio": 0.036072144288577156, "eps": 1.09, "epsdiluted": 1.09, "weightedAverageShsOut": 97247706, "weightedAverageShsOutDil": 97247706, "link": "https://www.sec.gov/Archives/edgar/data/935703/000093570307000060/0000935703-07-000060-index.htm", "finalLink": "https://www.sec.gov/Archives/edgar/data/935703/000093570307000060/form10q.htm"}, {"date": "2007-08-04", "symbol": "DLTR", "fillingDate": "2007-09-12", "acceptedDate": "2007-09-12 16:36:31", "period": "Q2", "revenue": 971000000, "costOfRevenue": 645000000, "grossProfit": 326000000, "grossProfitRatio": 0.3357363542739444, "researchAndDevelopmentExpenses": 0.0, "generalAndAdministrativeExpenses": 0.0, "sellingAndMarketingExpenses": 0.0, "otherExpenses": 0.0, "operatingExpenses": 0.0, "costAndExpenses": 645000000, "interestExpense": -2000000.0, "depreciationAndAmortization": 39000000, "ebitda": 92000000, "ebitdaratio": 0.09474768280123584, "operatingIncome": 53000000, "operatingIncomeRatio": 0.05458290422245108, "totalOtherIncomeExpensesNet": 0.0, "incomeBeforeTax": 52000000, "incomeBeforeTaxRatio": 0.053553038105046344, "incomeTaxExpense": 19000000, "netIncome": 32000000, "netIncomeRatio": 0.032955715756951595, "eps": 0.72, "epsdiluted": 0.71, "weightedAverageShsOut": 97222222, "weightedAverageShsOutDil": 98591549, "link": "https://www.sec.gov/Archives/edgar/data/935703/000093570307000044/0000935703-07-000044-index.htm", "finalLink": "https://www.sec.gov/Archives/edgar/data/935703/000093570307000044/form10q.htm"}, {"date": "2007-05-05", "symbol": "DLTR", "fillingDate": "2007-06-14", "acceptedDate": "2007-06-14 09:17:03", "period": "Q1", "revenue": 975000000, "costOfRevenue": 649000000, "grossProfit": 326000000, "grossProfitRatio": 0.3343589743589744, "researchAndDevelopmentExpenses": 0.0, "generalAndAdministrativeExpenses": 0.0, "sellingAndMarketingExpenses": 0.0, "otherExpenses": 0.0, "operatingExpenses": 0.0, "costAndExpenses": 649000000, "interestExpense": -1000000.0, "depreciationAndAmortization": 39000000, "ebitda": 101000000, "ebitdaratio": 0.10358974358974359, "operatingIncome": 62000000, "operatingIncomeRatio": 0.06358974358974359, "totalOtherIncomeExpensesNet": 0.0, "incomeBeforeTax": 60000000, "incomeBeforeTaxRatio": 0.06153846153846154, "incomeTaxExpense": 22000000, "netIncome": 38000000, "netIncomeRatio": 0.038974358974358976, "eps": 0.38, "epsdiluted": 0.38, "weightedAverageShsOut": 100000000, "weightedAverageShsOutDil": 100000000, "link": "https://www.sec.gov/Archives/edgar/data/935703/000093570307000029/0000935703-07-000029-index.htm", "finalLink": "https://www.sec.gov/Archives/edgar/data/935703/000093570307000017/form10k.htm"}, {"date": "2007-02-03", "symbol": "DLTR", "fillingDate": "2007-04-04", "acceptedDate": "2007-04-03 18:19:31", "period": "FY", "revenue": 1319000000, "costOfRevenue": 849000000, "grossProfit": 470000000, "grossProfitRatio": 0.35633055344958303, "researchAndDevelopmentExpenses": 0.0, "generalAndAdministrativeExpenses": 0.0, "sellingAndMarketingExpenses": 0.0, "otherExpenses": 0.0, "operatingExpenses": 0.0, "costAndExpenses": 849000000, "interestExpense": 21000000, "depreciationAndAmortization": 46000000, "ebitda": 202000000, "ebitdaratio": 0.15314632297194844, "operatingIncome": 156000000, "operatingIncomeRatio": 0.11827141774071266, "totalOtherIncomeExpensesNet": 0.0, "incomeBeforeTax": 153000000, "incomeBeforeTaxRatio": 0.11599696739954511, "incomeTaxExpense": 55000000, "netIncome": 98000000, "netIncomeRatio": 0.07429871114480667, "eps": 1.86, "epsdiluted": 1.86, "weightedAverageShsOut": 103225806, "weightedAverageShsOutDil": 103225806, "link": "https://www.sec.gov/Archives/edgar/data/935703/000093570307000017/0000935703-07-000017-index.htm", "finalLink": "https://www.sec.gov/Archives/edgar/data/935703/000093570307000017/form10k.htm"}, {"date": "2006-10-28", "symbol": "DLTR", "fillingDate": "2006-12-06", "acceptedDate": "2006-12-06 16:36:33", "period": "Q3", "revenue": 910000000, "costOfRevenue": 603000000, "grossProfit": 307000000, "grossProfitRatio": 0.3373626373626374, "researchAndDevelopmentExpenses": 0.0, "generalAndAdministrativeExpenses": 0.0, "sellingAndMarketingExpenses": 0.0, "otherExpenses": 0.0, "operatingExpenses": 0.0, "costAndExpenses": 603000000, "interestExpense": -3000000.0, "depreciationAndAmortization": 39000000, "ebitda": 92000000, "ebitdaratio": 0.1010989010989011, "operatingIncome": 53000000, "operatingIncomeRatio": 0.05824175824175824, "totalOtherIncomeExpensesNet": 0.0, "incomeBeforeTax": 51000000, "incomeBeforeTaxRatio": 0.056043956043956046, "incomeTaxExpense": 18000000, "netIncome": 33000000, "netIncomeRatio": 0.03626373626373627, "eps": 0.91, "epsdiluted": 0.9, "weightedAverageShsOut": 103296703, "weightedAverageShsOutDil": 104444444, "link": "https://www.sec.gov/Archives/edgar/data/935703/000093570306000055/0000935703-06-000055-index.htm", "finalLink": "https://www.sec.gov/Archives/edgar/data/935703/000093570306000055/form10q_q3.htm"}, {"date": "2006-07-29", "symbol": "DLTR", "fillingDate": "2006-09-07", "acceptedDate": "2006-09-07 16:00:39", "period": "Q2", "revenue": 884000000, "costOfRevenue": 590000000, "grossProfit": 294000000, "grossProfitRatio": 0.332579185520362, "researchAndDevelopmentExpenses": 0.0, "generalAndAdministrativeExpenses": 0.0, "sellingAndMarketingExpenses": 0.0, "otherExpenses": 0.0, "operatingExpenses": 0.0, "costAndExpenses": 590000000, "interestExpense": -2000000.0, "depreciationAndAmortization": 38000000, "ebitda": 86000000, "ebitdaratio": 0.09728506787330317, "operatingIncome": 48000000, "operatingIncomeRatio": 0.05429864253393665, "totalOtherIncomeExpensesNet": 0.0, "incomeBeforeTax": 46000000, "incomeBeforeTaxRatio": 0.05203619909502263, "incomeTaxExpense": 18000000, "netIncome": 29000000, "netIncomeRatio": 0.032805429864253395, "eps": 0.59, "epsdiluted": 0.59, "weightedAverageShsOut": 103389830, "weightedAverageShsOutDil": 103389830, "link": "https://www.sec.gov/Archives/edgar/data/935703/000093570306000040/0000935703-06-000040-index.htm", "finalLink": "https://www.sec.gov/Archives/edgar/data/935703/000093570306000040/form10q2qfy06.htm"}, {"date": "2006-04-29", "symbol": "DLTR", "fillingDate": "2006-06-08", "acceptedDate": "2006-06-08 16:07:26", "period": "Q1", "revenue": 856000000, "costOfRevenue": 570000000, "grossProfit": 286000000, "grossProfitRatio": 0.3341121495327103, "researchAndDevelopmentExpenses": 0.0, "generalAndAdministrativeExpenses": 0.0, "sellingAndMarketingExpenses": 0.0, "otherExpenses": 0.0, "operatingExpenses": 0.0, "costAndExpenses": 570000000, "interestExpense": 0.0, "depreciationAndAmortization": 36000000, "ebitda": 89000000, "ebitdaratio": 0.10397196261682243, "operatingIncome": 53000000, "operatingIncomeRatio": 0.06191588785046729, "totalOtherIncomeExpensesNet": 0.0, "incomeBeforeTax": 52000000, "incomeBeforeTaxRatio": 0.06074766355140187, "incomeTaxExpense": 19000000, "netIncome": 32000000, "netIncomeRatio": 0.037383177570093455, "eps": 0.31, "epsdiluted": 0.31, "weightedAverageShsOut": 103225806, "weightedAverageShsOutDil": 103225806, "link": "https://www.sec.gov/Archives/edgar/data/935703/000093570306000025/0000935703-06-000025-index.htm", "finalLink": "https://www.sec.gov/Archives/edgar/data/935703/000093570306000017/dltr10k.htm"}, {"date": "2006-01-28", "symbol": "DLTR", "fillingDate": "2006-04-12", "acceptedDate": "2006-04-12 16:17:24", "period": "FY", "revenue": 1079017000, "costOfRevenue": 698648000, "grossProfit": 380369000, "grossProfitRatio": 0.3525143718773662, "researchAndDevelopmentExpenses": 0.0, "generalAndAdministrativeExpenses": 0.0, "sellingAndMarketingExpenses": 0.0, "otherExpenses": 0.0, "operatingExpenses": 0.0, "costAndExpenses": 698648000, "interestExpense": 20274000, "depreciationAndAmortization": 36713000, "ebitda": 173174000, "ebitdaratio": 0.16049237407751685, "operatingIncome": 136461000, "operatingIncomeRatio": 0.12646788697490402, "totalOtherIncomeExpensesNet": 0.0, "incomeBeforeTax": 134673000, "incomeBeforeTaxRatio": 0.12481082318443547, "incomeTaxExpense": 48174000, "netIncome": 86499000, "netIncomeRatio": 0.08016463132647586, "eps": 0.0, "epsdiluted": 0.0, "weightedAverageShsOut": 109273750, "weightedAverageShsOutDil": 109273750, "link": "https://www.sec.gov/Archives/edgar/data/935703/000093570306000017/0000935703-06-000017-index.htm", "finalLink": "https://www.sec.gov/Archives/edgar/data/935703/000093570306000017/dltr10k.htm"}, {"date": "2005-10-29", "symbol": "DLTR", "fillingDate": "2005-12-08", "acceptedDate": "2005-12-08 16:09:43", "period": "Q3", "revenue": 796787000, "costOfRevenue": 520523000, "grossProfit": 276264000, "grossProfitRatio": 0.34672252433837397, "researchAndDevelopmentExpenses": 0.0, "generalAndAdministrativeExpenses": -421072000, "sellingAndMarketingExpenses": 0.0, "otherExpenses": 0.0, "operatingExpenses": -421072000, "costAndExpenses": 99451000, "interestExpense": -2097000.0, "depreciationAndAmortization": 35899000, "ebitda": 88019000, "ebitdaratio": 0.11046741475450779, "operatingIncome": 52120000, "operatingIncomeRatio": 0.06541271381184682, "totalOtherIncomeExpensesNet": 0.0, "incomeBeforeTax": 50023000, "incomeBeforeTaxRatio": 0.062780893764582, "incomeTaxExpense": 18926000, "netIncome": 31097000, "netIncomeRatio": 0.03902799618969687, "eps": 0.8, "epsdiluted": 0.8, "weightedAverageShsOut": 109273750, "weightedAverageShsOutDil": 109273750, "link": "https://www.sec.gov/Archives/edgar/data/935703/000093570305000072/0000935703-05-000072-index.htm", "finalLink": "https://www.sec.gov/Archives/edgar/data/935703/000093570305000072/dts10q102905.htm"}, {"date": "2005-06-30", "symbol": "DLTR", "fillingDate": "2005-09-08", "acceptedDate": "2005-09-08 16:11:11", "period": "Q2", "revenue": 769027000, "costOfRevenue": 507541000, "grossProfit": 261486000, "grossProfitRatio": 0.3400218717938382, "researchAndDevelopmentExpenses": 0.0, "generalAndAdministrativeExpenses": 214902000, "sellingAndMarketingExpenses": 0.0, "otherExpenses": 0.0, "operatingExpenses": 214902000, "costAndExpenses": 722443000, "interestExpense": -2855000.0, "depreciationAndAmortization": 35573000, "ebitda": 82157000, "ebitdaratio": 0.10683239990273423, "operatingIncome": 46584000, "operatingIncomeRatio": 0.0605752463827668, "totalOtherIncomeExpensesNet": 0.0, "incomeBeforeTax": 43729000, "incomeBeforeTaxRatio": 0.05686276294590437, "incomeTaxExpense": 16419000, "netIncome": 27310000, "netIncomeRatio": 0.03551240723667699, "eps": 0.51, "epsdiluted": 0.51, "weightedAverageShsOut": 110435294, "weightedAverageShsOutDil": 110435294, "link": "https://www.sec.gov/Archives/edgar/data/935703/000114036105007243/0001140361-05-007243-index.htm", "finalLink": "https://www.sec.gov/Archives/edgar/data/935703/000114036105007243/body.htm"}, {"date": "2005-04-30", "symbol": "DLTR", "fillingDate": "2005-06-09", "acceptedDate": "2005-06-09 16:09:36", "period": "Q1", "revenue": 749093000, "costOfRevenue": 494849000, "grossProfit": 254244000, "grossProfitRatio": 0.33940245069704295, "researchAndDevelopmentExpenses": 0.0, "generalAndAdministrativeExpenses": 206170000, "sellingAndMarketingExpenses": 0.0, "otherExpenses": 0.0, "operatingExpenses": 206170000, "costAndExpenses": 701019000, "interestExpense": -1281000.0, "depreciationAndAmortization": 32532000, "ebitda": 80606000, "ebitdaratio": 0.10760479673418387, "operatingIncome": 48074000, "operatingIncomeRatio": 0.0641762771778671, "totalOtherIncomeExpensesNet": 0.0, "incomeBeforeTax": 46793000, "incomeBeforeTaxRatio": 0.0624662091355813, "incomeTaxExpense": 17781000, "netIncome": 29012000, "netIncomeRatio": 0.038729503546288645, "eps": 0.26, "epsdiluted": 0.26, "weightedAverageShsOut": 111584615, "weightedAverageShsOutDil": 111584615, "link": "https://www.sec.gov/Archives/edgar/data/935703/000119312505122956/0001193125-05-122956-index.htm", "finalLink": "https://www.sec.gov/Archives/edgar/data/935703/000119312505076605/d10k.htm"}, {"date": "2005-01-29", "symbol": "DLTR", "fillingDate": "2005-04-14", "acceptedDate": "2005-04-14 16:40:49", "period": "FY", "revenue": 987478000, "costOfRevenue": 631062000, "grossProfit": 356416000, "grossProfitRatio": 0.360935636034423, "researchAndDevelopmentExpenses": 0.0, "generalAndAdministrativeExpenses": 224197000, "sellingAndMarketingExpenses": 0.0, "otherExpenses": 0.0, "operatingExpenses": 224197000, "costAndExpenses": 855259000, "interestExpense": 6134000.0, "depreciationAndAmortization": 38396000, "ebitda": 170615000, "ebitdaratio": 0.1727785327875659, "operatingIncome": 132219000, "operatingIncomeRatio": 0.1338956412193487, "totalOtherIncomeExpensesNet": 0.0, "incomeBeforeTax": 131002000, "incomeBeforeTaxRatio": 0.13266320869933304, "incomeTaxExpense": 47348000, "netIncome": 83654000, "netIncomeRatio": 0.0847147987094396, "eps": 1.59, "epsdiluted": 1.59, "weightedAverageShsOut": 113364779, "weightedAverageShsOutDil": 113364779, "link": "https://www.sec.gov/Archives/edgar/data/935703/000119312505076605/0001193125-05-076605-index.htm", "finalLink": "https://www.sec.gov/Archives/edgar/data/935703/000119312505076605/d10k.htm"}, {"date": "2004-10-30", "symbol": "DLTR", "fillingDate": "2004-12-09", "acceptedDate": "2004-12-09 16:15:38", "period": "Q3", "revenue": 723967000, "costOfRevenue": 467463000, "grossProfit": 256504000, "grossProfitRatio": 0.3543034420077158, "researchAndDevelopmentExpenses": 0.0, "generalAndAdministrativeExpenses": 202915000, "sellingAndMarketingExpenses": 0.0, "otherExpenses": 0.0, "operatingExpenses": 202915000, "costAndExpenses": 670378000, "interestExpense": -920000.0, "depreciationAndAmortization": 31867000, "ebitda": 85456000, "ebitdaratio": 0.11803852938048282, "operatingIncome": 53589000, "operatingIncomeRatio": 0.07402132970149192, "totalOtherIncomeExpensesNet": 0.0, "incomeBeforeTax": 51827000, "incomeBeforeTaxRatio": 0.07158751711058653, "incomeTaxExpense": 19973000, "netIncome": 31854000, "netIncomeRatio": 0.04399924305942122, "eps": 0.85, "epsdiluted": 0.85, "weightedAverageShsOut": 113642352, "weightedAverageShsOutDil": 113642352, "link": "https://www.sec.gov/Archives/edgar/data/935703/000119312504210325/0001193125-04-210325-index.htm", "finalLink": "https://www.sec.gov/Archives/edgar/data/935703/000119312504210325/d10q.htm"}, {"date": "2004-07-31", "symbol": "DLTR", "fillingDate": "2004-09-09", "acceptedDate": "2004-09-09 16:08:46", "period": "Q2", "revenue": 704234000, "costOfRevenue": 455756000, "grossProfit": 248478000, "grossProfitRatio": 0.35283442719323405, "researchAndDevelopmentExpenses": 0.0, "generalAndAdministrativeExpenses": 199394000, "sellingAndMarketingExpenses": 0.0, "otherExpenses": 0.0, "operatingExpenses": 199394000, "costAndExpenses": 655150000, "interestExpense": 2149000.0, "depreciationAndAmortization": 30495000, "ebitda": 79579000, "ebitdaratio": 0.11300079235026994, "operatingIncome": 49084000, "operatingIncomeRatio": 0.06969842410335202, "totalOtherIncomeExpensesNet": 0.0, "incomeBeforeTax": 48150000, "incomeBeforeTaxRatio": 0.06837216038987041, "incomeTaxExpense": 18558000, "netIncome": 29592000, "netIncomeRatio": 0.04202012399287737, "eps": 0.57, "epsdiluted": 0.57, "weightedAverageShsOut": 113582456, "weightedAverageShsOutDil": 113582456, "link": "https://www.sec.gov/Archives/edgar/data/935703/000119312504154294/0001193125-04-154294-index.htm", "finalLink": "https://www.sec.gov/Archives/edgar/data/935703/000119312504154294/d10q.htm"}, {"date": "2004-05-01", "symbol": "DLTR", "fillingDate": "2004-06-10", "acceptedDate": "2004-06-10 16:27:03", "period": "Q1", "revenue": 710330000, "costOfRevenue": 459189000, "grossProfit": 251141000, "grossProfitRatio": 0.35355538974842676, "researchAndDevelopmentExpenses": 0.0, "generalAndAdministrativeExpenses": 192482000, "sellingAndMarketingExpenses": 0.0, "otherExpenses": 0.0, "operatingExpenses": 192482000, "costAndExpenses": 651671000, "interestExpense": 2935000.0, "depreciationAndAmortization": 28533000, "ebitda": 87192000, "ebitdaratio": 0.12274858164515084, "operatingIncome": 58659000, "operatingIncomeRatio": 0.08257992763926626, "totalOtherIncomeExpensesNet": 0.0, "incomeBeforeTax": 57191000, "incomeBeforeTaxRatio": 0.0805132825588107, "incomeTaxExpense": 22041000, "netIncome": 35150000, "netIncomeRatio": 0.04948404262807427, "eps": 0.31, "epsdiluted": 0.31, "weightedAverageShsOut": 113387096, "weightedAverageShsOutDil": 113387096, "link": "https://www.sec.gov/Archives/edgar/data/935703/000119312504101667/0001193125-04-101667-index.htm", "finalLink": "https://www.sec.gov/Archives/edgar/data/935703/000119312504101667/d10q.htm"}, {"date": "2003-11-01", "symbol": "DLTR", "fillingDate": "2003-12-11", "acceptedDate": "2003-12-11 13:14:49", "period": "Q1", "revenue": 665211000, "costOfRevenue": 421612000, "grossProfit": 243599000, "grossProfitRatio": 0.36619809353723853, "researchAndDevelopmentExpenses": 0.0, "generalAndAdministrativeExpenses": 0.0, "sellingAndMarketingExpenses": 0.0, "otherExpenses": -1566000.0, "operatingExpenses": 0.0, "costAndExpenses": 421612000, "interestExpense": 2129000.0, "depreciationAndAmortization": 74093000, "ebitda": 134458000, "ebitdaratio": 0.2021283472462121, "operatingIncome": 60365000, "operatingIncomeRatio": 0.09074564311173447, "totalOtherIncomeExpensesNet": 0.0, "incomeBeforeTax": 58799000, "incomeBeforeTaxRatio": 0.08839150284646526, "incomeTaxExpense": 22638000, "netIncome": 36161000, "netIncomeRatio": 0.05436019548684553, "eps": 0.31, "epsdiluted": 0.31, "weightedAverageShsOut": 116648387, "weightedAverageShsOutDil": 116648387, "link": "https://www.sec.gov/Archives/edgar/data/935703/000093570303000098/0000935703-03-000098-index.htm", "finalLink": "https://www.sec.gov/Archives/edgar/data/935703/000093570303000098/form10q3q121103.htm"}]