[{"date": "2020-01-24", "symbol": "NTAP", "fillingDate": "2020-02-18", "acceptedDate": "2020-02-18 16:07:15", "period": "Q3", "revenue": 1404000000, "costOfRevenue": 926000000, "grossProfit": 478000000, "grossProfitRatio": 0.34045584045584043, "researchAndDevelopmentExpenses": 211000000, "generalAndAdministrativeExpenses": 60000000, "sellingAndMarketingExpenses": 402000000, "otherExpenses": 0.0, "operatingExpenses": 690000000, "costAndExpenses": 1616000000, "interestExpense": 0.0, "depreciationAndAmortization": 47000000, "ebitda": 315000000, "ebitdaratio": 0.22435897435897437, "operatingIncome": 268000000, "operatingIncomeRatio": 0.1908831908831909, "totalOtherIncomeExpensesNet": 8000000.0, "incomeBeforeTax": 276000000, "incomeBeforeTaxRatio": 0.19658119658119658, "incomeTaxExpense": -1000000.0, "netIncome": 277000000, "netIncomeRatio": 0.1972934472934473, "eps": 2.67, "epsdiluted": 2.64, "weightedAverageShsOut": 233000000, "weightedAverageShsOutDil": 236000000, "link": "https://www.sec.gov/Archives/edgar/data/1002047/000156459020005025/0001564590-20-005025-index.htm", "finalLink": "https://www.sec.gov/Archives/edgar/data/1002047/000156459020005025/ntap-10q_20200124.htm"}, {"date": "2019-10-25", "symbol": "NTAP", "fillingDate": "2019-11-18", "acceptedDate": "2019-11-18 16:07:06", "period": "Q2", "revenue": 1371000000, "costOfRevenue": 446000000, "grossProfit": 925000000, "grossProfitRatio": 0.674690007293946, "researchAndDevelopmentExpenses": 209000000, "generalAndAdministrativeExpenses": 69000000, "sellingAndMarketingExpenses": 389000000, "otherExpenses": -21000000, "operatingExpenses": 646000000, "costAndExpenses": 1092000000, "interestExpense": 12000000, "depreciationAndAmortization": 50000000, "ebitda": 346000000, "ebitdaratio": 0.252370532458, "operatingIncome": 296000000, "operatingIncomeRatio": 0.215900802334, "totalOtherIncomeExpensesNet": 3000000.0, "incomeBeforeTax": 299000000, "incomeBeforeTaxRatio": 0.218088986142, "incomeTaxExpense": 56000000, "netIncome": 243000000, "netIncomeRatio": 0.177242888403, "eps": 1.03, "epsdiluted": 1.02, "weightedAverageShsOut": 237000000, "weightedAverageShsOutDil": 240000000, "link": "https://www.sec.gov/Archives/edgar/data/1002047/000156459019043736/0001564590-19-043736-index.htm", "finalLink": "https://www.sec.gov/Archives/edgar/data/1002047/000156459019043736/ntap-10q_20191025.htm"}, {"date": "2019-07-26", "symbol": "NTAP", "fillingDate": "2019-08-19", "acceptedDate": "2019-08-19 16:31:53", "period": "Q1", "revenue": 1236000000, "costOfRevenue": 420000000, "grossProfit": 816000000, "grossProfitRatio": 0.6601941747572816, "researchAndDevelopmentExpenses": 215000000, "generalAndAdministrativeExpenses": 71000000, "sellingAndMarketingExpenses": 405000000, "otherExpenses": 21000000, "operatingExpenses": 712000000, "costAndExpenses": 1132000000, "interestExpense": 15000000, "depreciationAndAmortization": 49000000, "ebitda": 153000000, "ebitdaratio": 0.123786407767, "operatingIncome": 104000000, "operatingIncomeRatio": 0.084142394822, "totalOtherIncomeExpensesNet": 15000000, "incomeBeforeTax": 119000000, "incomeBeforeTaxRatio": 0.0962783171521, "incomeTaxExpense": 16000000, "netIncome": 103000000, "netIncomeRatio": 0.0833333333333, "eps": 0.43, "epsdiluted": 0.42, "weightedAverageShsOut": 239000000, "weightedAverageShsOutDil": 243000000, "link": "https://www.sec.gov/Archives/edgar/data/1002047/000156459019032574/0001564590-19-032574-index.htm", "finalLink": "https://www.sec.gov/Archives/edgar/data/1002047/000156459019032574/ntap-10q_20190726.htm"}, {"date": "2019-04-26", "symbol": "NTAP", "fillingDate": "2019-06-18", "acceptedDate": "2019-06-18 16:43:53", "period": "FY", "revenue": 1592000000, "costOfRevenue": 566000000, "grossProfit": 1026000000, "grossProfitRatio": 0.6444723618090452, "researchAndDevelopmentExpenses": 205000000, "generalAndAdministrativeExpenses": 69000000, "sellingAndMarketingExpenses": 439000000, "otherExpenses": 23000000, "operatingExpenses": 694000000, "costAndExpenses": 1260000000, "interestExpense": 14000000, "depreciationAndAmortization": 48000000, "ebitda": 418000000, "ebitdaratio": 0.26256281407, "operatingIncome": 370000000, "operatingIncomeRatio": 0.232412060302, "totalOtherIncomeExpensesNet": 14000000, "incomeBeforeTax": 384000000, "incomeBeforeTaxRatio": 0.241206030151, "incomeTaxExpense": 45000000, "netIncome": 396000000, "netIncomeRatio": 0.248743718593, "eps": 1.59, "epsdiluted": 1.57, "weightedAverageShsOut": 254000000, "weightedAverageShsOutDil": 259000000, "link": "https://www.sec.gov/Archives/edgar/data/1002047/000156459019022779/0001564590-19-022779-index.htm", "finalLink": "https://www.sec.gov/Archives/edgar/data/1002047/000156459019022779/ntap-10k_20190426.htm"}, {"date": "2019-01-25", "symbol": "NTAP", "fillingDate": "2019-02-19", "acceptedDate": "2019-02-19 16:06:58", "period": "Q3", "revenue": 1563000000, "costOfRevenue": 581000000, "grossProfit": 982000000, "grossProfitRatio": 0.6282789507357646, "researchAndDevelopmentExpenses": 203000000, "generalAndAdministrativeExpenses": 67000000, "sellingAndMarketingExpenses": 401000000, "otherExpenses": 0.0, "operatingExpenses": 671000000, "costAndExpenses": 1252000000, "interestExpense": 16000000, "depreciationAndAmortization": 51000000, "ebitda": 362000000, "ebitdaratio": 0.231605886116, "operatingIncome": 311000000, "operatingIncomeRatio": 0.198976327575, "totalOtherIncomeExpensesNet": 8000000.0, "incomeBeforeTax": 319000000, "incomeBeforeTaxRatio": 0.204094689699, "incomeTaxExpense": 70000000, "netIncome": 249000000, "netIncomeRatio": 0.159309021113, "eps": 0.99, "epsdiluted": 0.98, "weightedAverageShsOut": 257000000, "weightedAverageShsOutDil": 263000000, "link": "https://www.sec.gov/Archives/edgar/data/1002047/000156459019003270/0001564590-19-003270-index.htm", "finalLink": "https://www.sec.gov/Archives/edgar/data/1002047/000156459019003270/ntap-10q_20190125.htm"}, {"date": "2018-10-26", "symbol": "NTAP", "fillingDate": "2018-11-19", "acceptedDate": "2018-11-19 16:09:10", "period": "Q2", "revenue": 1517000000, "costOfRevenue": 543000000, "grossProfit": 974000000, "grossProfitRatio": 0.6420566908371786, "researchAndDevelopmentExpenses": 211000000, "generalAndAdministrativeExpenses": 69000000, "sellingAndMarketingExpenses": 408000000, "otherExpenses": 0.0, "operatingExpenses": 688000000, "costAndExpenses": 1231000000, "interestExpense": 14000000, "depreciationAndAmortization": 49000000, "ebitda": 335000000, "ebitdaratio": 0.220830586684, "operatingIncome": 286000000, "operatingIncomeRatio": 0.188529993408, "totalOtherIncomeExpensesNet": 7000000.0, "incomeBeforeTax": 293000000, "incomeBeforeTaxRatio": 0.193144363876, "incomeTaxExpense": 52000000, "netIncome": 241000000, "netIncomeRatio": 0.158866183256, "eps": 0.94, "epsdiluted": 0.91, "weightedAverageShsOut": 260000000, "weightedAverageShsOutDil": 267000000, "link": "https://www.sec.gov/Archives/edgar/data/1002047/000156459018029831/0001564590-18-029831-index.htm", "finalLink": "https://www.sec.gov/Archives/edgar/data/1002047/000156459018029831/ntap-10q_20181026.htm"}, {"date": "2018-07-27", "symbol": "NTAP", "fillingDate": "2018-08-21", "acceptedDate": "2018-08-21 16:06:57", "period": "Q1", "revenue": 1474000000, "costOfRevenue": 511000000, "grossProfit": 963000000, "grossProfitRatio": 0.6533242876526458, "researchAndDevelopmentExpenses": 208000000, "generalAndAdministrativeExpenses": 73000000, "sellingAndMarketingExpenses": 409000000, "otherExpenses": 19000000, "operatingExpenses": 709000000, "costAndExpenses": 1220000000, "interestExpense": 14000000, "depreciationAndAmortization": 49000000, "ebitda": 303000000, "ebitdaratio": 0.205563093623, "operatingIncome": 254000000, "operatingIncomeRatio": 0.172320217096, "totalOtherIncomeExpensesNet": 18000000, "incomeBeforeTax": 272000000, "incomeBeforeTaxRatio": 0.184531886024, "incomeTaxExpense": -11000000, "netIncome": 283000000, "netIncomeRatio": 0.191994572592, "eps": 1.08, "epsdiluted": 1.05, "weightedAverageShsOut": 262000000, "weightedAverageShsOutDil": 269000000, "link": "https://www.sec.gov/Archives/edgar/data/1002047/000156459018022123/0001564590-18-022123-index.htm", "finalLink": "https://www.sec.gov/Archives/edgar/data/1002047/000156459018022123/ntap-10q_20180727.htm"}, {"date": "2018-04-27", "symbol": "NTAP", "fillingDate": "2018-06-19", "acceptedDate": "2018-06-19 16:30:25", "period": "FY", "revenue": 1641000000, "costOfRevenue": 619000000, "grossProfit": 1022000000, "grossProfitRatio": 0.6227909811090798, "researchAndDevelopmentExpenses": 203000000, "generalAndAdministrativeExpenses": 71000000, "sellingAndMarketingExpenses": 461000000, "otherExpenses": 16000000, "operatingExpenses": 735000000, "costAndExpenses": 1354000000, "interestExpense": 15000000, "depreciationAndAmortization": 48000000, "ebitda": 335000000, "ebitdaratio": 0.204143814747, "operatingIncome": 287000000, "operatingIncomeRatio": 0.174893357709, "totalOtherIncomeExpensesNet": 16000000, "incomeBeforeTax": 303000000, "incomeBeforeTaxRatio": 0.184643510055, "incomeTaxExpense": 32000000, "netIncome": 271000000, "netIncomeRatio": 0.165143205363, "eps": 1.0, "epsdiluted": 1.0, "weightedAverageShsOut": 268000000, "weightedAverageShsOutDil": 276000000, "link": "https://www.sec.gov/Archives/edgar/data/1002047/000156459018015820/0001564590-18-015820-index.htm", "finalLink": "https://www.sec.gov/Archives/edgar/data/1002047/000156459018015820/ntap-10k_20180427.htm"}, {"date": "2018-01-26", "symbol": "NTAP", "fillingDate": "2018-02-22", "acceptedDate": "2018-02-22 16:16:47", "period": "Q3", "revenue": 1523000000, "costOfRevenue": 582000000, "grossProfit": 941000000, "grossProfitRatio": 0.6178594878529219, "researchAndDevelopmentExpenses": 193000000, "generalAndAdministrativeExpenses": 72000000, "sellingAndMarketingExpenses": 423000000, "otherExpenses": 14000000, "operatingExpenses": 688000000, "costAndExpenses": 1270000000, "interestExpense": 17000000, "depreciationAndAmortization": 48000000, "ebitda": 519000000, "ebitdaratio": 0.340774786605, "operatingIncome": 471000000, "operatingIncomeRatio": 0.309258043336, "totalOtherIncomeExpensesNet": 14000000, "incomeBeforeTax": 485000000, "incomeBeforeTaxRatio": 0.318450426789, "incomeTaxExpense": 991000000, "netIncome": -506000000, "netIncomeRatio": -0.33223900196979644, "eps": -1.87, "epsdiluted": -1.84, "weightedAverageShsOut": 269000000, "weightedAverageShsOutDil": 269000000, "link": "https://www.sec.gov/Archives/edgar/data/1002047/000156459018002876/0001564590-18-002876-index.htm", "finalLink": "https://www.sec.gov/Archives/edgar/data/1002047/000156459018002876/ntap-10q_20180126.htm"}, {"date": "2017-10-27", "symbol": "NTAP", "fillingDate": "2017-11-29", "acceptedDate": "2017-11-29 16:31:32", "period": "Q2", "revenue": 1422000000, "costOfRevenue": 520000000, "grossProfit": 902000000, "grossProfitRatio": 0.6343178621659634, "researchAndDevelopmentExpenses": 194000000, "generalAndAdministrativeExpenses": 69000000, "sellingAndMarketingExpenses": 420000000, "otherExpenses": 6000000.0, "operatingExpenses": 683000000, "costAndExpenses": 1203000000, "interestExpense": 17000000, "depreciationAndAmortization": 51000000, "ebitda": 270000000, "ebitdaratio": 0.189873417722, "operatingIncome": 219000000, "operatingIncomeRatio": 0.154008438819, "totalOtherIncomeExpensesNet": 6000000.0, "incomeBeforeTax": 225000000, "incomeBeforeTaxRatio": 0.158227848101, "incomeTaxExpense": 50000000, "netIncome": 175000000, "netIncomeRatio": 0.123066104079, "eps": 0.65, "epsdiluted": 0.63, "weightedAverageShsOut": 270000000, "weightedAverageShsOutDil": 277000000, "link": "https://www.sec.gov/Archives/edgar/data/1002047/000156459017024351/0001564590-17-024351-index.htm", "finalLink": "https://www.sec.gov/Archives/edgar/data/1002047/000156459017024351/ntap-10q_20171027.htm"}, {"date": "2017-07-28", "symbol": "NTAP", "fillingDate": "2017-08-29", "acceptedDate": "2017-08-29 16:06:30", "period": "Q1", "revenue": 1325000000, "costOfRevenue": 491000000, "grossProfit": 834000000, "grossProfitRatio": 0.6294339622641509, "researchAndDevelopmentExpenses": 193000000, "generalAndAdministrativeExpenses": 68000000, "sellingAndMarketingExpenses": 425000000, "otherExpenses": 5000000.0, "operatingExpenses": 686000000, "costAndExpenses": 1177000000, "interestExpense": 13000000, "depreciationAndAmortization": 51000000, "ebitda": 199000000, "ebitdaratio": 0.150188679245, "operatingIncome": 148000000, "operatingIncomeRatio": 0.111698113208, "totalOtherIncomeExpensesNet": 5000000.0, "incomeBeforeTax": 153000000, "incomeBeforeTaxRatio": 0.115471698113, "incomeTaxExpense": 17000000, "netIncome": 136000000, "netIncomeRatio": 0.102641509434, "eps": 0.5, "epsdiluted": 0.49, "weightedAverageShsOut": 270000000, "weightedAverageShsOutDil": 278000000, "link": "https://www.sec.gov/Archives/edgar/data/1002047/000156459017018158/0001564590-17-018158-index.htm", "finalLink": "https://www.sec.gov/Archives/edgar/data/1002047/000156459017018158/ntap-10q_20170728.htm"}, {"date": "2017-04-28", "symbol": "NTAP", "fillingDate": "2017-06-20", "acceptedDate": "2017-06-20 16:07:09", "period": "FY", "revenue": 1481000000, "costOfRevenue": 568000000, "grossProfit": 913000000, "grossProfitRatio": 0.6164753544902093, "researchAndDevelopmentExpenses": 191000000, "generalAndAdministrativeExpenses": 70000000, "sellingAndMarketingExpenses": 405000000, "otherExpenses": 0.0, "operatingExpenses": 666000000, "costAndExpenses": 1234000000, "interestExpense": 13000000, "depreciationAndAmortization": 53000000, "ebitda": 300000000, "ebitdaratio": 0.202565833896, "operatingIncome": 247000000, "operatingIncomeRatio": 0.166779203241, "totalOtherIncomeExpensesNet": 1000000.0, "incomeBeforeTax": 248000000, "incomeBeforeTaxRatio": 0.167454422687, "incomeTaxExpense": 58000000, "netIncome": 190000000, "netIncomeRatio": 0.128291694801, "eps": 0.7, "epsdiluted": 0.68, "weightedAverageShsOut": 275000000, "weightedAverageShsOutDil": 281000000, "link": "https://www.sec.gov/Archives/edgar/data/1002047/000156459017012758/0001564590-17-012758-index.htm", "finalLink": "https://www.sec.gov/Archives/edgar/data/1002047/000156459017012758/ntap-10k_20170428.htm"}, {"date": "2017-01-27", "symbol": "NTAP", "fillingDate": "2017-02-28", "acceptedDate": "2017-02-28 16:06:36", "period": "Q3", "revenue": 1404000000, "costOfRevenue": 553000000, "grossProfit": 851000000, "grossProfitRatio": 0.6061253561253561, "researchAndDevelopmentExpenses": 181000000, "generalAndAdministrativeExpenses": 64000000, "sellingAndMarketingExpenses": 381000000, "otherExpenses": 42000000, "operatingExpenses": 668000000, "costAndExpenses": 1221000000, "interestExpense": 12000000, "depreciationAndAmortization": 56000000, "ebitda": 239000000, "ebitdaratio": 0.170227920228, "operatingIncome": 183000000, "operatingIncomeRatio": 0.130341880342, "totalOtherIncomeExpensesNet": 0.0, "incomeBeforeTax": 183000000, "incomeBeforeTaxRatio": 0.130341880342, "incomeTaxExpense": 37000000, "netIncome": 146000000, "netIncomeRatio": 0.103988603989, "eps": 0.53, "epsdiluted": 0.52, "weightedAverageShsOut": 277000000, "weightedAverageShsOutDil": 282000000, "link": "https://www.sec.gov/Archives/edgar/data/1002047/000156459017002845/0001564590-17-002845-index.htm", "finalLink": "https://www.sec.gov/Archives/edgar/data/1002047/000156459017002845/ntap-10q_20170127.htm"}, {"date": "2016-10-28", "symbol": "NTAP", "fillingDate": "2016-12-02", "acceptedDate": "2016-12-02 16:06:26", "period": "Q2", "revenue": 1340000000, "costOfRevenue": 511000000, "grossProfit": 829000000, "grossProfitRatio": 0.6186567164179104, "researchAndDevelopmentExpenses": 200000000, "generalAndAdministrativeExpenses": 69000000, "sellingAndMarketingExpenses": 418000000, "otherExpenses": 0.0, "operatingExpenses": 687000000, "costAndExpenses": 1198000000, "interestExpense": 12000000, "depreciationAndAmortization": 57000000, "ebitda": 199000000, "ebitdaratio": 0.148507462687, "operatingIncome": 142000000, "operatingIncomeRatio": 0.105970149254, "totalOtherIncomeExpensesNet": 0.0, "incomeBeforeTax": 142000000, "incomeBeforeTaxRatio": 0.105970149254, "incomeTaxExpense": 33000000, "netIncome": 109000000, "netIncomeRatio": 0.0813432835821, "eps": 0.39, "epsdiluted": 0.38, "weightedAverageShsOut": 278000000, "weightedAverageShsOutDil": 283000000, "link": "https://www.sec.gov/Archives/edgar/data/1002047/000156459016029759/0001564590-16-029759-index.htm", "finalLink": "https://www.sec.gov/Archives/edgar/data/1002047/000156459016029759/ntap-10q_20161028.htm"}, {"date": "2016-07-29", "symbol": "NTAP", "fillingDate": "2016-09-02", "acceptedDate": "2016-09-02 16:07:29", "period": "Q1", "revenue": 1294000000, "costOfRevenue": 497000000, "grossProfit": 797000000, "grossProfitRatio": 0.615919629057187, "researchAndDevelopmentExpenses": 207000000, "generalAndAdministrativeExpenses": 68000000, "sellingAndMarketingExpenses": 429000000, "otherExpenses": -1000000.0, "operatingExpenses": 704000000, "costAndExpenses": 1201000000, "interestExpense": 15000000, "depreciationAndAmortization": 60000000, "ebitda": 153000000, "ebitdaratio": 0.118238021638, "operatingIncome": 93000000, "operatingIncomeRatio": 0.0718701700155, "totalOtherIncomeExpensesNet": -1000000.0, "incomeBeforeTax": 92000000, "incomeBeforeTaxRatio": 0.0710973724884, "incomeTaxExpense": 28000000, "netIncome": 64000000, "netIncomeRatio": 0.0494590417311, "eps": 0.23, "epsdiluted": 0.23, "weightedAverageShsOut": 279000000, "weightedAverageShsOutDil": 282000000, "link": "https://www.sec.gov/Archives/edgar/data/1002047/000156459016024907/0001564590-16-024907-index.htm", "finalLink": "https://www.sec.gov/Archives/edgar/data/1002047/000156459016024907/ntap-10q_20160729.htm"}, {"date": "2016-04-29", "symbol": "NTAP", "fillingDate": "2016-06-22", "acceptedDate": "2016-06-22 16:07:00", "period": "FY", "revenue": 1380000000, "costOfRevenue": 562000000, "grossProfit": 818000000, "grossProfitRatio": 0.5927536231884057, "researchAndDevelopmentExpenses": 201000000, "generalAndAdministrativeExpenses": 84000000, "sellingAndMarketingExpenses": 434000000, "otherExpenses": 35000000, "operatingExpenses": 754000000, "costAndExpenses": 1316000000, "interestExpense": 15000000, "depreciationAndAmortization": 77000000, "ebitda": 141000000, "ebitdaratio": 0.102173913043, "operatingIncome": 64000000, "operatingIncomeRatio": 0.0463768115942, "totalOtherIncomeExpensesNet": -4000000.0, "incomeBeforeTax": 60000000, "incomeBeforeTaxRatio": 0.0434782608696, "incomeTaxExpense": 68000000, "netIncome": -8000000.0, "netIncomeRatio": -0.005797101449275362, "eps": -0.02, "epsdiluted": -0.02, "weightedAverageShsOut": 294000000, "weightedAverageShsOutDil": 297000000, "link": "https://www.sec.gov/Archives/edgar/data/1002047/000156459016020754/0001564590-16-020754-index.htm", "finalLink": "https://www.sec.gov/Archives/edgar/data/1002047/000156459016020754/ntap-10k_20160429.htm"}, {"date": "2016-01-29", "symbol": "NTAP", "fillingDate": "2016-03-07", "acceptedDate": "2016-03-07 16:07:16", "period": "Q3", "revenue": 1386000000, "costOfRevenue": 531000000, "grossProfit": 855000000, "grossProfitRatio": 0.6168831168831169, "researchAndDevelopmentExpenses": 200000000, "generalAndAdministrativeExpenses": 70000000, "sellingAndMarketingExpenses": 418000000, "otherExpenses": 2000000.0, "operatingExpenses": 690000000, "costAndExpenses": 1221000000, "interestExpense": 11000000, "depreciationAndAmortization": 66000000, "ebitda": 231000000, "ebitdaratio": 0.166666666667, "operatingIncome": 165000000, "operatingIncomeRatio": 0.119047619048, "totalOtherIncomeExpensesNet": -2000000.0, "incomeBeforeTax": 163000000, "incomeBeforeTaxRatio": 0.117604617605, "incomeTaxExpense": 10000000, "netIncome": 153000000, "netIncomeRatio": 0.11038961039, "eps": 0.52, "epsdiluted": 0.51, "weightedAverageShsOut": 297000000, "weightedAverageShsOutDil": 300000000, "link": "https://www.sec.gov/Archives/edgar/data/1002047/000156459016014119/0001564590-16-014119-index.htm", "finalLink": "https://www.sec.gov/Archives/edgar/data/1002047/000156459016014119/ntap-10q_20160129.htm"}, {"date": "2015-10-30", "symbol": "NTAP", "fillingDate": "2015-12-02", "acceptedDate": "2015-12-02 16:06:00", "period": "Q2", "revenue": 1445000000, "costOfRevenue": 561000000, "grossProfit": 884000000, "grossProfitRatio": 0.611764705882353, "researchAndDevelopmentExpenses": 216000000, "generalAndAdministrativeExpenses": 74000000, "sellingAndMarketingExpenses": 448000000, "otherExpenses": 1000000.0, "operatingExpenses": 739000000, "costAndExpenses": 1300000000, "interestExpense": 12000000, "depreciationAndAmortization": 67000000, "ebitda": 212000000, "ebitdaratio": 0.146712802768, "operatingIncome": 145000000, "operatingIncomeRatio": 0.100346020761, "totalOtherIncomeExpensesNet": -1000000.0, "incomeBeforeTax": 144000000, "incomeBeforeTaxRatio": 0.0996539792388, "incomeTaxExpense": 30000000, "netIncome": 114000000, "netIncomeRatio": 0.078892733564, "eps": 0.38, "epsdiluted": 0.38, "weightedAverageShsOut": 299000000, "weightedAverageShsOutDil": 302000000, "link": "https://www.sec.gov/Archives/edgar/data/1002047/000156459015011213/0001564590-15-011213-index.htm", "finalLink": "https://www.sec.gov/Archives/edgar/data/1002047/000156459015011213/ntap-10q_20151030.htm"}, {"date": "2015-07-31", "symbol": "NTAP", "fillingDate": "2015-09-08", "acceptedDate": "2015-09-08 16:45:57", "period": "Q1", "revenue": 1335000000, "costOfRevenue": 519000000, "grossProfit": 816000000, "grossProfitRatio": 0.6112359550561798, "researchAndDevelopmentExpenses": 244000000, "generalAndAdministrativeExpenses": 79000000, "sellingAndMarketingExpenses": 492000000, "otherExpenses": 27000000, "operatingExpenses": 842000000, "costAndExpenses": 1361000000, "interestExpense": 11000000, "depreciationAndAmortization": 69000000, "ebitda": 43000000, "ebitdaratio": 0.0322097378277, "operatingIncome": -26000000, "operatingIncomeRatio": -0.01947565543071161, "totalOtherIncomeExpensesNet": 4000000.0, "incomeBeforeTax": -22000000, "incomeBeforeTaxRatio": -0.01647940074906367, "incomeTaxExpense": 8000000.0, "netIncome": -30000000, "netIncomeRatio": -0.02247191011235955, "eps": -0.1, "epsdiluted": -0.1, "weightedAverageShsOut": 304000000, "weightedAverageShsOutDil": 304000000, "link": "https://www.sec.gov/Archives/edgar/data/1002047/000156459015007795/0001564590-15-007795-index.htm", "finalLink": "https://www.sec.gov/Archives/edgar/data/1002047/000156459015007795/ntap-10q_20150731.htm"}, {"date": "2015-04-24", "symbol": "NTAP", "fillingDate": "2015-06-12", "acceptedDate": "2015-06-12 16:06:31", "period": "FY", "revenue": 1539700000, "costOfRevenue": 604500000, "grossProfit": 935200000, "grossProfitRatio": 0.6073910502045853, "researchAndDevelopmentExpenses": 232400000, "generalAndAdministrativeExpenses": 71000000, "sellingAndMarketingExpenses": 470200000, "otherExpenses": -4000000.0, "operatingExpenses": 773600000, "costAndExpenses": 1378100000, "interestExpense": 11000000, "depreciationAndAmortization": 75300000, "ebitda": 236900000, "ebitdaratio": 0.153861141781, "operatingIncome": 161600000, "operatingIncomeRatio": 0.104955510814, "totalOtherIncomeExpensesNet": 2500000.0, "incomeBeforeTax": 164100000, "incomeBeforeTaxRatio": 0.106579203741, "incomeTaxExpense": 29200000, "netIncome": 134900000, "netIncomeRatio": 0.0876144703514, "eps": 0.43, "epsdiluted": 0.44, "weightedAverageShsOut": 315500000, "weightedAverageShsOutDil": 320700000, "link": "https://www.sec.gov/Archives/edgar/data/1002047/000156459015005051/0001564590-15-005051-index.htm", "finalLink": "https://www.sec.gov/Archives/edgar/data/1002047/000156459015005051/ntap-10k_20150424.htm"}, {"date": "2015-01-23", "symbol": "NTAP", "fillingDate": "2015-02-25", "acceptedDate": "2015-02-25 16:06:20", "period": "Q3", "revenue": 1551300000, "costOfRevenue": 573900000, "grossProfit": 977400000, "grossProfitRatio": 0.630052214271901, "researchAndDevelopmentExpenses": 229900000, "generalAndAdministrativeExpenses": 70200000, "sellingAndMarketingExpenses": 474800000, "otherExpenses": 4000000.0, "operatingExpenses": 774900000, "costAndExpenses": 1348800000, "interestExpense": 11100000, "depreciationAndAmortization": 79500000, "ebitda": 282000000, "ebitdaratio": 0.181783020692, "operatingIncome": 202500000, "operatingIncomeRatio": 0.130535679752, "totalOtherIncomeExpensesNet": -3000000.0, "incomeBeforeTax": 200100000, "incomeBeforeTaxRatio": 0.128988590215, "incomeTaxExpense": 23300000, "netIncome": 176800000, "netIncomeRatio": 0.113968929285, "eps": 0.57, "epsdiluted": 0.55, "weightedAverageShsOut": 317800000, "weightedAverageShsOutDil": 323300000, "link": "https://www.sec.gov/Archives/edgar/data/1002047/000156459015000944/0001564590-15-000944-index.htm", "finalLink": "https://www.sec.gov/Archives/edgar/data/1002047/000156459015000944/ntap-10q_20150123.htm"}, {"date": "2014-10-24", "symbol": "NTAP", "fillingDate": "2014-11-25", "acceptedDate": "2014-11-25 16:09:39", "period": "Q2", "revenue": 1542500000, "costOfRevenue": 560000000, "grossProfit": 982500000, "grossProfitRatio": 0.6369529983792545, "researchAndDevelopmentExpenses": 229000000, "generalAndAdministrativeExpenses": 73000000, "sellingAndMarketingExpenses": 488000000, "otherExpenses": -3000000.0, "operatingExpenses": 790000000, "costAndExpenses": 1350000000, "interestExpense": 10900000, "depreciationAndAmortization": 77000000, "ebitda": 269500000, "ebitdaratio": 0.17471636953, "operatingIncome": 192500000, "operatingIncomeRatio": 0.124797406807, "totalOtherIncomeExpensesNet": -3000000.0, "incomeBeforeTax": 188900000, "incomeBeforeTaxRatio": 0.122463533225, "incomeTaxExpense": 29100000, "netIncome": 159800000, "netIncomeRatio": 0.103598055105, "eps": 0.5, "epsdiluted": 0.49, "weightedAverageShsOut": 320800000, "weightedAverageShsOutDil": 326300000, "link": "https://www.sec.gov/Archives/edgar/data/1002047/000119312514425190/0001193125-14-425190-index.htm", "finalLink": "https://www.sec.gov/Archives/edgar/data/1002047/000119312514425190/d789984d10q.htm"}, {"date": "2014-07-25", "symbol": "NTAP", "fillingDate": "2014-08-28", "acceptedDate": "2014-08-28 16:54:35", "period": "Q1", "revenue": 1489200000, "costOfRevenue": 551100000, "grossProfit": 938100000, "grossProfitRatio": 0.6299355358581789, "researchAndDevelopmentExpenses": 228000000, "generalAndAdministrativeExpenses": 70000000, "sellingAndMarketingExpenses": 480200000, "otherExpenses": 0.0, "operatingExpenses": 778200000, "costAndExpenses": 1329300000, "interestExpense": 9000000.0, "depreciationAndAmortization": 78100000, "ebitda": 238000000, "ebitdaratio": 0.159817351598, "operatingIncome": 159900000, "operatingIncomeRatio": 0.107373086221, "totalOtherIncomeExpensesNet": -200000.0, "incomeBeforeTax": 159700000, "incomeBeforeTaxRatio": 0.107238785925, "incomeTaxExpense": 71300000, "netIncome": 88400000, "netIncomeRatio": 0.0593607305936, "eps": 0.27, "epsdiluted": 0.27, "weightedAverageShsOut": 323500000, "weightedAverageShsOutDil": 329100000, "link": "https://www.sec.gov/Archives/edgar/data/1002047/000119312514325455/0001193125-14-325455-index.htm", "finalLink": "https://www.sec.gov/Archives/edgar/data/1002047/000119312514325455/d746932d10q.htm"}, {"date": "2014-04-25", "symbol": "NTAP", "fillingDate": "2014-06-17", "acceptedDate": "2014-06-17 16:14:01", "period": "FY", "revenue": 1649000000, "costOfRevenue": 607000000, "grossProfit": 1042000000, "grossProfitRatio": 0.6318981200727714, "researchAndDevelopmentExpenses": 230700000, "generalAndAdministrativeExpenses": 73700000, "sellingAndMarketingExpenses": 475000000, "otherExpenses": 38800000, "operatingExpenses": 818200000, "costAndExpenses": 1425200000, "interestExpense": 6400000.0, "depreciationAndAmortization": 82600000, "ebitda": 306400000, "ebitdaratio": 0.185809581565, "operatingIncome": 223800000, "operatingIncomeRatio": 0.135718617344, "totalOtherIncomeExpensesNet": 2800000.0, "incomeBeforeTax": 226600000, "incomeBeforeTaxRatio": 0.137416616131, "incomeTaxExpense": 29600000, "netIncome": 197000000, "netIncomeRatio": 0.119466343238, "eps": 0.59, "epsdiluted": 0.58, "weightedAverageShsOut": 340300000, "weightedAverageShsOutDil": 347900000, "link": "https://www.sec.gov/Archives/edgar/data/1002047/000119312514239169/0001193125-14-239169-index.htm", "finalLink": "https://www.sec.gov/Archives/edgar/data/1002047/000119312514239169/d691214d10k.htm"}, {"date": "2014-01-24", "symbol": "NTAP", "fillingDate": "2014-02-26", "acceptedDate": "2014-02-26 16:05:11", "period": "Q3", "revenue": 1610000000, "costOfRevenue": 607700000, "grossProfit": 1002300000, "grossProfitRatio": 0.6225465838509316, "researchAndDevelopmentExpenses": 230300000, "generalAndAdministrativeExpenses": 69400000, "sellingAndMarketingExpenses": 475900000, "otherExpenses": -1000000.0, "operatingExpenses": 775600000, "costAndExpenses": 1383300000, "interestExpense": 6700000.0, "depreciationAndAmortization": 84000000, "ebitda": 310700000, "ebitdaratio": 0.19298136646, "operatingIncome": 226700000, "operatingIncomeRatio": 0.140807453416, "totalOtherIncomeExpensesNet": 2900000.0, "incomeBeforeTax": 229600000, "incomeBeforeTaxRatio": 0.142608695652, "incomeTaxExpense": 37500000, "netIncome": 192100000, "netIncomeRatio": 0.119316770186, "eps": 0.56, "epsdiluted": 0.55, "weightedAverageShsOut": 343700000, "weightedAverageShsOutDil": 351700000, "link": "https://www.sec.gov/Archives/edgar/data/1002047/000119312514069692/0001193125-14-069692-index.htm", "finalLink": "https://www.sec.gov/Archives/edgar/data/1002047/000119312514069692/d652683d10q.htm"}, {"date": "2013-10-25", "symbol": "NTAP", "fillingDate": "2013-11-26", "acceptedDate": "2013-11-26 16:10:29", "period": "Q2", "revenue": 1549900000, "costOfRevenue": 584700000, "grossProfit": 965200000, "grossProfitRatio": 0.6227498548293439, "researchAndDevelopmentExpenses": 228200000, "generalAndAdministrativeExpenses": 69500000, "sellingAndMarketingExpenses": 479500000, "otherExpenses": 1100000.0, "operatingExpenses": 778300000, "costAndExpenses": 1363000000, "interestExpense": 6500000.0, "depreciationAndAmortization": 83100000, "ebitda": 270000000, "ebitdaratio": 0.174204787406, "operatingIncome": 186900000, "operatingIncomeRatio": 0.12058842506, "totalOtherIncomeExpensesNet": 5300000.0, "incomeBeforeTax": 192200000, "incomeBeforeTaxRatio": 0.124008000516, "incomeTaxExpense": 25400000, "netIncome": 166800000, "netIncomeRatio": 0.107619846442, "eps": 0.49, "epsdiluted": 0.47, "weightedAverageShsOut": 345800000, "weightedAverageShsOutDil": 354500000, "link": "https://www.sec.gov/Archives/edgar/data/1002047/000119312513454984/0001193125-13-454984-index.htm", "finalLink": "https://www.sec.gov/Archives/edgar/data/1002047/000119312513454984/d594786d10q.htm"}, {"date": "2013-07-26", "symbol": "NTAP", "fillingDate": "2013-08-29", "acceptedDate": "2013-08-29 16:04:39", "period": "Q1", "revenue": 1516200000, "costOfRevenue": 606600000, "grossProfit": 909600000, "grossProfitRatio": 0.5999208547685002, "researchAndDevelopmentExpenses": 228100000, "generalAndAdministrativeExpenses": 68400000, "sellingAndMarketingExpenses": 467800000, "otherExpenses": 48400000, "operatingExpenses": 812700000, "costAndExpenses": 1419300000, "interestExpense": 16500000, "depreciationAndAmortization": 94100000, "ebitda": 191000000, "ebitdaratio": 0.125972826804, "operatingIncome": 96900000, "operatingIncomeRatio": 0.0639097744361, "totalOtherIncomeExpensesNet": 1000000.0, "incomeBeforeTax": 92300000, "incomeBeforeTaxRatio": 0.0608758738953, "incomeTaxExpense": 10700000, "netIncome": 81600000, "netIncomeRatio": 0.0538187574199, "eps": 0.23, "epsdiluted": 0.23, "weightedAverageShsOut": 350900000, "weightedAverageShsOutDil": 359900000, "link": "https://www.sec.gov/Archives/edgar/data/1002047/000119312513352036/0001193125-13-352036-index.htm", "finalLink": "https://www.sec.gov/Archives/edgar/data/1002047/000119312513352036/d562384d10q.htm"}, {"date": "2013-04-26", "symbol": "NTAP", "fillingDate": "2013-06-17", "acceptedDate": "2013-06-17 16:34:38", "period": "FY", "revenue": 1716500000, "costOfRevenue": 684300000, "grossProfit": 1032200000, "grossProfitRatio": 0.6013399359161083, "researchAndDevelopmentExpenses": 243400000, "generalAndAdministrativeExpenses": 74200000, "sellingAndMarketingExpenses": 510200000, "otherExpenses": 0.0, "operatingExpenses": 827800000, "costAndExpenses": 1512100000, "interestExpense": 28000000, "depreciationAndAmortization": 105300000, "ebitda": 309700000, "ebitdaratio": 0.180425284008, "operatingIncome": 204400000, "operatingIncomeRatio": 0.119079522284, "totalOtherIncomeExpensesNet": 3000000.0, "incomeBeforeTax": 188900000, "incomeBeforeTaxRatio": 0.110049519371, "incomeTaxExpense": 15100000, "netIncome": 173800000, "netIncomeRatio": 0.101252548791, "eps": 0.49, "epsdiluted": 0.47, "weightedAverageShsOut": 361500000, "weightedAverageShsOutDil": 368000000, "link": "https://www.sec.gov/Archives/edgar/data/1002047/000119312513261334/0001193125-13-261334-index.htm", "finalLink": "https://www.sec.gov/Archives/edgar/data/1002047/000119312513261334/d512428d10k.htm"}, {"date": "2013-01-25", "symbol": "NTAP", "fillingDate": "2013-02-28", "acceptedDate": "2013-02-28 17:00:19", "period": "Q3", "revenue": 1630100000, "costOfRevenue": 665200000, "grossProfit": 964900000, "grossProfitRatio": 0.5919268756518005, "researchAndDevelopmentExpenses": 215600000, "generalAndAdministrativeExpenses": 66200000, "sellingAndMarketingExpenses": 493500000, "otherExpenses": 1700000.0, "operatingExpenses": 777000000, "costAndExpenses": 1442200000, "interestExpense": 24000000, "depreciationAndAmortization": 101700000, "ebitda": 289600000, "ebitdaratio": 0.177657812404, "operatingIncome": 187900000, "operatingIncomeRatio": 0.115269001902, "totalOtherIncomeExpensesNet": 1000000.0, "incomeBeforeTax": 175800000, "incomeBeforeTaxRatio": 0.107846144408, "incomeTaxExpense": 17700000, "netIncome": 158100000, "netIncomeRatio": 0.0969879148518, "eps": 0.43, "epsdiluted": 0.43, "weightedAverageShsOut": 362500000, "weightedAverageShsOutDil": 368100000, "link": "https://www.sec.gov/Archives/edgar/data/1002047/000119312513084667/0001193125-13-084667-index.htm", "finalLink": "https://www.sec.gov/Archives/edgar/data/1002047/000119312513084667/d464768d10q.htm"}, {"date": "2012-10-26", "symbol": "NTAP", "fillingDate": "2012-11-30", "acceptedDate": "2012-11-30 16:21:00", "period": "Q2", "revenue": 1541200000, "costOfRevenue": 627300000, "grossProfit": 913900000, "grossProfitRatio": 0.5929794964962367, "researchAndDevelopmentExpenses": 223800000, "generalAndAdministrativeExpenses": 66600000, "sellingAndMarketingExpenses": 488200000, "otherExpenses": 3000000.0, "operatingExpenses": 778600000, "costAndExpenses": 1405900000, "interestExpense": 19800000, "depreciationAndAmortization": 101100000, "ebitda": 236400000, "ebitdaratio": 0.153386971191, "operatingIncome": 135300000, "operatingIncomeRatio": 0.0877887360498, "totalOtherIncomeExpensesNet": 1000000.0, "incomeBeforeTax": 127700000, "incomeBeforeTaxRatio": 0.0828575136257, "incomeTaxExpense": 18100000, "netIncome": 109600000, "netIncomeRatio": 0.0711134181158, "eps": 0.31, "epsdiluted": 0.3, "weightedAverageShsOut": 364100000, "weightedAverageShsOutDil": 369700000, "link": "https://www.sec.gov/Archives/edgar/data/1002047/000119312512487586/0001193125-12-487586-index.htm", "finalLink": "https://www.sec.gov/Archives/edgar/data/1002047/000119312512487586/d416805d10q.htm"}, {"date": "2012-07-27", "symbol": "NTAP", "fillingDate": "2012-08-30", "acceptedDate": "2012-08-30 17:03:37", "period": "Q1", "revenue": 1444600000, "costOfRevenue": 594500000, "grossProfit": 850100000, "grossProfitRatio": 0.5884673958189118, "researchAndDevelopmentExpenses": 221400000, "generalAndAdministrativeExpenses": 65600000, "sellingAndMarketingExpenses": 482900000, "otherExpenses": 1000000.0, "operatingExpenses": 769900000, "costAndExpenses": 1364400000, "interestExpense": 19900000, "depreciationAndAmortization": 96700000, "ebitda": 176900000, "ebitdaratio": 0.122456043195, "operatingIncome": 80200000, "operatingIncomeRatio": 0.0555170981587, "totalOtherIncomeExpensesNet": 3000000.0, "incomeBeforeTax": 74200000, "incomeBeforeTaxRatio": 0.0513636992939, "incomeTaxExpense": 10400000, "netIncome": 63800000, "netIncomeRatio": 0.044164474595, "eps": 0.17, "epsdiluted": 0.17, "weightedAverageShsOut": 366100000, "weightedAverageShsOutDil": 371200000, "link": "https://www.sec.gov/Archives/edgar/data/1002047/000119312512375807/0001193125-12-375807-index.htm", "finalLink": "https://www.sec.gov/Archives/edgar/data/1002047/000119312512375807/d374165d10q.htm"}, {"date": "2012-04-27", "symbol": "NTAP", "fillingDate": "2012-06-19", "acceptedDate": "2012-06-19 17:18:25", "period": "FY", "revenue": 1702500000, "costOfRevenue": 707500000, "grossProfit": 995000000, "grossProfitRatio": 0.5844346549192364, "researchAndDevelopmentExpenses": 221600000, "generalAndAdministrativeExpenses": 71500000, "sellingAndMarketingExpenses": 478100000, "otherExpenses": 2400000.0, "operatingExpenses": 773600000, "costAndExpenses": 1481100000, "interestExpense": 20000000, "depreciationAndAmortization": 96800000, "ebitda": 318200000, "ebitdaratio": 0.186901615272, "operatingIncome": 221400000, "operatingIncomeRatio": 0.130044052863, "totalOtherIncomeExpensesNet": 2000000.0, "incomeBeforeTax": 214500000, "incomeBeforeTaxRatio": 0.125991189427, "incomeTaxExpense": 33800000, "netIncome": 180700000, "netIncomeRatio": 0.106138032305, "eps": 0.49, "epsdiluted": 0.48, "weightedAverageShsOut": 384300000, "weightedAverageShsOutDil": 384300000, "link": "https://www.sec.gov/Archives/edgar/data/1002047/000119312512275547/0001193125-12-275547-index.htm", "finalLink": "https://www.sec.gov/Archives/edgar/data/1002047/000119312512275547/d328654d10k.htm"}, {"date": "2012-01-27", "symbol": "NTAP", "fillingDate": "2012-03-05", "acceptedDate": "2012-03-05 16:36:57", "period": "Q3", "revenue": 1565500000, "costOfRevenue": 657000000, "grossProfit": 908500000, "grossProfitRatio": 0.5803257745129352, "researchAndDevelopmentExpenses": 208300000, "generalAndAdministrativeExpenses": 63200000, "sellingAndMarketingExpenses": 477000000, "otherExpenses": 3500000.0, "operatingExpenses": 752000000, "costAndExpenses": 1409000000, "interestExpense": 18900000, "depreciationAndAmortization": 87100000, "ebitda": 243600000, "ebitdaratio": 0.155605237943, "operatingIncome": 156500000, "operatingIncomeRatio": 0.0999680613223, "totalOtherIncomeExpensesNet": -9600000.0, "incomeBeforeTax": 146900000, "incomeBeforeTaxRatio": 0.0938358351964, "incomeTaxExpense": 27300000, "netIncome": 119600000, "netIncomeRatio": 0.0763973171511, "eps": 0.34, "epsdiluted": 0.32, "weightedAverageShsOut": 364000000, "weightedAverageShsOutDil": 385100000, "link": "https://www.sec.gov/Archives/edgar/data/1002047/000119312512096831/0001193125-12-096831-index.htm", "finalLink": "https://www.sec.gov/Archives/edgar/data/1002047/000119312512096831/d272691d10q.htm"}, {"date": "2011-10-28", "symbol": "NTAP", "fillingDate": "2011-12-05", "acceptedDate": "2011-12-05 16:22:15", "period": "Q2", "revenue": 1507000000, "costOfRevenue": 594000000, "grossProfit": 913000000, "grossProfitRatio": 0.6058394160583942, "researchAndDevelopmentExpenses": 199700000, "generalAndAdministrativeExpenses": 65100000, "sellingAndMarketingExpenses": 454100000, "otherExpenses": 1700000.0, "operatingExpenses": 720600000, "costAndExpenses": 1314600000, "interestExpense": 16400000, "depreciationAndAmortization": 79900000, "ebitda": 272300000, "ebitdaratio": 0.180690112807, "operatingIncome": 192400000, "operatingIncomeRatio": 0.127670869277, "totalOtherIncomeExpensesNet": -8500000.0, "incomeBeforeTax": 183900000, "incomeBeforeTaxRatio": 0.12203052422, "incomeTaxExpense": 18300000, "netIncome": 165600000, "netIncomeRatio": 0.109887193099, "eps": 0.45, "epsdiluted": 0.44, "weightedAverageShsOut": 365900000, "weightedAverageShsOutDil": 390800000, "link": "https://www.sec.gov/Archives/edgar/data/1002047/000119312511330462/0001193125-11-330462-index.htm", "finalLink": "https://www.sec.gov/Archives/edgar/data/1002047/000119312511330462/d232425d10q.htm"}, {"date": "2011-07-29", "symbol": "NTAP", "fillingDate": "2011-09-01", "acceptedDate": "2011-09-01 16:20:51", "period": "Q1", "revenue": 1458200000, "costOfRevenue": 561300000, "grossProfit": 896900000, "grossProfitRatio": 0.6150733781374297, "researchAndDevelopmentExpenses": 198600000, "generalAndAdministrativeExpenses": 65100000, "sellingAndMarketingExpenses": 454800000, "otherExpenses": 2200000.0, "operatingExpenses": 720700000, "costAndExpenses": 1282000000, "interestExpense": 19400000, "depreciationAndAmortization": 82200000, "ebitda": 258400000, "ebitdaratio": 0.177204773008, "operatingIncome": 176200000, "operatingIncomeRatio": 0.120833904814, "totalOtherIncomeExpensesNet": -9100000.0, "incomeBeforeTax": 167100000, "incomeBeforeTaxRatio": 0.114593334248, "incomeTaxExpense": 27600000, "netIncome": 139500000, "netIncomeRatio": 0.0956658894527, "eps": 0.38, "epsdiluted": 0.34, "weightedAverageShsOut": 370300000, "weightedAverageShsOutDil": 405500000, "link": "https://www.sec.gov/Archives/edgar/data/1002047/000119312511239169/0001193125-11-239169-index.htm", "finalLink": "https://www.sec.gov/Archives/edgar/data/1002047/000119312511239169/d10q.htm"}, {"date": "2011-04-29", "symbol": "NTAP", "fillingDate": "2011-06-23", "acceptedDate": "2011-06-23 16:08:45", "period": "FY", "revenue": 1509300000, "costOfRevenue": 1793900000, "grossProfit": -284600000, "grossProfitRatio": -0.18856423507586298, "researchAndDevelopmentExpenses": 648600000, "generalAndAdministrativeExpenses": 251300000, "sellingAndMarketingExpenses": 1597000000, "otherExpenses": 7500000.0, "operatingExpenses": 2504400000, "costAndExpenses": 4298300000, "interestExpense": 75900000, "depreciationAndAmortization": 56200000, "ebitda": 401600000, "ebitdaratio": 0.266083614921, "operatingIncome": 345400000, "operatingIncomeRatio": 0.228847810243, "totalOtherIncomeExpensesNet": 4000000.0, "incomeBeforeTax": 310800000, "incomeBeforeTaxRatio": 0.205923275691, "incomeTaxExpense": 121000000, "netIncome": 194200000, "netIncomeRatio": 0.128668919367, "eps": 0.54, "epsdiluted": 0.48, "weightedAverageShsOut": 393700000, "weightedAverageShsOutDil": 393700000, "link": "https://www.sec.gov/Archives/edgar/data/1002047/000119312511171858/0001193125-11-171858-index.htm", "finalLink": "https://www.sec.gov/Archives/edgar/data/1002047/000119312511171858/d10k.htm"}, {"date": "2011-01-28", "symbol": "NTAP", "fillingDate": "2011-03-04", "acceptedDate": "2011-03-04 16:02:29", "period": "Q3", "revenue": 1268100000, "costOfRevenue": 890000000, "grossProfit": 378100000, "grossProfitRatio": 0.2981626054727545, "researchAndDevelopmentExpenses": 166000000, "generalAndAdministrativeExpenses": 62000000, "sellingAndMarketingExpenses": 397000000, "otherExpenses": 18000000, "operatingExpenses": 626000000, "costAndExpenses": 1516000000, "interestExpense": 0.0, "depreciationAndAmortization": 54300000, "ebitda": 226800000, "ebitdaratio": 0.178850248403, "operatingIncome": 172500000, "operatingIncomeRatio": 0.136030281524, "totalOtherIncomeExpensesNet": 1000000.0, "incomeBeforeTax": 168700000, "incomeBeforeTaxRatio": 0.133033672423, "incomeTaxExpense": 17000000, "netIncome": 172500000, "netIncomeRatio": 0.136030281524, "eps": 0.47, "epsdiluted": 0.43, "weightedAverageShsOut": 390700000, "weightedAverageShsOutDil": 390700000, "link": "https://www.sec.gov/Archives/edgar/data/1002047/000119312511056223/0001193125-11-056223-index.htm", "finalLink": "https://www.sec.gov/Archives/edgar/data/1002047/000119312511056223/d10q.htm"}, {"date": "2010-10-29", "symbol": "NTAP", "fillingDate": "2010-12-06", "acceptedDate": "2010-12-06 16:03:40", "period": "Q2", "revenue": 2345200000, "costOfRevenue": 812000000, "grossProfit": 1533200000, "grossProfitRatio": 0.6537608732730684, "researchAndDevelopmentExpenses": 157000000, "generalAndAdministrativeExpenses": 64000000, "sellingAndMarketingExpenses": 383000000, "otherExpenses": -18000000, "operatingExpenses": 603000000, "costAndExpenses": 1415000000, "interestExpense": 0.0, "depreciationAndAmortization": 108200000, "ebitda": 414600000, "ebitdaratio": 0.176786628006, "operatingIncome": 306400000, "operatingIncomeRatio": 0.130649837967, "totalOtherIncomeExpensesNet": -2000000.0, "incomeBeforeTax": 314600000, "incomeBeforeTaxRatio": 0.134146341463, "incomeTaxExpense": 23000000, "netIncome": 306400000, "netIncomeRatio": 0.130649837967, "eps": 0.86, "epsdiluted": 0.8, "weightedAverageShsOut": 383000000, "weightedAverageShsOutDil": 383000000, "link": "https://www.sec.gov/Archives/edgar/data/1002047/000119312510274568/0001193125-10-274568-index.htm", "finalLink": "https://www.sec.gov/Archives/edgar/data/1002047/000119312510274568/d10q.htm"}, {"date": "2010-07-30", "symbol": "NTAP", "fillingDate": "2010-08-27", "acceptedDate": "2010-08-27 16:09:46", "period": "Q1", "revenue": 1137000000, "costOfRevenue": 825000000, "grossProfit": 312000000, "grossProfitRatio": 0.27440633245382584, "researchAndDevelopmentExpenses": 149000000, "generalAndAdministrativeExpenses": 56000000, "sellingAndMarketingExpenses": 354000000, "otherExpenses": 1000000.0, "operatingExpenses": 560000000, "costAndExpenses": 1385000000, "interestExpense": 0.0, "depreciationAndAmortization": 40000000, "ebitda": 204000000, "ebitdaratio": 0.17941952506596306, "operatingIncome": 164000000, "operatingIncomeRatio": 0.1442392260334213, "totalOtherIncomeExpensesNet": 2000000.0, "incomeBeforeTax": 157000000, "incomeBeforeTaxRatio": 0.13808267370272648, "incomeTaxExpense": 15000000, "netIncome": 141000000, "netIncomeRatio": 0.12401055408970976, "eps": 0.4, "epsdiluted": 0.38, "weightedAverageShsOut": 383000000, "weightedAverageShsOutDil": 383000000, "link": "https://www.sec.gov/Archives/edgar/data/1002047/000095012310081799/0000950123-10-081799-index.htm", "finalLink": "https://www.sec.gov/Archives/edgar/data/1002047/000095012310081799/f56376e10vq.htm"}, {"date": "2010-04-30", "symbol": "NTAP", "fillingDate": "2010-06-18", "acceptedDate": "2010-06-18 14:36:09", "period": "FY", "revenue": 3931000000, "costOfRevenue": 2823000000, "grossProfit": 1108000000, "grossProfitRatio": 0.28186212159755786, "researchAndDevelopmentExpenses": 535000000, "generalAndAdministrativeExpenses": 238000000, "sellingAndMarketingExpenses": 1293000000, "otherExpenses": 1000000.0, "operatingExpenses": 2030000000, "costAndExpenses": 4853000000, "interestExpense": 74000000, "depreciationAndAmortization": -125797000000, "ebitda": -125309000000, "ebitdaratio": -31.877130501144748, "operatingIncome": 488000000, "operatingIncomeRatio": 0.12414143983719156, "totalOtherIncomeExpensesNet": 1000000.0, "incomeBeforeTax": 447000000, "incomeBeforeTaxRatio": 0.11371152378529636, "incomeTaxExpense": 46000000, "netIncome": 400000000, "netIncomeRatio": 0.10175527855507505, "eps": 1.18, "epsdiluted": 1.13, "weightedAverageShsOut": 339000000, "weightedAverageShsOutDil": 353000000, "link": "https://www.sec.gov/Archives/edgar/data/1002047/000095012310059271/0000950123-10-059271-index.htm", "finalLink": "https://www.sec.gov/Archives/edgar/data/1002047/000095012310059271/f56118e10vk.htm"}, {"date": "2010-01-29", "symbol": "NTAP", "fillingDate": "2010-03-01", "acceptedDate": "2010-03-01 17:12:33", "period": "Q3", "revenue": 1011650000000, "costOfRevenue": 941147000000, "grossProfit": 70503000000, "grossProfitRatio": 0.06969109870014333, "researchAndDevelopmentExpenses": -262671000000, "generalAndAdministrativeExpenses": 58079000000, "sellingAndMarketingExpenses": 324768000000, "otherExpenses": 355841000000, "operatingExpenses": 512244000000, "costAndExpenses": 1453391000000, "interestExpense": 18226000000, "depreciationAndAmortization": 40774000000, "ebitda": 170070000000, "ebitdaratio": 0.16811150101319627, "operatingIncome": 129296000000, "operatingIncomeRatio": 0.12780704789205752, "totalOtherIncomeExpensesNet": 0.0, "incomeBeforeTax": 117898000000, "incomeBeforeTaxRatio": 0.1165403054416053, "incomeTaxExpense": 10018000000, "netIncome": 107880000000, "netIncomeRatio": 0.10663767113132012, "eps": 0.76, "epsdiluted": 0.73, "weightedAverageShsOut": 337478000, "weightedAverageShsOutDil": 349438000, "link": "https://www.sec.gov/Archives/edgar/data/1002047/000095012310019463/0000950123-10-019463-index.htm", "finalLink": "https://www.sec.gov/Archives/edgar/data/1002047/000095012310019463/f55054e10vq.htm"}, {"date": "2009-10-30", "symbol": "NTAP", "fillingDate": "2009-12-02", "acceptedDate": "2009-12-02 15:42:28", "period": "Q2", "revenue": 910027000000, "costOfRevenue": 405765000000, "grossProfit": 504262000000, "grossProfitRatio": 0.5541176250814537, "researchAndDevelopmentExpenses": 132354000000, "generalAndAdministrativeExpenses": 56939000000, "sellingAndMarketingExpenses": 300835000000, "otherExpenses": -1270000000, "operatingExpenses": 491307000000, "costAndExpenses": 897072000000, "interestExpense": 17916000000, "depreciationAndAmortization": 42148000000, "ebitda": 157522000000, "ebitdaratio": 0.17309596308680952, "operatingIncome": 115374000000, "operatingIncomeRatio": 0.1267808537548886, "totalOtherIncomeExpensesNet": 11624000000, "incomeBeforeTax": 105972000000, "incomeBeforeTaxRatio": 0.11644929216385888, "incomeTaxExpense": 10295000000, "netIncome": 95677000000, "netIncomeRatio": 0.1051364410066954, "eps": 0.44, "epsdiluted": 0.43, "weightedAverageShsOut": 335602000, "weightedAverageShsOutDil": 344313000, "link": "https://www.sec.gov/Archives/edgar/data/1002047/000095012309067593/0000950123-09-067593-index.htm", "finalLink": "https://www.sec.gov/Archives/edgar/data/1002047/000095012309067593/f54222e10vq.htm"}, {"date": "2009-07-31", "symbol": "NTAP", "fillingDate": "2009-09-04", "acceptedDate": "2009-09-04 16:31:24", "period": "Q1", "revenue": 837961000000, "costOfRevenue": 630936000000, "grossProfit": 207025000000, "grossProfitRatio": 0.2470580373072255, "researchAndDevelopmentExpenses": 130317000000, "generalAndAdministrativeExpenses": 59551000000, "sellingAndMarketingExpenses": 301433000000, "otherExpenses": -948000000, "operatingExpenses": 451677000000, "costAndExpenses": 1082613000000, "interestExpense": 19201000000, "depreciationAndAmortization": 43041000000, "ebitda": 113857000000, "ebitdaratio": 0.13587386525148545, "operatingIncome": 70816000000, "operatingIncomeRatio": 0.08450989962540023, "totalOtherIncomeExpensesNet": -11624000000, "incomeBeforeTax": 59192000000, "incomeBeforeTaxRatio": 0.0706381323235807, "incomeTaxExpense": 7528000000, "netIncome": 51664000000, "netIncomeRatio": 0.061654420671129084, "eps": 0.15, "epsdiluted": 0.15, "weightedAverageShsOut": 334537000, "weightedAverageShsOutDil": 338875000, "link": "https://www.sec.gov/Archives/edgar/data/1002047/000095012309041315/0000950123-09-041315-index.htm", "finalLink": "https://www.sec.gov/Archives/edgar/data/1002047/000095012309041315/f53457e10vq.htm"}, {"date": "2009-04-24", "symbol": "NTAP", "fillingDate": "2009-06-17", "acceptedDate": "2009-06-16 21:57:54", "period": "FY", "revenue": 879643000000, "costOfRevenue": 691496000000, "grossProfit": 188147000000, "grossProfitRatio": 0.21389018044820454, "researchAndDevelopmentExpenses": 124986000000, "generalAndAdministrativeExpenses": 52175000000, "sellingAndMarketingExpenses": 287355000000, "otherExpenses": 35451000000, "operatingExpenses": 499967000000, "costAndExpenses": 1191463000000, "interestExpense": 7510000000, "depreciationAndAmortization": 64367000000, "ebitda": 98295000000, "ebitdaratio": 0.11174419622505949, "operatingIncome": 33928000000, "operatingIncomeRatio": 0.03857019268043968, "totalOtherIncomeExpensesNet": 197000000, "incomeBeforeTax": 35686000000, "incomeBeforeTaxRatio": 0.04056873072371405, "incomeTaxExpense": -39398000000, "netIncome": 75084000000, "netIncomeRatio": 0.08535735519977991, "eps": 0.26, "epsdiluted": 0.26, "weightedAverageShsOut": 330279000, "weightedAverageShsOutDil": 334575000, "link": "https://www.sec.gov/Archives/edgar/data/1002047/000095012309014485/0000950123-09-014485-index.htm", "finalLink": "https://www.sec.gov/Archives/edgar/data/1002047/000095012309014485/f52231e10vk.htm"}, {"date": "2009-01-23", "symbol": "NTAP", "fillingDate": "2009-03-02", "acceptedDate": "2009-03-02 14:17:35", "period": "Q3", "revenue": 746343000000, "costOfRevenue": 706254000000, "grossProfit": 40089000000, "grossProfitRatio": 0.05371390902038339, "researchAndDevelopmentExpenses": 122661000000, "generalAndAdministrativeExpenses": 51049000000, "sellingAndMarketingExpenses": 291634000000, "otherExpenses": 21423000000, "operatingExpenses": 484299000000, "costAndExpenses": 1190553000000, "interestExpense": 7238000000, "depreciationAndAmortization": 37108000000, "ebitda": -53975000000, "ebitdaratio": -0.07231929555177713, "operatingIncome": -91083000000, "operatingIncomeRatio": -0.12203906246859687, "totalOtherIncomeExpensesNet": -1249000000, "incomeBeforeTax": -88462000000, "incomeBeforeTaxRatio": -0.11852727231313216, "incomeTaxExpense": -13070000000, "netIncome": -75392000000, "netIncomeRatio": -0.101015216864096, "eps": 0.03, "epsdiluted": 0.03, "weightedAverageShsOut": 330067000, "weightedAverageShsOutDil": 335070000, "link": "https://www.sec.gov/Archives/edgar/data/1002047/000095013409004215/0000950134-09-004215-index.htm", "finalLink": "https://www.sec.gov/Archives/edgar/data/1002047/000095013409004215/f50954e10vq.htm"}, {"date": "2008-10-24", "symbol": "NTAP", "fillingDate": "2008-12-03", "acceptedDate": "2008-12-02 21:22:55", "period": "Q2", "revenue": 911631000000, "costOfRevenue": 730950000000, "grossProfit": 180681000000, "grossProfitRatio": 0.19819532244954374, "researchAndDevelopmentExpenses": 125496000000, "generalAndAdministrativeExpenses": 51011000000, "sellingAndMarketingExpenses": 304044000000, "otherExpenses": -479000000, "operatingExpenses": 480551000000, "costAndExpenses": 1211501000000, "interestExpense": 7542000000, "depreciationAndAmortization": 35866000000, "ebitda": 101471000000, "ebitdaratio": 0.11130709684071735, "operatingIncome": 65605000000, "operatingIncomeRatio": 0.07196442420233626, "totalOtherIncomeExpensesNet": -479000000, "incomeBeforeTax": 52589000000, "incomeBeforeTaxRatio": 0.05768671754251446, "incomeTaxExpense": 3408000000, "netIncome": 49181000000, "netIncomeRatio": 0.053948362879279003, "eps": 0.26, "epsdiluted": 0.26, "weightedAverageShsOut": 330587000, "weightedAverageShsOutDil": 337253000, "link": "https://www.sec.gov/Archives/edgar/data/1002047/000095013408021557/0000950134-08-021557-index.htm", "finalLink": "https://www.sec.gov/Archives/edgar/data/1002047/000095013408021557/f50740e10vq.htm"}, {"date": "2008-07-25", "symbol": "NTAP", "fillingDate": "2008-09-03", "acceptedDate": "2008-09-03 17:22:16", "period": "Q1", "revenue": 868776000000, "costOfRevenue": 704256000000, "grossProfit": 164520000000, "grossProfitRatio": 0.18936987209591424, "researchAndDevelopmentExpenses": 125352000000, "generalAndAdministrativeExpenses": 49463000000, "sellingAndMarketingExpenses": 303108000000, "otherExpenses": -1989000000, "operatingExpenses": 477923000000, "costAndExpenses": 1182179000000, "interestExpense": 4575000000, "depreciationAndAmortization": 33197000000, "ebitda": 71922000000, "ebitdaratio": 0.08278543606176966, "operatingIncome": 38725000000, "operatingIncomeRatio": 0.04457420554895623, "totalOtherIncomeExpensesNet": -1989000000, "incomeBeforeTax": 45016000000, "incomeBeforeTaxRatio": 0.05181542768216433, "incomeTaxExpense": 7344000000, "netIncome": 37672000000, "netIncomeRatio": 0.04336215549232483, "eps": 0.11, "epsdiluted": 0.11, "weightedAverageShsOut": 333855000, "weightedAverageShsOutDil": 341120000, "link": "https://www.sec.gov/Archives/edgar/data/1002047/000089161808000428/0000891618-08-000428-index.htm", "finalLink": "https://www.sec.gov/Archives/edgar/data/1002047/000089161808000428/f43048e10vq.htm"}, {"date": "2008-04-25", "symbol": "NTAP", "fillingDate": "2008-06-24", "acceptedDate": "2008-06-24 17:24:29", "period": "FY", "revenue": 937731000, "costOfRevenue": 729718000, "grossProfit": 208013000, "grossProfitRatio": 0.2218258754376255, "researchAndDevelopmentExpenses": 124968000, "generalAndAdministrativeExpenses": 47793000, "sellingAndMarketingExpenses": 296457000, "otherExpenses": 447000.0, "operatingExpenses": 469665000, "costAndExpenses": 1199383000, "interestExpense": 1860000.0, "depreciationAndAmortization": 31329000, "ebitda": 134536000, "ebitdaratio": 0.14346971572871112, "operatingIncome": 103207000, "operatingIncomeRatio": 0.1100603477969695, "totalOtherIncomeExpensesNet": -578000.0, "incomeBeforeTax": 115084000, "incomeBeforeTaxRatio": 0.12272602697362037, "incomeTaxExpense": 25264000, "netIncome": 89820000, "netIncomeRatio": 0.09578439872415437, "eps": 0.88, "epsdiluted": 0.86, "weightedAverageShsOut": 351676000, "weightedAverageShsOutDil": 361090000, "link": "https://www.sec.gov/Archives/edgar/data/1002047/000095013408011751/0000950134-08-011751-index.htm", "finalLink": "https://www.sec.gov/Archives/edgar/data/1002047/000095013408011751/f38790e10vk.htm"}, {"date": "2008-01-25", "symbol": "NTAP", "fillingDate": "2008-03-05", "acceptedDate": "2008-03-04 21:53:30", "period": "Q3", "revenue": 884003000, "costOfRevenue": 689402000, "grossProfit": 194601000, "grossProfitRatio": 0.22013613075973723, "researchAndDevelopmentExpenses": 111717000, "generalAndAdministrativeExpenses": 42787000, "sellingAndMarketingExpenses": 279114000, "otherExpenses": 0.0, "operatingExpenses": 433618000, "costAndExpenses": 1123020000, "interestExpense": 3638000.0, "depreciationAndAmortization": 28905000, "ebitda": 134589000, "ebitdaratio": 0.1522494833162331, "operatingIncome": 105684000, "operatingIncomeRatio": 0.11955163048089203, "totalOtherIncomeExpensesNet": -619000.0, "incomeBeforeTax": 117385000, "incomeBeforeTaxRatio": 0.1327880109004155, "incomeTaxExpense": 15562000, "netIncome": 101823000, "netIncomeRatio": 0.11518399824434986, "eps": 0.62, "epsdiluted": 0.6, "weightedAverageShsOut": 354799000, "weightedAverageShsOutDil": 365290000, "link": "https://www.sec.gov/Archives/edgar/data/1002047/000089161808000140/0000891618-08-000140-index.htm", "finalLink": "https://www.sec.gov/Archives/edgar/data/1002047/000089161808000140/f37273e10vq.htm"}, {"date": "2007-10-26", "symbol": "NTAP", "fillingDate": "2007-12-04", "acceptedDate": "2007-12-04 17:27:30", "period": "Q2", "revenue": 792198000, "costOfRevenue": 616386000, "grossProfit": 175812000, "grossProfitRatio": 0.22192936614331266, "researchAndDevelopmentExpenses": 108964000, "generalAndAdministrativeExpenses": 39506000, "sellingAndMarketingExpenses": 255374000, "otherExpenses": 0.0, "operatingExpenses": 403844000, "costAndExpenses": 1020230000, "interestExpense": 1411000.0, "depreciationAndAmortization": 28282000, "ebitda": 108443000, "ebitdaratio": 0.13688875760857766, "operatingIncome": 80161000, "operatingIncomeRatio": 0.10118808681667966, "totalOtherIncomeExpensesNet": 230000.0, "incomeBeforeTax": 108896000, "incomeBeforeTaxRatio": 0.13746058434886227, "incomeTaxExpense": 25138000, "netIncome": 83758000, "netIncomeRatio": 0.10572861835046289, "eps": 0.33, "epsdiluted": 0.32, "weightedAverageShsOut": 360061000, "weightedAverageShsOutDil": 371544000, "link": "https://www.sec.gov/Archives/edgar/data/1002047/000089161807000673/0000891618-07-000673-index.htm", "finalLink": "https://www.sec.gov/Archives/edgar/data/1002047/000089161807000673/f34670e10vq.htm"}, {"date": "2007-07-27", "symbol": "NTAP", "fillingDate": "2007-09-05", "acceptedDate": "2007-09-05 17:24:21", "period": "Q1", "revenue": 689235000, "costOfRevenue": 544076000, "grossProfit": 145159000, "grossProfitRatio": 0.21060886345005694, "researchAndDevelopmentExpenses": 106556000, "generalAndAdministrativeExpenses": 41450000, "sellingAndMarketingExpenses": 244643000, "otherExpenses": 0.0, "operatingExpenses": 392649000, "costAndExpenses": 936725000, "interestExpense": 1081000.0, "depreciationAndAmortization": 26734000, "ebitda": 51282000, "ebitdaratio": 0.07440423077760125, "operatingIncome": 24548000, "operatingIncomeRatio": 0.03561629923030606, "totalOtherIncomeExpensesNet": 832000.0, "incomeBeforeTax": 41334000, "incomeBeforeTaxRatio": 0.05997083723258395, "incomeTaxExpense": 6997000.0, "netIncome": 34337000, "netIncomeRatio": 0.04981900222710686, "eps": 0.09, "epsdiluted": 0.09, "weightedAverageShsOut": 364457000, "weightedAverageShsOutDil": 377631000, "link": "https://www.sec.gov/Archives/edgar/data/1002047/000089161807000535/0000891618-07-000535-index.htm", "finalLink": "https://www.sec.gov/Archives/edgar/data/1002047/000089161807000535/f32867e10vq.htm"}, {"date": "2007-04-27", "symbol": "NTAP", "fillingDate": "2007-06-26", "acceptedDate": "2007-06-26 17:14:48", "period": "FY", "revenue": 2019679000, "costOfRevenue": 630358000, "grossProfit": 1389321000, "grossProfitRatio": 0.6878919867959216, "researchAndDevelopmentExpenses": 108802000, "generalAndAdministrativeExpenses": 42164000, "sellingAndMarketingExpenses": 259599000, "otherExpenses": -39089000, "operatingExpenses": 410565000, "costAndExpenses": 1040923000, "interestExpense": 265000.0, "depreciationAndAmortization": 25075000, "ebitda": 100524000, "ebitdaratio": 0.0497722657907519, "operatingIncome": 75449000, "operatingIncomeRatio": 0.03735692652149178, "totalOtherIncomeExpensesNet": -362000.0, "incomeBeforeTax": 92017000, "incomeBeforeTaxRatio": 0.04556021031064837, "incomeTaxExpense": 2396000.0, "netIncome": 89621000, "netIncomeRatio": 0.044373883176484975, "eps": 0.8, "epsdiluted": 0.77, "weightedAverageShsOut": 371204000, "weightedAverageShsOutDil": 388454000, "link": "https://www.sec.gov/Archives/edgar/data/1002047/000095013407014094/0000950134-07-014094-index.htm", "finalLink": "https://www.sec.gov/Archives/edgar/data/1002047/000095013407014094/f31128e10vk.htm"}, {"date": "2007-01-26", "symbol": "NTAP", "fillingDate": "2007-03-07", "acceptedDate": "2007-03-07 17:23:47", "period": "Q3", "revenue": 285169000, "costOfRevenue": 570338000, "grossProfit": -285169000, "grossProfitRatio": -1.0, "researchAndDevelopmentExpenses": 97517000, "generalAndAdministrativeExpenses": 37724000, "sellingAndMarketingExpenses": 236432000, "otherExpenses": 39261000, "operatingExpenses": 371673000, "costAndExpenses": 942011000, "interestExpense": 2335000.0, "depreciationAndAmortization": 22936000, "ebitda": 95372000, "ebitdaratio": 0.3344402792729925, "operatingIncome": 72436000, "operatingIncomeRatio": 0.2540107795728147, "totalOtherIncomeExpensesNet": 534000.0, "incomeBeforeTax": 88605000, "incomeBeforeTaxRatio": 0.3107104909720201, "incomeTaxExpense": 22091000, "netIncome": 66514000, "netIncomeRatio": 0.23324414645350652, "eps": 0.56, "epsdiluted": 0.53, "weightedAverageShsOut": 371938000, "weightedAverageShsOutDil": 389555000, "link": "https://www.sec.gov/Archives/edgar/data/1002047/000089161807000141/0000891618-07-000141-index.htm", "finalLink": "https://www.sec.gov/Archives/edgar/data/1002047/000089161807000141/f26587e10vq.htm"}, {"date": "2006-10-27", "symbol": "NTAP", "fillingDate": "2006-12-06", "acceptedDate": "2006-12-06 17:12:05", "period": "Q2", "revenue": 251216000, "costOfRevenue": 502432000, "grossProfit": -251216000, "grossProfitRatio": -1.0, "researchAndDevelopmentExpenses": 90360000, "generalAndAdministrativeExpenses": 35217000, "sellingAndMarketingExpenses": 204264000, "otherExpenses": 1878000.0, "operatingExpenses": 304502000, "costAndExpenses": 806934000, "interestExpense": 5171000.0, "depreciationAndAmortization": 20666000, "ebitda": 117471000, "ebitdaratio": 0.4676095471626011, "operatingIncome": 96805000, "operatingIncomeRatio": 0.3853456786191962, "totalOtherIncomeExpensesNet": 1878000.0, "incomeBeforeTax": 108990000, "incomeBeforeTaxRatio": 0.4338497547926884, "incomeTaxExpense": 22060000, "netIncome": 86930000, "netIncomeRatio": 0.3460368766320617, "eps": 0.38, "epsdiluted": 0.36, "weightedAverageShsOut": 372264000, "weightedAverageShsOutDil": 389773000, "link": "https://www.sec.gov/Archives/edgar/data/1002047/000095013406022706/0000950134-06-022706-index.htm", "finalLink": "https://www.sec.gov/Archives/edgar/data/1002047/000095013406022706/f25524e10vq.htm"}, {"date": "2006-07-28", "symbol": "NTAP", "fillingDate": "2006-09-06", "acceptedDate": "2006-09-06 17:05:14", "period": "Q1", "revenue": 248218000, "costOfRevenue": 496436000, "grossProfit": -248218000, "grossProfitRatio": -1.0, "researchAndDevelopmentExpenses": 88678000, "generalAndAdministrativeExpenses": 32396000, "sellingAndMarketingExpenses": 195518000, "otherExpenses": 779000.0, "operatingExpenses": 316518000, "costAndExpenses": 812954000, "interestExpense": 3871000.0, "depreciationAndAmortization": 18714000, "ebitda": 75266000, "ebitdaratio": 0.3032253905840833, "operatingIncome": 56552000, "operatingIncomeRatio": 0.22783198639905244, "totalOtherIncomeExpensesNet": 779000.0, "incomeBeforeTax": 70116000, "incomeBeforeTaxRatio": 0.2824774996172719, "incomeTaxExpense": 15446000, "netIncome": 54670000, "netIncomeRatio": 0.22024994158360794, "eps": 0.15, "epsdiluted": 0.14, "weightedAverageShsOut": 373869000, "weightedAverageShsOutDil": 391319000, "link": "https://www.sec.gov/Archives/edgar/data/1002047/000095013406017363/0000950134-06-017363-index.htm", "finalLink": "https://www.sec.gov/Archives/edgar/data/1002047/000095013406017363/f23476e10vq.htm"}, {"date": "2006-04-30", "symbol": "NTAP", "fillingDate": "2006-07-12", "acceptedDate": "2006-07-12 06:02:06", "period": "FY", "revenue": 597961000, "costOfRevenue": 482204000, "grossProfit": 115757000, "grossProfitRatio": 0.19358620378252092, "researchAndDevelopmentExpenses": 73526000, "generalAndAdministrativeExpenses": 24503000, "sellingAndMarketingExpenses": 167628000, "otherExpenses": 4229000.0, "operatingExpenses": 269886000, "costAndExpenses": 752090000, "interestExpense": 1283000.0, "depreciationAndAmortization": 17504000, "ebitda": 104477000, "ebitdaratio": 0.17472209726052368, "operatingIncome": 86973000, "operatingIncomeRatio": 0.1454492851540485, "totalOtherIncomeExpensesNet": 1191000.0, "incomeBeforeTax": 99810000, "incomeBeforeTaxRatio": 0.1669172404220342, "incomeTaxExpense": 40589000, "netIncome": 59221000, "netIncomeRatio": 0.09903823159035456, "eps": 0.72, "epsdiluted": 0.69, "weightedAverageShsOut": 371061000, "weightedAverageShsOutDil": 388381000, "link": "https://www.sec.gov/Archives/edgar/data/1002047/000095013406013059/0000950134-06-013059-index.htm", "finalLink": "https://www.sec.gov/Archives/edgar/data/1002047/000095013406013059/f21341e10vk.htm"}, {"date": "2006-01-27", "symbol": "NTAP", "fillingDate": "2006-03-07", "acceptedDate": "2006-03-07 17:26:57", "period": "Q3", "revenue": 537031000, "costOfRevenue": 420014000, "grossProfit": 117017000, "grossProfitRatio": 0.21789617359146865, "researchAndDevelopmentExpenses": 62623000, "generalAndAdministrativeExpenses": 24742000, "sellingAndMarketingExpenses": 152009000, "otherExpenses": 4186000.0, "operatingExpenses": 243560000, "costAndExpenses": 663574000, "interestExpense": 0.0, "depreciationAndAmortization": 16091000, "ebitda": 99555000, "ebitdaratio": 0.1853803597930101, "operatingIncome": 83464000, "operatingIncomeRatio": 0.15541747124467675, "totalOtherIncomeExpensesNet": 1002000.0, "incomeBeforeTax": 94357000, "incomeBeforeTaxRatio": 0.17570121650333034, "incomeTaxExpense": 17964000, "netIncome": 76393000, "netIncomeRatio": 0.14225063357608778, "eps": 0.56, "epsdiluted": 0.54, "weightedAverageShsOut": 370069000, "weightedAverageShsOutDil": 386991000, "link": "https://www.sec.gov/Archives/edgar/data/1002047/000095013406004432/0000950134-06-004432-index.htm", "finalLink": "https://www.sec.gov/Archives/edgar/data/1002047/000095013406004432/f16164e10vq.htm"}, {"date": "2005-10-28", "symbol": "NTAP", "fillingDate": "2005-12-06", "acceptedDate": "2005-12-06 17:24:06", "period": "Q2", "revenue": 483061000, "costOfRevenue": 367938000, "grossProfit": 115123000, "grossProfitRatio": 0.23831979812073423, "researchAndDevelopmentExpenses": 56037000, "generalAndAdministrativeExpenses": 21566000, "sellingAndMarketingExpenses": 138218000, "otherExpenses": 8989000.0, "operatingExpenses": 224810000, "costAndExpenses": 592748000, "interestExpense": 0.0, "depreciationAndAmortization": 15328000, "ebitda": 89610000, "ebitdaratio": 0.18550452220320002, "operatingIncome": 74282000, "operatingIncomeRatio": 0.1537735399877034, "totalOtherIncomeExpensesNet": -9358000.0, "incomeBeforeTax": 83724000, "incomeBeforeTaxRatio": 0.1733197256661167, "incomeTaxExpense": 13006000, "netIncome": 70718000, "netIncomeRatio": 0.14639558979093736, "eps": 0.35, "epsdiluted": 0.34, "weightedAverageShsOut": 369220000, "weightedAverageShsOutDil": 385912000, "link": "https://www.sec.gov/Archives/edgar/data/1002047/000095013405022704/0000950134-05-022704-index.htm", "finalLink": "https://www.sec.gov/Archives/edgar/data/1002047/000095013405022704/f15177e10vq.htm"}, {"date": "2005-07-29", "symbol": "NTAP", "fillingDate": "2005-09-02", "acceptedDate": "2005-09-02 17:28:24", "period": "Q1", "revenue": 448403000, "costOfRevenue": 349834000, "grossProfit": 98569000, "grossProfitRatio": 0.21982234730811345, "researchAndDevelopmentExpenses": 50802000, "generalAndAdministrativeExpenses": 21041000, "sellingAndMarketingExpenses": 137299000, "otherExpenses": 772000.0, "operatingExpenses": 209914000, "costAndExpenses": 559748000, "interestExpense": 0.0, "depreciationAndAmortization": 14756000, "ebitda": 78328000, "ebitdaratio": 0.17468214976260193, "operatingIncome": 63572000, "operatingIncomeRatio": 0.14177425217940112, "totalOtherIncomeExpensesNet": 8809000.0, "incomeBeforeTax": 72381000, "incomeBeforeTaxRatio": 0.16141952663117776, "incomeTaxExpense": 12261000, "netIncome": 60120000, "netIncomeRatio": 0.13407582018853575, "eps": 0.16, "epsdiluted": 0.16, "weightedAverageShsOut": 367438000, "weightedAverageShsOutDil": 386383000, "link": "https://www.sec.gov/Archives/edgar/data/1002047/000089161805000675/0000891618-05-000675-index.htm", "finalLink": "https://www.sec.gov/Archives/edgar/data/1002047/000089161805000675/f10502e10vq.htm"}, {"date": "2005-04-30", "symbol": "NTAP", "fillingDate": "2005-07-08", "acceptedDate": "2005-07-08 16:46:52", "period": "FY", "revenue": 451828000, "costOfRevenue": 350066000, "grossProfit": 101762000, "grossProfitRatio": 0.2252228724204786, "researchAndDevelopmentExpenses": 48092000, "generalAndAdministrativeExpenses": 22015000, "sellingAndMarketingExpenses": 134945000, "otherExpenses": 1715000.0, "operatingExpenses": 206767000, "costAndExpenses": 556833000, "interestExpense": 0.0, "depreciationAndAmortization": 14698000, "ebitda": 84726000, "ebitdaratio": 0.18751825916056553, "operatingIncome": 70028000, "operatingIncomeRatio": 0.15498818134334305, "totalOtherIncomeExpensesNet": 24363000, "incomeBeforeTax": 78134000, "incomeBeforeTaxRatio": 0.17292863656081517, "incomeTaxExpense": 14698000, "netIncome": 63436000, "netIncomeRatio": 0.1403985587435927, "eps": 0.63, "epsdiluted": 0.59, "weightedAverageShsOut": 361009000, "weightedAverageShsOutDil": 380412000, "link": "https://www.sec.gov/Archives/edgar/data/1002047/000095013405013074/0000950134-05-013074-index.htm", "finalLink": "https://www.sec.gov/Archives/edgar/data/1002047/000095013405013074/f10166e10vk.htm"}, {"date": "2005-01-28", "symbol": "NTAP", "fillingDate": "2005-03-02", "acceptedDate": "2005-03-02 17:13:00", "period": "Q3", "revenue": 787882000, "costOfRevenue": 609174000, "grossProfit": 178708000, "grossProfitRatio": 0.22682076757687064, "researchAndDevelopmentExpenses": 84254000, "generalAndAdministrativeExpenses": 38006000, "sellingAndMarketingExpenses": 227776000, "otherExpenses": 4058000.0, "operatingExpenses": 354094000, "costAndExpenses": 963268000, "interestExpense": 0.0, "depreciationAndAmortization": 26522000, "ebitda": 155723000, "ebitdaratio": 0.19764761728279107, "operatingIncome": 129201000, "operatingIncomeRatio": 0.163985216060273, "totalOtherIncomeExpensesNet": -4492000.0, "incomeBeforeTax": 140966000, "incomeBeforeTaxRatio": 0.17891765518186734, "incomeTaxExpense": 25510000, "netIncome": 115456000, "netIncomeRatio": 0.14653971026118123, "eps": 0.45, "epsdiluted": 0.43, "weightedAverageShsOut": 359031000, "weightedAverageShsOutDil": 377972000, "link": "https://www.sec.gov/Archives/edgar/data/1002047/000095013405004094/0000950134-05-004094-index.htm", "finalLink": "https://www.sec.gov/Archives/edgar/data/1002047/000095013405004094/f06362e10vq.htm"}, {"date": "2004-07-30", "symbol": "NTAP", "fillingDate": "2004-08-31", "acceptedDate": "2004-08-31 16:55:35", "period": "Q1", "revenue": 358421000, "costOfRevenue": 286926000, "grossProfit": 71495000, "grossProfitRatio": 0.19947212914421866, "researchAndDevelopmentExpenses": 38703000, "generalAndAdministrativeExpenses": 16882000, "sellingAndMarketingExpenses": 103311000, "otherExpenses": 2104000.0, "operatingExpenses": 161000000, "costAndExpenses": 447926000, "interestExpense": 0.0, "depreciationAndAmortization": 13239000, "ebitda": 67197000, "ebitdaratio": 0.1874806442702855, "operatingIncome": 53958000, "operatingIncomeRatio": 0.15054363444106234, "totalOtherIncomeExpensesNet": 3170000.0, "incomeBeforeTax": 57128000, "incomeBeforeTaxRatio": 0.15938798228898418, "incomeTaxExpense": 10266000, "netIncome": 46862000, "netIncomeRatio": 0.13074568733416847, "eps": 0.13, "epsdiluted": 0.13, "weightedAverageShsOut": 356743000, "weightedAverageShsOutDil": 372974000, "link": "https://www.sec.gov/Archives/edgar/data/1002047/000095013404013036/0000950134-04-013036-index.htm", "finalLink": "https://www.sec.gov/Archives/edgar/data/1002047/000095013404013036/f01546e10vq.htm"}, {"date": "2004-04-30", "symbol": "NTAP", "fillingDate": "2004-06-29", "acceptedDate": "2004-06-29 16:54:33", "period": "FY", "revenue": 336964000, "costOfRevenue": 267504000, "grossProfit": 69460000, "grossProfitRatio": 0.206134779976496, "researchAndDevelopmentExpenses": 35854000, "generalAndAdministrativeExpenses": 15813000, "sellingAndMarketingExpenses": 101974000, "otherExpenses": 7040000.0, "operatingExpenses": 160681000, "costAndExpenses": 428185000, "interestExpense": 0.0, "depreciationAndAmortization": 13031000, "ebitda": 55562000, "ebitdaratio": 0.1648900179247635, "operatingIncome": 42531000, "operatingIncomeRatio": 0.12621823102764687, "totalOtherIncomeExpensesNet": 14080000, "incomeBeforeTax": 46512000, "incomeBeforeTaxRatio": 0.13803254947116012, "incomeTaxExpense": 10063000, "netIncome": 36449000, "netIncomeRatio": 0.10816882515639653, "eps": 0.44, "epsdiluted": 0.42, "weightedAverageShsOut": 346965000, "weightedAverageShsOutDil": 366195000, "link": "https://www.sec.gov/Archives/edgar/data/1002047/000095013404009447/0000950134-04-009447-index.htm", "finalLink": "https://www.sec.gov/Archives/edgar/data/1002047/000095013404009447/f99909e10vk.htm"}, {"date": "2004-01-30", "symbol": "NTAP", "fillingDate": "2004-03-02", "acceptedDate": "2004-03-02 17:27:52", "period": "Q3", "revenue": 297287000, "costOfRevenue": 234328000, "grossProfit": 62959000, "grossProfitRatio": 0.21177851705590894, "researchAndDevelopmentExpenses": 32948000, "generalAndAdministrativeExpenses": 13744000, "sellingAndMarketingExpenses": 85975000, "otherExpenses": 465000.0, "operatingExpenses": 133132000, "costAndExpenses": 367460000, "interestExpense": 0.0, "depreciationAndAmortization": 13054000, "ebitda": 60045000, "ebitdaratio": 0.20197654118747205, "operatingIncome": 46991000, "operatingIncomeRatio": 0.15806611119894243, "totalOtherIncomeExpensesNet": -6854000.0, "incomeBeforeTax": 50236000, "incomeBeforeTaxRatio": 0.16898148926794646, "incomeTaxExpense": 10084000, "netIncome": 40152000, "netIncomeRatio": 0.13506140530867478, "eps": 0.34, "epsdiluted": 0.32, "weightedAverageShsOut": 343906000, "weightedAverageShsOutDil": 363214000, "link": "https://www.sec.gov/Archives/edgar/data/1002047/000089161804000664/0000891618-04-000664-index.htm", "finalLink": "https://www.sec.gov/Archives/edgar/data/1002047/000089161804000664/f96823e10vq.htm"}, {"date": "2003-10-31", "symbol": "NTAP", "fillingDate": "2003-12-04", "acceptedDate": "2003-12-04 15:48:18", "period": "Q2", "revenue": 275550000, "costOfRevenue": 220974000, "grossProfit": 54576000, "grossProfitRatio": 0.19806205770277627, "researchAndDevelopmentExpenses": 31513000, "generalAndAdministrativeExpenses": 12728000, "sellingAndMarketingExpenses": 82185000, "otherExpenses": 2003000.0, "operatingExpenses": 128429000, "costAndExpenses": 349403000, "interestExpense": 0.0, "depreciationAndAmortization": 13541000, "ebitda": 50175000, "ebitdaratio": 0.18209036472509527, "operatingIncome": 36634000, "operatingIncomeRatio": 0.132948648158229, "totalOtherIncomeExpensesNet": 1622000.0, "incomeBeforeTax": 38256000, "incomeBeforeTaxRatio": 0.13883505715841046, "incomeTaxExpense": -10157000, "netIncome": 48413000, "netIncomeRatio": 0.17569588096534206, "eps": 0.22, "epsdiluted": 0.21, "weightedAverageShsOut": 342706000, "weightedAverageShsOutDil": 361606000, "link": "https://www.sec.gov/Archives/edgar/data/1002047/000089161803006173/0000891618-03-006173-index.htm", "finalLink": "https://www.sec.gov/Archives/edgar/data/1002047/000089161803006173/f94954e10vq.htm"}, {"date": "2003-08-01", "symbol": "NTAP", "fillingDate": "2003-09-03", "acceptedDate": "2003-09-03 17:23:46", "period": "Q1", "revenue": 260509000, "costOfRevenue": 208772000, "grossProfit": 51737000, "grossProfitRatio": 0.19859966450295383, "researchAndDevelopmentExpenses": 31541000, "generalAndAdministrativeExpenses": 12265000, "sellingAndMarketingExpenses": 79356000, "otherExpenses": 654000.0, "operatingExpenses": 123816000, "costAndExpenses": 332588000, "interestExpense": 0.0, "depreciationAndAmortization": 13426000, "ebitda": 45733000, "ebitdaratio": 0.175552476114069, "operatingIncome": 32307000, "operatingIncomeRatio": 0.12401490927376789, "totalOtherIncomeExpensesNet": 3143000.0, "incomeBeforeTax": 35450000, "incomeBeforeTaxRatio": 0.13607975156328572, "incomeTaxExpense": 8377000.0, "netIncome": 27073000, "netIncomeRatio": 0.1039234728934509, "eps": 0.08, "epsdiluted": 0.08, "weightedAverageShsOut": 341687000, "weightedAverageShsOutDil": 358497000, "link": "https://www.sec.gov/Archives/edgar/data/1002047/000089161803004644/0000891618-03-004644-index.htm", "finalLink": "https://www.sec.gov/Archives/edgar/data/1002047/000089161803004644/f92807e10vq.htm"}, {"date": "2003-04-25", "symbol": "NTAP", "fillingDate": "2003-06-25", "acceptedDate": "2003-06-25 17:17:27", "period": "FY", "revenue": 241605000, "costOfRevenue": 197372000, "grossProfit": 44233000, "grossProfitRatio": 0.18307982036795595, "researchAndDevelopmentExpenses": 28333000, "generalAndAdministrativeExpenses": 10419000, "sellingAndMarketingExpenses": 79158000, "otherExpenses": -3578000.0, "operatingExpenses": 114332000, "costAndExpenses": 311704000, "interestExpense": 0.0, "depreciationAndAmortization": 13009000, "ebitda": 41596000, "ebitdaratio": 0.172165311148362, "operatingIncome": 28587000, "operatingIncomeRatio": 0.11832122679580306, "totalOtherIncomeExpensesNet": -462000.0, "incomeBeforeTax": 30738000, "incomeBeforeTaxRatio": 0.1272241882411374, "incomeTaxExpense": 5915000.0, "netIncome": 24823000, "netIncomeRatio": 0.10274207901326546, "eps": 0.23, "epsdiluted": 0.22, "weightedAverageShsOut": 337647000, "weightedAverageShsOutDil": 350122000, "link": "https://www.sec.gov/Archives/edgar/data/1002047/000089161803003272/0000891618-03-003272-index.htm", "finalLink": "https://www.sec.gov/Archives/edgar/data/1002047/000089161803003272/f91038e10vk.htm"}, {"date": "2003-01-24", "symbol": "NTAP", "fillingDate": "2003-02-26", "acceptedDate": "2003-02-25 21:44:43", "period": "Q3", "revenue": 491919000, "costOfRevenue": 176824000, "grossProfit": 315095000, "grossProfitRatio": 0.6405424470288807, "researchAndDevelopmentExpenses": 28289000, "generalAndAdministrativeExpenses": 9833000.0, "sellingAndMarketingExpenses": 76969000, "otherExpenses": 3859000.0, "operatingExpenses": 118950000, "costAndExpenses": 295774000, "interestExpense": 0.0, "depreciationAndAmortization": 14137000, "ebitda": 35239000, "ebitdaratio": 0.0716357774349029, "operatingIncome": 21102000, "operatingIncomeRatio": 0.04289730626383612, "totalOtherIncomeExpensesNet": 270000.0, "incomeBeforeTax": 24440000, "incomeBeforeTaxRatio": 0.04968297626235214, "incomeTaxExpense": 4769000.0, "netIncome": 19671000, "netIncomeRatio": 0.039988290755185306, "eps": 0.15, "epsdiluted": 0.15, "weightedAverageShsOut": 336911000, "weightedAverageShsOutDil": 349449000, "link": "https://www.sec.gov/Archives/edgar/data/1002047/000089161803001035/0000891618-03-001035-index.htm", "finalLink": "https://www.sec.gov/Archives/edgar/data/1002047/000089161803001035/f87930e10vq.htm"}, {"date": "2002-10-25", "symbol": "NTAP", "fillingDate": "2002-12-09", "acceptedDate": "2002-12-09 17:11:45", "period": "Q2", "revenue": 158544000, "costOfRevenue": 317088000, "grossProfit": -158544000, "grossProfitRatio": -1.0, "researchAndDevelopmentExpenses": 56241000, "generalAndAdministrativeExpenses": 16570000, "sellingAndMarketingExpenses": 148109000, "otherExpenses": 4618000.0, "operatingExpenses": 225538000, "costAndExpenses": 542626000, "interestExpense": 0.0, "depreciationAndAmortization": 13188000, "ebitda": 51105000, "ebitdaratio": 0.32233953981229185, "operatingIncome": 37917000, "operatingIncomeRatio": 0.23915758401453224, "totalOtherIncomeExpensesNet": -1189000.0, "incomeBeforeTax": 42637000, "incomeBeforeTaxRatio": 0.2689284993440307, "incomeTaxExpense": 10659000, "netIncome": 31978000, "netIncomeRatio": 0.2016979513573519, "eps": 0.1, "epsdiluted": 0.09, "weightedAverageShsOut": 336194000, "weightedAverageShsOutDil": 348616000, "link": "https://www.sec.gov/Archives/edgar/data/1002047/000089161802005459/0000891618-02-005459-index.htm", "finalLink": "https://www.sec.gov/Archives/edgar/data/1002047/000089161802005459/f86254e10vq.htm"}, {"date": "2002-07-26", "symbol": "NTAP", "fillingDate": "2002-08-29", "acceptedDate": "2002-08-29 17:22:12", "period": "Q1", "revenue": 206828000, "costOfRevenue": 155454000, "grossProfit": 51374000, "grossProfitRatio": 0.24838996654224765, "researchAndDevelopmentExpenses": 27868000, "generalAndAdministrativeExpenses": 7438000.0, "sellingAndMarketingExpenses": 71902000, "otherExpenses": 2369000.0, "operatingExpenses": 109577000, "costAndExpenses": 265031000, "interestExpense": 0.0, "depreciationAndAmortization": 11599000, "ebitda": 31123000, "ebitdaratio": 0.15047769160848629, "operatingIncome": 19524000, "operatingIncomeRatio": 0.09439727696443422, "totalOtherIncomeExpensesNet": -1000000.0, "incomeBeforeTax": 21553000, "incomeBeforeTaxRatio": 0.10420736070551376, "incomeTaxExpense": 5388000.0, "netIncome": 16165000, "netIncomeRatio": 0.07815672926296247, "eps": 0.05, "epsdiluted": 0.05, "weightedAverageShsOut": 335783000, "weightedAverageShsOutDil": 350122000, "link": "https://www.sec.gov/Archives/edgar/data/1002047/000089161802004142/0000891618-02-004142-index.htm", "finalLink": "https://www.sec.gov/Archives/edgar/data/1002047/000089161802004142/f84152e10vq.htm"}]