[{"date": "2020-03-28", "symbol": "MXIM", "fillingDate": "2020-04-29", "acceptedDate": "2020-04-29 17:23:41", "period": "Q3", "revenue": 561916000, "costOfRevenue": 195479000, "grossProfit": 366437000, "grossProfitRatio": 0.6521206016557635, "researchAndDevelopmentExpenses": 109091000, "generalAndAdministrativeExpenses": 71643000, "sellingAndMarketingExpenses": 0.0, "otherExpenses": 2356000.0, "operatingExpenses": 183090000, "costAndExpenses": 378569000, "interestExpense": 9300000.0, "depreciationAndAmortization": 24141000, "ebitda": 207488000, "ebitdaratio": 0.369250920066, "operatingIncome": 183347000, "operatingIncomeRatio": 0.326288982695, "totalOtherIncomeExpensesNet": 1077000.0, "incomeBeforeTax": 181725000, "incomeBeforeTaxRatio": 0.323402430256, "incomeTaxExpense": 20500000, "netIncome": 161190000, "netIncomeRatio": 0.286857822166, "eps": 0.6, "epsdiluted": 0.6, "weightedAverageShsOut": 270241000, "weightedAverageShsOutDil": 273187000, "link": "https://www.sec.gov/Archives/edgar/data/743316/000074331620000015/0000743316-20-000015-index.htm", "finalLink": "https://www.sec.gov/Archives/edgar/data/743316/000074331620000015/maximq32010-q.htm"}, {"date": "2019-12-28", "symbol": "MXIM", "fillingDate": "2020-01-29", "acceptedDate": "2020-01-29 16:07:50", "period": "Q2", "revenue": 551070000, "costOfRevenue": 190546000, "grossProfit": 360524000, "grossProfitRatio": 0.6542254160088555, "researchAndDevelopmentExpenses": 111914000, "generalAndAdministrativeExpenses": 76071000, "sellingAndMarketingExpenses": 0.0, "otherExpenses": 3483000.0, "operatingExpenses": 191468000, "costAndExpenses": 382014000, "interestExpense": 9300000.0, "depreciationAndAmortization": 24087000, "ebitda": 193143000, "ebitdaratio": 0.350487233927, "operatingIncome": 169056000, "operatingIncomeRatio": 0.306777723338, "totalOtherIncomeExpensesNet": -1000.0, "incomeBeforeTax": 169039000, "incomeBeforeTaxRatio": 0.306746874263, "incomeTaxExpense": 23023000, "netIncome": 146050000, "netIncomeRatio": 0.265029851017, "eps": 0.54, "epsdiluted": 0.53, "weightedAverageShsOut": 270859000, "weightedAverageShsOutDil": 273884000, "link": "https://www.sec.gov/Archives/edgar/data/743316/000074331620000008/0000743316-20-000008-index.htm", "finalLink": "https://www.sec.gov/Archives/edgar/data/743316/000074331620000008/maximq22010-q.htm"}, {"date": "2019-09-28", "symbol": "MXIM", "fillingDate": "2019-10-30", "acceptedDate": "2019-10-30 16:03:57", "period": "Q1", "revenue": 533040000, "costOfRevenue": 189717000, "grossProfit": 343323000, "grossProfitRatio": 0.6440848716794236, "researchAndDevelopmentExpenses": 108989000, "generalAndAdministrativeExpenses": 76115000, "sellingAndMarketingExpenses": 0.0, "otherExpenses": 2215000.0, "operatingExpenses": 187319000, "costAndExpenses": 377036000, "interestExpense": 9300000.0, "depreciationAndAmortization": 23921000, "ebitda": 179925000, "ebitdaratio": 0.337545024764, "operatingIncome": 156004000, "operatingIncomeRatio": 0.292668467657, "totalOtherIncomeExpensesNet": 25000.0, "incomeBeforeTax": 157833000, "incomeBeforeTaxRatio": 0.296099729851, "incomeTaxExpense": 17677000, "netIncome": 140156000, "netIncomeRatio": 0.262937115413, "eps": 0.52, "epsdiluted": 0.51, "weightedAverageShsOut": 271388000, "weightedAverageShsOutDil": 274436000, "link": "https://www.sec.gov/Archives/edgar/data/743316/000074331619000041/0000743316-19-000041-index.htm", "finalLink": "https://www.sec.gov/Archives/edgar/data/743316/000074331619000041/maximq12010-q.htm"}, {"date": "2019-06-29", "symbol": "MXIM", "fillingDate": "2019-08-21", "acceptedDate": "2019-08-21 17:25:03", "period": "FY", "revenue": 556545000, "costOfRevenue": 200154000, "grossProfit": 356391000, "grossProfitRatio": 0.6403633129396544, "researchAndDevelopmentExpenses": 105136000, "generalAndAdministrativeExpenses": 75130000, "sellingAndMarketingExpenses": 0.0, "otherExpenses": 2554000.0, "operatingExpenses": 182820000, "costAndExpenses": 382974000, "interestExpense": 9643000.0, "depreciationAndAmortization": 25569000, "ebitda": 199140000, "ebitdaratio": 0.357814731962, "operatingIncome": 173571000, "operatingIncomeRatio": 0.311872355335, "totalOtherIncomeExpensesNet": 83000.0, "incomeBeforeTax": 177650000, "incomeBeforeTaxRatio": 0.319201502125, "incomeTaxExpense": -189908000, "netIncome": 367558000, "netIncomeRatio": 0.660428177416, "eps": 1.34, "epsdiluted": 1.33, "weightedAverageShsOut": 274966000, "weightedAverageShsOutDil": 278777000, "link": "https://www.sec.gov/Archives/edgar/data/743316/000074331619000024/0000743316-19-000024-index.htm", "finalLink": "https://www.sec.gov/Archives/edgar/data/743316/000074331619000024/maxim10-kfy2019.htm"}, {"date": "2019-03-30", "symbol": "MXIM", "fillingDate": "2019-05-01", "acceptedDate": "2019-05-01 16:05:52", "period": "Q3", "revenue": 542383000, "costOfRevenue": 201552000, "grossProfit": 340831000, "grossProfitRatio": 0.6283954327477078, "researchAndDevelopmentExpenses": 107075000, "generalAndAdministrativeExpenses": 74115000, "sellingAndMarketingExpenses": 0.0, "otherExpenses": 2500000.0, "operatingExpenses": 183690000, "costAndExpenses": 385242000, "interestExpense": 9300000.0, "depreciationAndAmortization": 27182000, "ebitda": 184323000, "ebitdaratio": 0.339839191125, "operatingIncome": 157141000, "operatingIncomeRatio": 0.289723313599, "totalOtherIncomeExpensesNet": 0.0, "incomeBeforeTax": 160459000, "incomeBeforeTaxRatio": 0.295840761971, "incomeTaxExpense": 29846000, "netIncome": 130613000, "netIncomeRatio": 0.240813226078, "eps": 0.48, "epsdiluted": 0.47, "weightedAverageShsOut": 275831000, "weightedAverageShsOutDil": 279680000, "link": "https://www.sec.gov/Archives/edgar/data/743316/000074331619000013/0000743316-19-000013-index.htm", "finalLink": "https://www.sec.gov/Archives/edgar/data/743316/000074331619000013/maximq31910-q.htm"}, {"date": "2018-12-29", "symbol": "MXIM", "fillingDate": "2019-02-01", "acceptedDate": "2019-02-01 16:10:31", "period": "Q2", "revenue": 576906000, "costOfRevenue": 203858000, "grossProfit": 373048000, "grossProfitRatio": 0.6466356737492763, "researchAndDevelopmentExpenses": 110303000, "generalAndAdministrativeExpenses": 77854000, "sellingAndMarketingExpenses": 0.0, "otherExpenses": 2688000.0, "operatingExpenses": 190845000, "costAndExpenses": 394703000, "interestExpense": 12000000, "depreciationAndAmortization": 26803000, "ebitda": 209006000, "ebitdaratio": 0.362287790385, "operatingIncome": 182203000, "operatingIncomeRatio": 0.315827881839, "totalOtherIncomeExpensesNet": 0.0, "incomeBeforeTax": 182675000, "incomeBeforeTaxRatio": 0.316646039389, "incomeTaxExpense": 50783000, "netIncome": 131892000, "netIncomeRatio": 0.228619567139, "eps": 0.48, "epsdiluted": 0.47, "weightedAverageShsOut": 277144000, "weightedAverageShsOutDil": 281414000, "link": "https://www.sec.gov/Archives/edgar/data/743316/000074331619000006/0000743316-19-000006-index.htm", "finalLink": "https://www.sec.gov/Archives/edgar/data/743316/000074331619000006/maximq21910-q.htm"}, {"date": "2018-09-29", "symbol": "MXIM", "fillingDate": "2018-11-01", "acceptedDate": "2018-11-01 16:41:04", "period": "Q1", "revenue": 638495000, "costOfRevenue": 208259000, "grossProfit": 430236000, "grossProfitRatio": 0.6738282993602143, "researchAndDevelopmentExpenses": 112708000, "generalAndAdministrativeExpenses": 81518000, "sellingAndMarketingExpenses": 0.0, "otherExpenses": 1827000.0, "operatingExpenses": 196053000, "costAndExpenses": 404312000, "interestExpense": 12600000, "depreciationAndAmortization": 31191000, "ebitda": 265374000, "ebitdaratio": 0.41562424138, "operatingIncome": 234183000, "operatingIncomeRatio": 0.36677342814, "totalOtherIncomeExpensesNet": 60000.0, "incomeBeforeTax": 233637000, "incomeBeforeTaxRatio": 0.365918292234, "incomeTaxExpense": 36214000, "netIncome": 197423000, "netIncomeRatio": 0.309200541899, "eps": 0.71, "epsdiluted": 0.7, "weightedAverageShsOut": 278045000, "weightedAverageShsOutDil": 282454000, "link": "https://www.sec.gov/Archives/edgar/data/743316/000074331618000038/0000743316-18-000038-index.htm", "finalLink": "https://www.sec.gov/Archives/edgar/data/743316/000074331618000038/maximq11910-q.htm"}, {"date": "2018-06-30", "symbol": "MXIM", "fillingDate": "2018-08-17", "acceptedDate": "2018-08-17 16:28:11", "period": "FY", "revenue": 633153000, "costOfRevenue": 214485000, "grossProfit": 418668000, "grossProfitRatio": 0.6612430170906558, "researchAndDevelopmentExpenses": 112057000, "generalAndAdministrativeExpenses": 82610000, "sellingAndMarketingExpenses": 0.0, "otherExpenses": 1605000.0, "operatingExpenses": 196272000, "costAndExpenses": 410757000, "interestExpense": 12615000, "depreciationAndAmortization": 35206000, "ebitda": 257602000, "ebitdaratio": 0.406855846849, "operatingIncome": 222396000, "operatingIncomeRatio": 0.351251593217, "totalOtherIncomeExpensesNet": -72000.0, "incomeBeforeTax": 223701000, "incomeBeforeTaxRatio": 0.353312706407, "incomeTaxExpense": 29529000, "netIncome": 194172000, "netIncomeRatio": 0.306674690004, "eps": 0.69, "epsdiluted": 0.69, "weightedAverageShsOut": 280979000, "weightedAverageShsOutDil": 285674000, "link": "https://www.sec.gov/Archives/edgar/data/743316/000074331618000031/0000743316-18-000031-index.htm", "finalLink": "https://www.sec.gov/Archives/edgar/data/743316/000074331618000031/maxim10-kfy2018.htm"}, {"date": "2018-03-31", "symbol": "MXIM", "fillingDate": "2018-04-27", "acceptedDate": "2018-04-27 16:26:43", "period": "Q3", "revenue": 648600000, "costOfRevenue": 224654000, "grossProfit": 423946000, "grossProfitRatio": 0.6536324390995991, "researchAndDevelopmentExpenses": 114389000, "generalAndAdministrativeExpenses": 81303000, "sellingAndMarketingExpenses": 0.0, "otherExpenses": 3416000.0, "operatingExpenses": 199108000, "costAndExpenses": 423762000, "interestExpense": 12500000, "depreciationAndAmortization": 37201000, "ebitda": 262039000, "ebitdaratio": 0.404007092199, "operatingIncome": 224838000, "operatingIncomeRatio": 0.346651248844, "totalOtherIncomeExpensesNet": 269000.0, "incomeBeforeTax": 222304000, "incomeBeforeTaxRatio": 0.342744372495, "incomeTaxExpense": 28677000, "netIncome": 193627000, "netIncomeRatio": 0.298530681468, "eps": 0.69, "epsdiluted": 0.67, "weightedAverageShsOut": 281525000, "weightedAverageShsOutDil": 286221000, "link": "https://www.sec.gov/Archives/edgar/data/743316/000074331618000021/0000743316-18-000021-index.htm", "finalLink": "https://www.sec.gov/Archives/edgar/data/743316/000074331618000021/maximq31810-q.htm"}, {"date": "2017-12-30", "symbol": "MXIM", "fillingDate": "2018-01-26", "acceptedDate": "2018-01-26 16:04:47", "period": "Q2", "revenue": 622637000, "costOfRevenue": 212961000, "grossProfit": 409676000, "grossProfitRatio": 0.6579692501409329, "researchAndDevelopmentExpenses": 115896000, "generalAndAdministrativeExpenses": 85324000, "sellingAndMarketingExpenses": 0.0, "otherExpenses": 7408000.0, "operatingExpenses": 208628000, "costAndExpenses": 421589000, "interestExpense": 12500000, "depreciationAndAmortization": 35813000, "ebitda": 236861000, "ebitdaratio": 0.380415876345, "operatingIncome": 201048000, "operatingIncomeRatio": 0.322897611289, "totalOtherIncomeExpensesNet": -960000.0, "incomeBeforeTax": 197928000, "incomeBeforeTaxRatio": 0.317886665906, "incomeTaxExpense": 272942000, "netIncome": -75014000, "netIncomeRatio": -0.12047790285511462, "eps": -0.27, "epsdiluted": -0.26, "weightedAverageShsOut": 281852000, "weightedAverageShsOutDil": 286355000, "link": "https://www.sec.gov/Archives/edgar/data/743316/000074331618000009/0000743316-18-000009-index.htm", "finalLink": "https://www.sec.gov/Archives/edgar/data/743316/000074331618000009/maximq21810-q.htm"}, {"date": "2017-09-23", "symbol": "MXIM", "fillingDate": "2017-10-20", "acceptedDate": "2017-10-20 16:52:36", "period": "Q1", "revenue": 575676000, "costOfRevenue": 201845000, "grossProfit": 373831000, "grossProfitRatio": 0.649377427580792, "researchAndDevelopmentExpenses": 108601000, "generalAndAdministrativeExpenses": 73681000, "sellingAndMarketingExpenses": 0.0, "otherExpenses": 6383000.0, "operatingExpenses": 188665000, "costAndExpenses": 390510000, "interestExpense": 12600000, "depreciationAndAmortization": 36754000, "ebitda": 221920000, "ebitdaratio": 0.385494618501, "operatingIncome": 185166000, "operatingIncomeRatio": 0.321649677944, "totalOtherIncomeExpensesNet": -844000.0, "incomeBeforeTax": 180952000, "incomeBeforeTaxRatio": 0.314329588171, "incomeTaxExpense": 26419000, "netIncome": 154533000, "netIncomeRatio": 0.268437454401, "eps": 0.55, "epsdiluted": 0.54, "weightedAverageShsOut": 282170000, "weightedAverageShsOutDil": 286437000, "link": "https://www.sec.gov/Archives/edgar/data/743316/000074331617000037/0000743316-17-000037-index.htm", "finalLink": "https://www.sec.gov/Archives/edgar/data/743316/000074331617000037/maximq11810-q.htm"}, {"date": "2017-06-24", "symbol": "MXIM", "fillingDate": "2017-08-11", "acceptedDate": "2017-08-11 16:26:13", "period": "FY", "revenue": 602005000, "costOfRevenue": 208339000, "grossProfit": 393666000, "grossProfitRatio": 0.6539248012890259, "researchAndDevelopmentExpenses": 114011000, "generalAndAdministrativeExpenses": 75129000, "sellingAndMarketingExpenses": 0.0, "otherExpenses": 5148000.0, "operatingExpenses": 194288000, "costAndExpenses": 402627000, "interestExpense": 7500000.0, "depreciationAndAmortization": 38194000, "ebitda": 237572000, "ebitdaratio": 0.394634596058, "operatingIncome": 199378000, "operatingIncomeRatio": 0.331189940283, "totalOtherIncomeExpensesNet": -1000.0, "incomeBeforeTax": 195580000, "incomeBeforeTaxRatio": 0.324881022583, "incomeTaxExpense": 32271000, "netIncome": 163309000, "netIncomeRatio": 0.271275155522, "eps": 0.58, "epsdiluted": 0.56, "weightedAverageShsOut": 283147000, "weightedAverageShsOutDil": 287974000, "link": "https://www.sec.gov/Archives/edgar/data/743316/000074331617000028/0000743316-17-000028-index.htm", "finalLink": "https://www.sec.gov/Archives/edgar/data/743316/000074331617000028/maxim10-kfy2017.htm"}, {"date": "2017-03-25", "symbol": "MXIM", "fillingDate": "2017-04-21", "acceptedDate": "2017-04-21 17:14:26", "period": "Q3", "revenue": 581216000, "costOfRevenue": 214312000, "grossProfit": 366904000, "grossProfitRatio": 0.6312696140505423, "researchAndDevelopmentExpenses": 113163000, "generalAndAdministrativeExpenses": 73987000, "sellingAndMarketingExpenses": 0.0, "otherExpenses": 1067000.0, "operatingExpenses": 188217000, "costAndExpenses": 402529000, "interestExpense": 8000000.0, "depreciationAndAmortization": 40473000, "ebitda": 214725000, "ebitdaratio": 0.369440965149, "operatingIncome": 174252000, "operatingIncomeRatio": 0.299805924131, "totalOtherIncomeExpensesNet": 1704000.0, "incomeBeforeTax": 170368000, "incomeBeforeTaxRatio": 0.293123382701, "incomeTaxExpense": 30155000, "netIncome": 140213000, "netIncomeRatio": 0.241240777955, "eps": 0.49, "epsdiluted": 0.49, "weightedAverageShsOut": 283348000, "weightedAverageShsOutDil": 288209000, "link": "https://www.sec.gov/Archives/edgar/data/743316/000074331617000015/0000743316-17-000015-index.htm", "finalLink": "https://www.sec.gov/Archives/edgar/data/743316/000074331617000015/maximq31710-q.htm"}, {"date": "2016-12-24", "symbol": "MXIM", "fillingDate": "2017-01-27", "acceptedDate": "2017-01-27 16:18:46", "period": "Q2", "revenue": 550998000, "costOfRevenue": 210820000, "grossProfit": 340178000, "grossProfitRatio": 0.6173851810714377, "researchAndDevelopmentExpenses": 114057000, "generalAndAdministrativeExpenses": 71543000, "sellingAndMarketingExpenses": 0.0, "otherExpenses": 1909000.0, "operatingExpenses": 185600000, "costAndExpenses": 396420000, "interestExpense": 9000000.0, "depreciationAndAmortization": 42140000, "ebitda": 191214000, "ebitdaratio": 0.347032112639, "operatingIncome": 149074000, "operatingIncomeRatio": 0.27055270618, "totalOtherIncomeExpensesNet": 1909000.0, "incomeBeforeTax": 148438000, "incomeBeforeTaxRatio": 0.269398437018, "incomeTaxExpense": 17961000, "netIncome": 130477000, "netIncomeRatio": 0.236801222509, "eps": 0.46, "epsdiluted": 0.45, "weightedAverageShsOut": 283464000, "weightedAverageShsOutDil": 288364000, "link": "https://www.sec.gov/Archives/edgar/data/743316/000074331617000005/0000743316-17-000005-index.htm", "finalLink": "https://www.sec.gov/Archives/edgar/data/743316/000074331617000005/maximq21710-q.htm"}, {"date": "2016-09-24", "symbol": "MXIM", "fillingDate": "2016-10-21", "acceptedDate": "2016-10-21 16:05:08", "period": "Q1", "revenue": 561396000, "costOfRevenue": 215664000, "grossProfit": 345732000, "grossProfitRatio": 0.6158433619049655, "researchAndDevelopmentExpenses": 112746000, "generalAndAdministrativeExpenses": 70852000, "sellingAndMarketingExpenses": 0.0, "otherExpenses": -28481000, "operatingExpenses": 183598000, "costAndExpenses": 399262000, "interestExpense": 9800000.0, "depreciationAndAmortization": 43485000, "ebitda": 215558000, "ebitdaratio": 0.38396782307, "operatingIncome": 172073000, "operatingIncomeRatio": 0.30650913081, "totalOtherIncomeExpensesNet": -28481000, "incomeBeforeTax": 165203000, "incomeBeforeTaxRatio": 0.294271779635, "incomeTaxExpense": 27589000, "netIncome": 137614000, "netIncomeRatio": 0.24512821609, "eps": 0.49, "epsdiluted": 0.48, "weightedAverageShsOut": 283633000, "weightedAverageShsOutDil": 288574000, "link": "https://www.sec.gov/Archives/edgar/data/743316/000074331616000092/0000743316-16-000092-index.htm", "finalLink": "https://www.sec.gov/Archives/edgar/data/743316/000074331616000092/maximq11710-q.htm"}, {"date": "2016-06-25", "symbol": "MXIM", "fillingDate": "2016-08-12", "acceptedDate": "2016-08-12 16:49:52", "period": "FY", "revenue": 566126000, "costOfRevenue": 219099000, "grossProfit": 347027000, "grossProfitRatio": 0.6129854484690688, "researchAndDevelopmentExpenses": 113491000, "generalAndAdministrativeExpenses": 71483000, "sellingAndMarketingExpenses": 0.0, "otherExpenses": 39680000, "operatingExpenses": 224654000, "costAndExpenses": 443753000, "interestExpense": 32700000, "depreciationAndAmortization": 46414000, "ebitda": 168787000, "ebitdaratio": 0.298143876098, "operatingIncome": 122373000, "operatingIncomeRatio": 0.21615859367, "totalOtherIncomeExpensesNet": -2000.0, "incomeBeforeTax": 115946000, "incomeBeforeTaxRatio": 0.204805997251, "incomeTaxExpense": 23607000, "netIncome": 92339000, "netIncomeRatio": 0.163106799546, "eps": 0.33, "epsdiluted": 0.32, "weightedAverageShsOut": 285081000, "weightedAverageShsOutDil": 289479000, "link": "https://www.sec.gov/Archives/edgar/data/743316/000074331616000081/0000743316-16-000081-index.htm", "finalLink": "https://www.sec.gov/Archives/edgar/data/743316/000074331616000081/maxim10-kfy2016.htm"}, {"date": "2016-03-26", "symbol": "MXIM", "fillingDate": "2016-04-22", "acceptedDate": "2016-04-22 16:59:49", "period": "Q3", "revenue": 555252000, "costOfRevenue": 236411000, "grossProfit": 318841000, "grossProfitRatio": 0.5742275579376571, "researchAndDevelopmentExpenses": 119178000, "generalAndAdministrativeExpenses": 71778000, "sellingAndMarketingExpenses": 0.0, "otherExpenses": -49823000, "operatingExpenses": 141133000, "costAndExpenses": 377544000, "interestExpense": 0.0, "depreciationAndAmortization": 47088000, "ebitda": 224796000, "ebitdaratio": 0.404854012232, "operatingIncome": 177708000, "operatingIncomeRatio": 0.320049274924, "totalOtherIncomeExpensesNet": -55419000, "incomeBeforeTax": 171335000, "incomeBeforeTaxRatio": 0.308571603524, "incomeTaxExpense": 31525000, "netIncome": 139810000, "netIncomeRatio": 0.251795581106, "eps": 0.49, "epsdiluted": 0.49, "weightedAverageShsOut": 285323000, "weightedAverageShsOutDil": 289648000, "link": "https://www.sec.gov/Archives/edgar/data/743316/000074331616000063/0000743316-16-000063-index.htm", "finalLink": "https://www.sec.gov/Archives/edgar/data/743316/000074331616000063/maximq31610-q.htm"}, {"date": "2015-12-26", "symbol": "MXIM", "fillingDate": "2016-01-22", "acceptedDate": "2016-01-22 17:06:36", "period": "Q2", "revenue": 510831000, "costOfRevenue": 218662000, "grossProfit": 292169000, "grossProfitRatio": 0.5719484526193594, "researchAndDevelopmentExpenses": 113100000, "generalAndAdministrativeExpenses": 73643000, "sellingAndMarketingExpenses": 0.0, "otherExpenses": 15893000, "operatingExpenses": 202636000, "costAndExpenses": 421298000, "interestExpense": 0.0, "depreciationAndAmortization": 49082000, "ebitda": 138615000, "ebitdaratio": 0.271351973549, "operatingIncome": 89533000, "operatingIncomeRatio": 0.175269316075, "totalOtherIncomeExpensesNet": -247000.0, "incomeBeforeTax": 79940000, "incomeBeforeTaxRatio": 0.156490111211, "incomeTaxExpense": 12471000, "netIncome": 67469000, "netIncomeRatio": 0.132076949128, "eps": 0.23, "epsdiluted": 0.23, "weightedAverageShsOut": 285057000, "weightedAverageShsOutDil": 285057000, "link": "https://www.sec.gov/Archives/edgar/data/743316/000074331616000051/0000743316-16-000051-index.htm", "finalLink": "https://www.sec.gov/Archives/edgar/data/743316/000074331616000051/maximq21610-q.htm"}, {"date": "2015-09-26", "symbol": "MXIM", "fillingDate": "2015-10-23", "acceptedDate": "2015-10-23 16:46:06", "period": "Q1", "revenue": 562510000, "costOfRevenue": 276159000, "grossProfit": 286351000, "grossProfitRatio": 0.5090593944996533, "researchAndDevelopmentExpenses": 121392000, "generalAndAdministrativeExpenses": 71995000, "sellingAndMarketingExpenses": 0.0, "otherExpenses": 168729000, "operatingExpenses": 362116000, "costAndExpenses": 638275000, "interestExpense": 0.0, "depreciationAndAmortization": 102053000, "ebitda": 26288000, "ebitdaratio": 0.0467333914064, "operatingIncome": 315000.0, "operatingIncomeRatio": 0.000559990044621429, "totalOtherIncomeExpensesNet": 315000.0, "incomeBeforeTax": -82167000, "incomeBeforeTaxRatio": -0.1460720698298697, "incomeTaxExpense": -10024000, "netIncome": -72143000, "netIncomeRatio": -0.12825194218769445, "eps": -0.25, "epsdiluted": -0.25, "weightedAverageShsOut": 284588000, "weightedAverageShsOutDil": 284588000, "link": "https://www.sec.gov/Archives/edgar/data/743316/000074331615000039/0000743316-15-000039-index.htm", "finalLink": "https://www.sec.gov/Archives/edgar/data/743316/000074331615000039/maximq11610-q.htm"}, {"date": "2015-06-27", "symbol": "MXIM", "fillingDate": "2015-08-18", "acceptedDate": "2015-08-17 19:18:45", "period": "FY", "revenue": 582517000, "costOfRevenue": 278816000, "grossProfit": 303701000, "grossProfitRatio": 0.5213598916426473, "researchAndDevelopmentExpenses": 121552000, "generalAndAdministrativeExpenses": 72532000, "sellingAndMarketingExpenses": 0.0, "otherExpenses": 14669000, "operatingExpenses": 208753000, "costAndExpenses": 487569000, "interestExpense": 32500000, "depreciationAndAmortization": 92639000, "ebitda": 187587000, "ebitdaratio": 0.322028369987, "operatingIncome": 94948000, "operatingIncomeRatio": 0.162996101401, "totalOtherIncomeExpensesNet": -2296000.0, "incomeBeforeTax": 123448000, "incomeBeforeTaxRatio": 0.211921712156, "incomeTaxExpense": 24789000, "netIncome": 98659000, "netIncomeRatio": 0.169366730928, "eps": 0.35, "epsdiluted": 0.34, "weightedAverageShsOut": 283675000, "weightedAverageShsOutDil": 288949000, "link": "https://www.sec.gov/Archives/edgar/data/743316/000074331615000029/0000743316-15-000029-index.htm", "finalLink": "https://www.sec.gov/Archives/edgar/data/743316/000074331615000029/maxim10-kfy2015.htm"}, {"date": "2015-03-28", "symbol": "MXIM", "fillingDate": "2015-04-24", "acceptedDate": "2015-04-24 13:51:29", "period": "Q3", "revenue": 577263000, "costOfRevenue": 261995000, "grossProfit": 315268000, "grossProfitRatio": 0.546142746027374, "researchAndDevelopmentExpenses": 123913000, "generalAndAdministrativeExpenses": 75766000, "sellingAndMarketingExpenses": 0.0, "otherExpenses": 10139000, "operatingExpenses": 209818000, "costAndExpenses": 471813000, "interestExpense": 0.0, "depreciationAndAmortization": 71439000, "ebitda": 176889000, "ebitdaratio": 0.30642705318, "operatingIncome": 105450000, "operatingIncomeRatio": 0.18267236944, "totalOtherIncomeExpensesNet": -2184000.0, "incomeBeforeTax": 99916000, "incomeBeforeTaxRatio": 0.173085751209, "incomeTaxExpense": 20483000, "netIncome": 79433000, "netIncomeRatio": 0.137602791102, "eps": 0.28, "epsdiluted": 0.27, "weightedAverageShsOut": 283499000, "weightedAverageShsOutDil": 288625000, "link": "https://www.sec.gov/Archives/edgar/data/743316/000074331615000015/0000743316-15-000015-index.htm", "finalLink": "https://www.sec.gov/Archives/edgar/data/743316/000074331615000015/maximq31510-q.htm"}, {"date": "2014-12-27", "symbol": "MXIM", "fillingDate": "2015-02-04", "acceptedDate": "2015-02-04 13:13:22", "period": "Q2", "revenue": 566809000, "costOfRevenue": 252732000, "grossProfit": 314077000, "grossProfitRatio": 0.5541143489252993, "researchAndDevelopmentExpenses": 135945000, "generalAndAdministrativeExpenses": 79778000, "sellingAndMarketingExpenses": 0.0, "otherExpenses": 162430000, "operatingExpenses": 378153000, "costAndExpenses": 630885000, "interestExpense": 0.0, "depreciationAndAmortization": 71625000, "ebitda": 7549000.0, "ebitdaratio": 0.0133184194323, "operatingIncome": 885000.0, "operatingIncomeRatio": 0.0015613725258420384, "totalOtherIncomeExpensesNet": 885000.0, "incomeBeforeTax": -71675000, "incomeBeforeTaxRatio": -0.12645353196579448, "incomeTaxExpense": 359000.0, "netIncome": -72034000, "netIncomeRatio": -0.1270869022898366, "eps": -0.25, "epsdiluted": -0.25, "weightedAverageShsOut": 283539000, "weightedAverageShsOutDil": 288876000, "link": "https://www.sec.gov/Archives/edgar/data/743316/000074331615000006/0000743316-15-000006-index.htm", "finalLink": "https://www.sec.gov/Archives/edgar/data/743316/000074331615000006/maximq21510-q.htm"}, {"date": "2014-09-27", "symbol": "MXIM", "fillingDate": "2014-10-24", "acceptedDate": "2014-10-24 16:25:35", "period": "Q1", "revenue": 580275000, "costOfRevenue": 241454000, "grossProfit": 338821000, "grossProfitRatio": 0.5838972900779803, "researchAndDevelopmentExpenses": 140362000, "generalAndAdministrativeExpenses": 79989000, "sellingAndMarketingExpenses": 0.0, "otherExpenses": 17512000, "operatingExpenses": 237863000, "costAndExpenses": 479317000, "interestExpense": 0.0, "depreciationAndAmortization": 63693000, "ebitda": 164651000, "ebitdaratio": 0.283746499505, "operatingIncome": 100958000, "operatingIncomeRatio": 0.17398302529, "totalOtherIncomeExpensesNet": 1574000.0, "incomeBeforeTax": 94481000, "incomeBeforeTaxRatio": 0.16282107621386413, "incomeTaxExpense": -5499000.0, "netIncome": 99980000, "netIncomeRatio": 0.172297617509, "eps": 0.35, "epsdiluted": 0.35, "weightedAverageShsOut": 284086000, "weightedAverageShsOutDil": 289430000, "link": "https://www.sec.gov/Archives/edgar/data/743316/000074331614000043/0000743316-14-000043-index.htm", "finalLink": "https://www.sec.gov/Archives/edgar/data/743316/000074331614000043/maximq11510-q.htm"}, {"date": "2014-06-28", "symbol": "MXIM", "fillingDate": "2014-08-18", "acceptedDate": "2014-08-15 18:42:51", "period": "FY", "revenue": 642467000, "costOfRevenue": 273507000, "grossProfit": 368960000, "grossProfitRatio": 0.574286305755782, "researchAndDevelopmentExpenses": 143802000, "generalAndAdministrativeExpenses": 83153000, "sellingAndMarketingExpenses": 0.0, "otherExpenses": 25455000, "operatingExpenses": 252410000, "costAndExpenses": 525917000, "interestExpense": 27000000, "depreciationAndAmortization": 64391000, "ebitda": 180941000, "ebitdaratio": 0.281634698747, "operatingIncome": 116550000, "operatingIncomeRatio": 0.181410095771, "totalOtherIncomeExpensesNet": 8795000.0, "incomeBeforeTax": 107607000, "incomeBeforeTaxRatio": 0.16749031467764103, "incomeTaxExpense": 22814000, "netIncome": 84793000, "netIncomeRatio": 0.131980319612, "eps": 0.3, "epsdiluted": 0.3, "weightedAverageShsOut": 283344000, "weightedAverageShsOutDil": 289108000, "link": "https://www.sec.gov/Archives/edgar/data/743316/000074331614000032/0000743316-14-000032-index.htm", "finalLink": "https://www.sec.gov/Archives/edgar/data/743316/000074331614000032/maxim10-kfy2014.htm"}, {"date": "2014-03-29", "symbol": "MXIM", "fillingDate": "2014-04-25", "acceptedDate": "2014-04-25 16:21:20", "period": "Q3", "revenue": 605681000, "costOfRevenue": 265744000, "grossProfit": 339937000, "grossProfitRatio": 0.5612475874263845, "researchAndDevelopmentExpenses": 141493000, "generalAndAdministrativeExpenses": 80680000, "sellingAndMarketingExpenses": 0.0, "otherExpenses": 11026000, "operatingExpenses": 233199000, "costAndExpenses": 498943000, "interestExpense": 0.0, "depreciationAndAmortization": 64665000, "ebitda": 171403000, "ebitdaratio": 0.282992202166, "operatingIncome": 106738000, "operatingIncomeRatio": 0.176228080458, "totalOtherIncomeExpensesNet": 2913000.0, "incomeBeforeTax": 111912000, "incomeBeforeTaxRatio": 0.184770531022, "incomeTaxExpense": -10632000, "netIncome": 122544000, "netIncomeRatio": 0.202324325841, "eps": 0.43, "epsdiluted": 0.42, "weightedAverageShsOut": 283315000, "weightedAverageShsOutDil": 289122000, "link": "https://www.sec.gov/Archives/edgar/data/743316/000074331614000023/0000743316-14-000023-index.htm", "finalLink": "https://www.sec.gov/Archives/edgar/data/743316/000074331614000023/maximq31410-q.htm"}, {"date": "2013-12-28", "symbol": "MXIM", "fillingDate": "2014-02-03", "acceptedDate": "2014-02-03 17:20:14", "period": "Q2", "revenue": 620274000, "costOfRevenue": 291602000, "grossProfit": 328672000, "grossProfitRatio": 0.5298819553939066, "researchAndDevelopmentExpenses": 142971000, "generalAndAdministrativeExpenses": 83471000, "sellingAndMarketingExpenses": 0.0, "otherExpenses": 31836000, "operatingExpenses": 258278000, "costAndExpenses": 549880000, "interestExpense": 0.0, "depreciationAndAmortization": 64404000, "ebitda": 134798000, "ebitdaratio": 0.217320087574, "operatingIncome": 70394000, "operatingIncomeRatio": 0.113488555058, "totalOtherIncomeExpensesNet": 4373000.0, "incomeBeforeTax": 64561000, "incomeBeforeTaxRatio": 0.104084646463, "incomeTaxExpense": 20208000, "netIncome": 44353000, "netIncomeRatio": 0.0715054959582, "eps": 0.16, "epsdiluted": 0.15, "weightedAverageShsOut": 283659000, "weightedAverageShsOutDil": 289371000, "link": "https://www.sec.gov/Archives/edgar/data/743316/000074331614000009/0000743316-14-000009-index.htm", "finalLink": "https://www.sec.gov/Archives/edgar/data/743316/000074331614000009/maximq21410-q.htm"}, {"date": "2013-09-28", "symbol": "MXIM", "fillingDate": "2013-10-25", "acceptedDate": "2013-10-25 17:09:06", "period": "Q1", "revenue": 585241000, "costOfRevenue": 238045000, "grossProfit": 347196000, "grossProfitRatio": 0.5932530359287883, "researchAndDevelopmentExpenses": 129902000, "generalAndAdministrativeExpenses": 77430000, "sellingAndMarketingExpenses": 0.0, "otherExpenses": 11255000, "operatingExpenses": 218587000, "costAndExpenses": 456632000, "interestExpense": 0.0, "depreciationAndAmortization": 51133000, "ebitda": 179742000, "ebitdaratio": 0.307124757151, "operatingIncome": 128609000, "operatingIncomeRatio": 0.219753913345, "totalOtherIncomeExpensesNet": 2272000.0, "incomeBeforeTax": 125146000, "incomeBeforeTaxRatio": 0.21383669291796029, "incomeTaxExpense": 22026000, "netIncome": 103120000, "netIncomeRatio": 0.17620091552, "eps": 0.36, "epsdiluted": 0.36, "weightedAverageShsOut": 284654000, "weightedAverageShsOutDil": 290260000, "link": "https://www.sec.gov/Archives/edgar/data/743316/000074331613000059/0000743316-13-000059-index.htm", "finalLink": "https://www.sec.gov/Archives/edgar/data/743316/000074331613000059/maxim_q11410-q.htm"}, {"date": "2013-06-29", "symbol": "MXIM", "fillingDate": "2013-08-13", "acceptedDate": "2013-08-12 21:43:00", "period": "FY", "revenue": 608194000, "costOfRevenue": 236795000, "grossProfit": 371399000, "grossProfitRatio": 0.6106587700634994, "researchAndDevelopmentExpenses": 132009000, "generalAndAdministrativeExpenses": 82083000, "sellingAndMarketingExpenses": 0.0, "otherExpenses": 6217000.0, "operatingExpenses": 220309000, "costAndExpenses": 457104000, "interestExpense": 0.0, "depreciationAndAmortization": 51191000, "ebitda": 202281000, "ebitdaratio": 0.332592889769, "operatingIncome": 151090000, "operatingIncomeRatio": 0.248424022598, "totalOtherIncomeExpensesNet": 2105000.0, "incomeBeforeTax": 144259000, "incomeBeforeTaxRatio": 0.237192409001, "incomeTaxExpense": 25245000, "netIncome": 119014000, "netIncomeRatio": 0.195684271795, "eps": 0.41, "epsdiluted": 0.4, "weightedAverageShsOut": 291835000, "weightedAverageShsOutDil": 298596000, "link": "https://www.sec.gov/Archives/edgar/data/743316/000074331613000039/0000743316-13-000039-index.htm", "finalLink": "https://www.sec.gov/Archives/edgar/data/743316/000074331613000039/maxim10-kfy2013.htm"}, {"date": "2013-03-30", "symbol": "MXIM", "fillingDate": "2013-04-26", "acceptedDate": "2013-04-25 18:11:50", "period": "Q3", "revenue": 604884000, "costOfRevenue": 228782000, "grossProfit": 376102000, "grossProfitRatio": 0.6217754147902739, "researchAndDevelopmentExpenses": 134138000, "generalAndAdministrativeExpenses": 81954000, "sellingAndMarketingExpenses": 0.0, "otherExpenses": 5732000.0, "operatingExpenses": 221824000, "costAndExpenses": 450606000, "interestExpense": 0.0, "depreciationAndAmortization": 50391000, "ebitda": 204669000, "ebitdaratio": 0.338360743548, "operatingIncome": 154278000, "operatingIncomeRatio": 0.255053861567, "totalOtherIncomeExpensesNet": 1678000.0, "incomeBeforeTax": 154212000, "incomeBeforeTaxRatio": 0.254944749737, "incomeTaxExpense": 22824000, "netIncome": 131388000, "netIncomeRatio": 0.217211895173, "eps": 0.45, "epsdiluted": 0.44, "weightedAverageShsOut": 292048000, "weightedAverageShsOutDil": 298821000, "link": "https://www.sec.gov/Archives/edgar/data/743316/000074331613000028/0000743316-13-000028-index.htm", "finalLink": "https://www.sec.gov/Archives/edgar/data/743316/000074331613000028/maxim_q31310-q.htm"}, {"date": "2012-12-29", "symbol": "MXIM", "fillingDate": "2013-01-25", "acceptedDate": "2013-01-25 16:31:44", "period": "Q2", "revenue": 605306000, "costOfRevenue": 241931000, "grossProfit": 363375000, "grossProfitRatio": 0.6003162037052334, "researchAndDevelopmentExpenses": 135742000, "generalAndAdministrativeExpenses": 80058000, "sellingAndMarketingExpenses": 0.0, "otherExpenses": 30027000, "operatingExpenses": 245827000, "costAndExpenses": 487758000, "interestExpense": 0.0, "depreciationAndAmortization": 51880000, "ebitda": 169428000, "ebitdaratio": 0.279904709354, "operatingIncome": 117548000, "operatingIncomeRatio": 0.194195993431, "totalOtherIncomeExpensesNet": 1666000.0, "incomeBeforeTax": 114750000, "incomeBeforeTaxRatio": 0.189573538012, "incomeTaxExpense": 38128000, "netIncome": 76622000, "netIncomeRatio": 0.126583909626, "eps": 0.26, "epsdiluted": 0.25, "weightedAverageShsOut": 292143000, "weightedAverageShsOutDil": 298704000, "link": "https://www.sec.gov/Archives/edgar/data/743316/000074331613000010/0000743316-13-000010-index.htm", "finalLink": "https://www.sec.gov/Archives/edgar/data/743316/000074331613000010/maxim_q21310-q.htm"}, {"date": "2012-09-29", "symbol": "MXIM", "fillingDate": "2012-10-26", "acceptedDate": "2012-10-26 17:10:50", "period": "Q1", "revenue": 623075000, "costOfRevenue": 237384000, "grossProfit": 385691000, "grossProfitRatio": 0.6190121574449304, "researchAndDevelopmentExpenses": 132930000, "generalAndAdministrativeExpenses": 80187000, "sellingAndMarketingExpenses": 0.0, "otherExpenses": 7171000.0, "operatingExpenses": 220288000, "costAndExpenses": 457672000, "interestExpense": 0.0, "depreciationAndAmortization": 53674000, "ebitda": 219077000, "ebitdaratio": 0.351606146933, "operatingIncome": 165403000, "operatingIncomeRatio": 0.265462424267, "totalOtherIncomeExpensesNet": 415000.0, "incomeBeforeTax": 159661000, "incomeBeforeTaxRatio": 0.256246840268, "incomeTaxExpense": 31773000, "netIncome": 127888000, "netIncomeRatio": 0.205252979176, "eps": 0.44, "epsdiluted": 0.43, "weightedAverageShsOut": 292213000, "weightedAverageShsOutDil": 298782000, "link": "https://www.sec.gov/Archives/edgar/data/743316/000074331612000036/0000743316-12-000036-index.htm", "finalLink": "https://www.sec.gov/Archives/edgar/data/743316/000074331612000036/maxim_q11310-q.htm"}, {"date": "2012-06-30", "symbol": "MXIM", "fillingDate": "2012-08-17", "acceptedDate": "2012-08-17 16:08:20", "period": "FY", "revenue": 604956000, "costOfRevenue": 232967000, "grossProfit": 371989000, "grossProfitRatio": 0.6149025714266823, "researchAndDevelopmentExpenses": 134007000, "generalAndAdministrativeExpenses": 79980000, "sellingAndMarketingExpenses": 0.0, "otherExpenses": 21981000, "operatingExpenses": 235968000, "costAndExpenses": 468935000, "interestExpense": 0.0, "depreciationAndAmortization": 53554000, "ebitda": 189575000, "ebitdaratio": 0.313369897976, "operatingIncome": 136021000, "operatingIncomeRatio": 0.224844451497, "totalOtherIncomeExpensesNet": -4469000.0, "incomeBeforeTax": 135913000, "incomeBeforeTaxRatio": 0.224665926117, "incomeTaxExpense": 25279000, "netIncome": 110634000, "netIncomeRatio": 0.182879416024, "eps": 0.38, "epsdiluted": 0.37, "weightedAverageShsOut": 292810000, "weightedAverageShsOutDil": 300002000, "link": "https://www.sec.gov/Archives/edgar/data/743316/000074331612000022/0000743316-12-000022-index.htm", "finalLink": "https://www.sec.gov/Archives/edgar/data/743316/000074331612000022/maxim10-k063012.htm"}, {"date": "2012-03-31", "symbol": "MXIM", "fillingDate": "2012-04-27", "acceptedDate": "2012-04-27 16:07:18", "period": "Q3", "revenue": 571212000, "costOfRevenue": 235782000, "grossProfit": 335430000, "grossProfitRatio": 0.5872250582970946, "researchAndDevelopmentExpenses": 136075000, "generalAndAdministrativeExpenses": 78011000, "sellingAndMarketingExpenses": 0.0, "otherExpenses": 9458000.0, "operatingExpenses": 223544000, "costAndExpenses": 459326000, "interestExpense": 0.0, "depreciationAndAmortization": 53476000, "ebitda": 165362000, "ebitdaratio": 0.28949321793, "operatingIncome": 111886000, "operatingIncomeRatio": 0.195874736525, "totalOtherIncomeExpensesNet": -2511000.0, "incomeBeforeTax": 111656000, "incomeBeforeTaxRatio": 0.19547208392, "incomeTaxExpense": 88948000, "netIncome": 54517000, "netIncomeRatio": 0.0954409221095, "eps": 0.18, "epsdiluted": 0.18, "weightedAverageShsOut": 292829000, "weightedAverageShsOutDil": 300113000, "link": "https://www.sec.gov/Archives/edgar/data/743316/000074331612000015/0000743316-12-000015-index.htm", "finalLink": "https://www.sec.gov/Archives/edgar/data/743316/000074331612000015/maxim_q31210-q.htm"}, {"date": "2011-12-31", "symbol": "MXIM", "fillingDate": "2012-01-30", "acceptedDate": "2012-01-27 18:42:52", "period": "Q2", "revenue": 591359000, "costOfRevenue": 243399000, "grossProfit": 347960000, "grossProfitRatio": 0.5884073802884542, "researchAndDevelopmentExpenses": 142084000, "generalAndAdministrativeExpenses": 80826000, "sellingAndMarketingExpenses": 0.0, "otherExpenses": 10540000, "operatingExpenses": 233450000, "costAndExpenses": 476849000, "interestExpense": 0.0, "depreciationAndAmortization": 51995000, "ebitda": 166505000, "ebitdaratio": 0.281563314332, "operatingIncome": 114510000, "operatingIncomeRatio": 0.193638720304, "totalOtherIncomeExpensesNet": 155000.0, "incomeBeforeTax": 116884000, "incomeBeforeTaxRatio": 0.1976532022, "incomeTaxExpense": 28754000, "netIncome": 88130000, "netIncomeRatio": 0.149029608072, "eps": 0.31, "epsdiluted": 0.3, "weightedAverageShsOut": 293098000, "weightedAverageShsOutDil": 300083000, "link": "https://www.sec.gov/Archives/edgar/data/743316/000144530512000164/0001445305-12-000164-index.htm", "finalLink": "https://www.sec.gov/Archives/edgar/data/743316/000144530512000164/maxim_q21210-q.htm"}, {"date": "2011-09-24", "symbol": "MXIM", "fillingDate": "2011-10-26", "acceptedDate": "2011-10-26 17:27:18", "period": "Q1", "revenue": 636002000, "costOfRevenue": 240529000, "grossProfit": 395473000, "grossProfitRatio": 0.6218109377014538, "researchAndDevelopmentExpenses": 140213000, "generalAndAdministrativeExpenses": 82456000, "sellingAndMarketingExpenses": 0.0, "otherExpenses": 424000.0, "operatingExpenses": 223093000, "costAndExpenses": 463622000, "interestExpense": 0.0, "depreciationAndAmortization": 52071000, "ebitda": 224451000, "ebitdaratio": 0.352909267581, "operatingIncome": 172380000, "operatingIncomeRatio": 0.271036883532, "totalOtherIncomeExpensesNet": -4389000.0, "incomeBeforeTax": 168280000, "incomeBeforeTaxRatio": 0.264590362923, "incomeTaxExpense": 34834000, "netIncome": 133446000, "netIncomeRatio": 0.209820094905, "eps": 0.45, "epsdiluted": 0.44, "weightedAverageShsOut": 294475000, "weightedAverageShsOutDil": 301076000, "link": "https://www.sec.gov/Archives/edgar/data/743316/000144530511003070/0001445305-11-003070-index.htm", "finalLink": "https://www.sec.gov/Archives/edgar/data/743316/000144530511003070/maxim_q11210-q.htm"}, {"date": "2011-06-25", "symbol": "MXIM", "fillingDate": "2011-08-08", "acceptedDate": "2011-08-05 20:58:22", "period": "FY", "revenue": 626491000, "costOfRevenue": 235666000, "grossProfit": 390825000, "grossProfitRatio": 0.6238317868891972, "researchAndDevelopmentExpenses": 136573000, "generalAndAdministrativeExpenses": 74537000, "sellingAndMarketingExpenses": 0.0, "otherExpenses": 1793000.0, "operatingExpenses": 212903000, "costAndExpenses": 448569000, "interestExpense": 0.0, "depreciationAndAmortization": 50016000, "ebitda": 227938000, "ebitdaratio": 0.363832840376, "operatingIncome": 177922000, "operatingIncomeRatio": 0.283997695099, "totalOtherIncomeExpensesNet": -32476000, "incomeBeforeTax": 175900000, "incomeBeforeTaxRatio": 0.280770194624, "incomeTaxExpense": 50307000, "netIncome": 125593000, "netIncomeRatio": 0.200470557438, "eps": 0.43, "epsdiluted": 0.41, "weightedAverageShsOut": 296755000, "weightedAverageShsOutDil": 303377000, "link": "https://www.sec.gov/Archives/edgar/data/743316/000144530511002404/0001445305-11-002404-index.htm", "finalLink": "https://www.sec.gov/Archives/edgar/data/743316/000144530511002404/maxim10-k062511.htm"}, {"date": "2011-03-26", "symbol": "MXIM", "fillingDate": "2011-04-28", "acceptedDate": "2011-04-28 17:30:23", "period": "Q3", "revenue": 606775000, "costOfRevenue": 234125000, "grossProfit": 372650000, "grossProfitRatio": 0.6141485723703185, "researchAndDevelopmentExpenses": 130955000, "generalAndAdministrativeExpenses": 73617000, "sellingAndMarketingExpenses": 0.0, "otherExpenses": 4083000.0, "operatingExpenses": 208655000, "costAndExpenses": 442780000, "interestExpense": 0.0, "depreciationAndAmortization": 50684000, "ebitda": 214679000, "ebitdaratio": 0.353803304355, "operatingIncome": 163995000, "operatingIncomeRatio": 0.270273165506, "totalOtherIncomeExpensesNet": -25000.0, "incomeBeforeTax": 162425000, "incomeBeforeTaxRatio": 0.267685715463, "incomeTaxExpense": 26149000, "netIncome": 136276000, "netIncomeRatio": 0.224590663755, "eps": 0.46, "epsdiluted": 0.45, "weightedAverageShsOut": 297090000, "weightedAverageShsOutDil": 302381000, "link": "https://www.sec.gov/Archives/edgar/data/743316/000144530511000751/0001445305-11-000751-index.htm", "finalLink": "https://www.sec.gov/Archives/edgar/data/743316/000144530511000751/maximq31110q.htm"}, {"date": "2010-12-25", "symbol": "MXIM", "fillingDate": "2011-01-24", "acceptedDate": "2011-01-21 18:52:56", "period": "Q2", "revenue": 612936000, "costOfRevenue": 232661000, "grossProfit": 380275000, "grossProfitRatio": 0.6204155083075558, "researchAndDevelopmentExpenses": 130001000, "generalAndAdministrativeExpenses": 72240000, "sellingAndMarketingExpenses": 0.0, "otherExpenses": 26035000, "operatingExpenses": 228276000, "costAndExpenses": 460937000, "interestExpense": 0.0, "depreciationAndAmortization": 52228000, "ebitda": 204227000, "ebitdaratio": 0.333194656538, "operatingIncome": 151999000, "operatingIncomeRatio": 0.247985107744, "totalOtherIncomeExpensesNet": 21100000, "incomeBeforeTax": 147899000, "incomeBeforeTaxRatio": 0.241295991751, "incomeTaxExpense": 38309000, "netIncome": 109590000, "netIncomeRatio": 0.178795176005, "eps": 0.37, "epsdiluted": 0.36, "weightedAverageShsOut": 297329000, "weightedAverageShsOutDil": 301867000, "link": "https://www.sec.gov/Archives/edgar/data/743316/000144530511000110/0001445305-11-000110-index.htm", "finalLink": "https://www.sec.gov/Archives/edgar/data/743316/000144530511000110/maximq21110q.htm"}, {"date": "2010-09-25", "symbol": "MXIM", "fillingDate": "2010-11-02", "acceptedDate": "2010-11-01 21:37:55", "period": "Q1", "revenue": 626139000, "costOfRevenue": 239925000, "grossProfit": 386214000, "grossProfitRatio": 0.6168183103112888, "researchAndDevelopmentExpenses": 127779000, "generalAndAdministrativeExpenses": 72100000, "sellingAndMarketingExpenses": 0.0, "otherExpenses": 7212000.0, "operatingExpenses": 207091000, "costAndExpenses": 447016000, "interestExpense": 0.0, "depreciationAndAmortization": 52134000, "ebitda": 231257000, "ebitdaratio": 0.369338118213, "operatingIncome": 179123000, "operatingIncomeRatio": 0.286075456089, "totalOtherIncomeExpensesNet": 33000.0, "incomeBeforeTax": 175447000, "incomeBeforeTaxRatio": 0.280204555219, "incomeTaxExpense": 57897000, "netIncome": 117550000, "netIncomeRatio": 0.187737866512, "eps": 0.39, "epsdiluted": 0.39, "weightedAverageShsOut": 298216000, "weightedAverageShsOutDil": 301688000, "link": "https://www.sec.gov/Archives/edgar/data/743316/000144530510001199/0001445305-10-001199-index.htm", "finalLink": "https://www.sec.gov/Archives/edgar/data/743316/000144530510001199/maxim10q092510.htm"}, {"date": "2010-06-26", "symbol": "MXIM", "fillingDate": "2010-08-19", "acceptedDate": "2010-08-18 20:46:35", "period": "FY", "revenue": 565962000, "costOfRevenue": 213217000, "grossProfit": 352745000, "grossProfitRatio": 0.6232662263544195, "researchAndDevelopmentExpenses": 122492000, "generalAndAdministrativeExpenses": 62903000, "sellingAndMarketingExpenses": 0.0, "otherExpenses": 14470000, "operatingExpenses": 199865000, "costAndExpenses": 413082000, "interestExpense": 0.0, "depreciationAndAmortization": 50385000, "ebitda": 191468000, "ebitdaratio": 0.33830539859566544, "operatingIncome": 141083000, "operatingIncomeRatio": 0.24927998699559334, "totalOtherIncomeExpensesNet": 1838000.0, "incomeBeforeTax": 142921000, "incomeBeforeTaxRatio": 0.2525275548535061, "incomeTaxExpense": 84466000, "netIncome": 58455000, "netIncomeRatio": 0.10328431944194133, "eps": 0.41, "epsdiluted": 0.41, "weightedAverageShsOut": 304579000, "weightedAverageShsOutDil": 310016000, "link": "https://www.sec.gov/Archives/edgar/data/743316/000144530510000890/0001445305-10-000890-index.htm", "finalLink": "https://www.sec.gov/Archives/edgar/data/743316/000144530510000890/maxim10k062610.htm"}, {"date": "2010-03-27", "symbol": "MXIM", "fillingDate": "2010-05-05", "acceptedDate": "2010-05-05 17:11:44", "period": "Q3", "revenue": 508880000, "costOfRevenue": 201248000, "grossProfit": 307632000, "grossProfitRatio": 0.6045275900015721, "researchAndDevelopmentExpenses": 117100000, "generalAndAdministrativeExpenses": 62943000, "sellingAndMarketingExpenses": 0.0, "otherExpenses": 185714000, "operatingExpenses": 356964000, "costAndExpenses": 558212000, "interestExpense": 0.0, "depreciationAndAmortization": 40810000, "ebitda": -7451000.0, "ebitdaratio": -0.014641958811507625, "operatingIncome": -48261000, "operatingIncomeRatio": -0.09483768275428392, "totalOtherIncomeExpensesNet": 644000.0, "incomeBeforeTax": -47617000, "incomeBeforeTaxRatio": -0.09357215846565005, "incomeTaxExpense": -13714000, "netIncome": -33903000, "netIncomeRatio": -0.06662277943719541, "eps": 0.22, "epsdiluted": 0.21, "weightedAverageShsOut": 305375000, "weightedAverageShsOutDil": 310702000, "link": "https://www.sec.gov/Archives/edgar/data/743316/000144530510000432/0001445305-10-000432-index.htm", "finalLink": "https://www.sec.gov/Archives/edgar/data/743316/000144530510000432/maxim10q032710.htm"}, {"date": "2009-12-26", "symbol": "MXIM", "fillingDate": "2010-02-04", "acceptedDate": "2010-02-04 13:01:52", "period": "Q2", "revenue": 473515000, "costOfRevenue": 186992000, "grossProfit": 286523000, "grossProfitRatio": 0.605098043356599, "researchAndDevelopmentExpenses": 118367000, "generalAndAdministrativeExpenses": 61308000, "sellingAndMarketingExpenses": 0.0, "otherExpenses": 921000.0, "operatingExpenses": 182659000, "costAndExpenses": 369651000, "interestExpense": 0.0, "depreciationAndAmortization": 39832000, "ebitda": 148961000, "ebitdaratio": 0.31458559918904366, "operatingIncome": 109129000, "operatingIncomeRatio": 0.23046577193964288, "totalOtherIncomeExpensesNet": 3630000.0, "incomeBeforeTax": 112759000, "incomeBeforeTaxRatio": 0.23813184376418908, "incomeTaxExpense": 54124000, "netIncome": 58635000, "netIncomeRatio": 0.12382923455434358, "eps": 0.33, "epsdiluted": 0.32, "weightedAverageShsOut": 305821000, "weightedAverageShsOutDil": 310798000, "link": "https://www.sec.gov/Archives/edgar/data/743316/000144530510000053/0001445305-10-000053-index.htm", "finalLink": "https://www.sec.gov/Archives/edgar/data/743316/000144530510000053/maxim10q122609.htm"}, {"date": "2009-09-26", "symbol": "MXIM", "fillingDate": "2009-11-05", "acceptedDate": "2009-11-04 20:57:49", "period": "Q1", "revenue": 449246000, "costOfRevenue": 203080000, "grossProfit": 246166000, "grossProfitRatio": 0.547953682392275, "researchAndDevelopmentExpenses": 116693000, "generalAndAdministrativeExpenses": 54990000, "sellingAndMarketingExpenses": 0.0, "otherExpenses": -16885000, "operatingExpenses": 161528000, "costAndExpenses": 364608000, "interestExpense": 0.0, "depreciationAndAmortization": 36496000, "ebitda": 126595000, "ebitdaratio": 0.2817943843684752, "operatingIncome": 90099000, "operatingIncomeRatio": 0.20055604279169986, "totalOtherIncomeExpensesNet": 1901000.0, "incomeBeforeTax": 92000000, "incomeBeforeTaxRatio": 0.2047875774074783, "incomeTaxExpense": 50048000, "netIncome": 41952000, "netIncomeRatio": 0.0933831352978101, "eps": 0.306276, "epsdiluted": 0.312162, "weightedAverageShsOut": 306276000, "weightedAverageShsOutDil": 312162000, "link": "https://www.sec.gov/Archives/edgar/data/743316/000113626109000329/0001136261-09-000329-index.htm", "finalLink": "https://www.sec.gov/Archives/edgar/data/743316/000113626109000329/form10q.htm"}, {"date": "2009-06-27", "symbol": "MXIM", "fillingDate": "2009-08-26", "acceptedDate": "2009-08-26 16:46:23", "period": "FY", "revenue": 394471000, "costOfRevenue": 153606000, "grossProfit": 240865000, "grossProfitRatio": 0.6106025537998991, "researchAndDevelopmentExpenses": 117456000, "generalAndAdministrativeExpenses": 50643000, "sellingAndMarketingExpenses": 0.0, "otherExpenses": 851000.0, "operatingExpenses": 168950000, "costAndExpenses": 322556000, "interestExpense": 16258000, "depreciationAndAmortization": 56513000, "ebitda": 78100000, "ebitdaratio": 0.19798667075653217, "operatingIncome": 21587000, "operatingIncomeRatio": 0.05472392140360128, "totalOtherIncomeExpensesNet": 983000.0, "incomeBeforeTax": 22570000, "incomeBeforeTaxRatio": 0.05721586631209899, "incomeTaxExpense": 14472000, "netIncome": 8098000.0, "netIncomeRatio": 0.02052875876807167, "eps": 0.03, "epsdiluted": 0.03, "weightedAverageShsOut": 310805000, "weightedAverageShsOutDil": 311479000, "link": "https://www.sec.gov/Archives/edgar/data/743316/000113626109000263/0001136261-09-000263-index.htm", "finalLink": "https://www.sec.gov/Archives/edgar/data/743316/000113626109000263/form10k.htm"}, {"date": "2009-03-28", "symbol": "MXIM", "fillingDate": "2009-05-07", "acceptedDate": "2009-05-07 16:53:48", "period": "Q3", "revenue": 339665000, "costOfRevenue": 179534000, "grossProfit": 160131000, "grossProfitRatio": 0.47143803453402616, "researchAndDevelopmentExpenses": 120974000, "generalAndAdministrativeExpenses": 48760000, "sellingAndMarketingExpenses": 0.0, "otherExpenses": 14925000, "operatingExpenses": 184659000, "costAndExpenses": 364193000, "interestExpense": -16258000, "depreciationAndAmortization": 51236000, "ebitda": 34282000, "ebitdaratio": 0.10092885637319124, "operatingIncome": -16954000, "operatingIncomeRatio": -0.049913885740361826, "totalOtherIncomeExpensesNet": -228000.0, "incomeBeforeTax": -17182000, "incomeBeforeTaxRatio": -0.05058513535395169, "incomeTaxExpense": 9244000.0, "netIncome": -26426000, "netIncomeRatio": -0.07780018547686691, "eps": 0.312593, "epsdiluted": 0.31554, "weightedAverageShsOut": 312593000, "weightedAverageShsOutDil": 315540000, "link": "https://www.sec.gov/Archives/edgar/data/743316/000113626109000162/0001136261-09-000162-index.htm", "finalLink": "https://www.sec.gov/Archives/edgar/data/743316/000113626109000162/form10q.htm"}, {"date": "2008-12-27", "symbol": "MXIM", "fillingDate": "2009-02-05", "acceptedDate": "2009-02-05 16:49:43", "period": "Q2", "revenue": 410675000, "costOfRevenue": 242424000, "grossProfit": 168251000, "grossProfitRatio": 0.4096937967979546, "researchAndDevelopmentExpenses": 144283000, "generalAndAdministrativeExpenses": 64124000, "sellingAndMarketingExpenses": 0.0, "otherExpenses": 71518000, "operatingExpenses": 279925000, "costAndExpenses": 522349000, "interestExpense": 0.0, "depreciationAndAmortization": 50893000, "ebitda": -29947000, "ebitdaratio": -0.07292140987398794, "operatingIncome": -80840000, "operatingIncomeRatio": -0.19684665489742498, "totalOtherIncomeExpensesNet": 7385000.0, "incomeBeforeTax": -73455000, "incomeBeforeTaxRatio": -0.17886406525841603, "incomeTaxExpense": -34671000, "netIncome": -38784000, "netIncomeRatio": -0.09443964205271808, "eps": 0.316635, "epsdiluted": 0.318725, "weightedAverageShsOut": 316635000, "weightedAverageShsOutDil": 318725000, "link": "https://www.sec.gov/Archives/edgar/data/743316/000113626109000069/0001136261-09-000069-index.htm", "finalLink": "https://www.sec.gov/Archives/edgar/data/743316/000113626109000069/form10q.htm"}, {"date": "2008-09-27", "symbol": "MXIM", "fillingDate": "2008-11-06", "acceptedDate": "2008-11-06 15:16:11", "period": "Q1", "revenue": 501204000, "costOfRevenue": 221574000, "grossProfit": 279630000, "grossProfitRatio": 0.5579165369789547, "researchAndDevelopmentExpenses": 138915000, "generalAndAdministrativeExpenses": 40243000, "sellingAndMarketingExpenses": 0.0, "otherExpenses": 18807000, "operatingExpenses": 197965000, "costAndExpenses": 419539000, "interestExpense": 0.0, "depreciationAndAmortization": 46781000, "ebitda": 140366000, "ebitdaratio": 0.28005762124803474, "operatingIncome": 93585000, "operatingIncomeRatio": 0.18672037733138602, "totalOtherIncomeExpensesNet": 9101000.0, "incomeBeforeTax": 102686000, "incomeBeforeTaxRatio": 0.20487865220548918, "incomeTaxExpense": 35119000, "netIncome": 67567000, "netIncomeRatio": 0.13480937901533108, "eps": 0.320553, "epsdiluted": 0.323815, "weightedAverageShsOut": 320553000, "weightedAverageShsOutDil": 323815000, "link": "https://www.sec.gov/Archives/edgar/data/743316/000113626108000199/0001136261-08-000199-index.htm", "finalLink": "https://www.sec.gov/Archives/edgar/data/743316/000113626108000199/form10q.htm"}, {"date": "2008-06-28", "symbol": "MXIM", "fillingDate": "2008-09-30", "acceptedDate": "2008-09-30 16:25:26", "period": "FY", "revenue": 501267000, "costOfRevenue": 200857000, "grossProfit": 300410000, "grossProfitRatio": 0.5993013703275899, "researchAndDevelopmentExpenses": 145047000, "generalAndAdministrativeExpenses": 60484000, "sellingAndMarketingExpenses": 0.0, "otherExpenses": 0.0, "operatingExpenses": 205531000, "costAndExpenses": 406388000, "interestExpense": 0.0, "depreciationAndAmortization": 50731000, "ebitda": 145610000, "ebitdaratio": 0.29048391376252575, "operatingIncome": 94879000, "operatingIncomeRatio": 0.1892783686139323, "totalOtherIncomeExpensesNet": 5832000.0, "incomeBeforeTax": 100711000, "incomeBeforeTaxRatio": 0.2009128867449882, "incomeTaxExpense": 34664000, "netIncome": 66047000, "netIncomeRatio": 0.13176011985628416, "eps": 0.99, "epsdiluted": 0.99, "weightedAverageShsOut": 320553000, "weightedAverageShsOutDil": 325846000, "link": "https://www.sec.gov/Archives/edgar/data/743316/000119312508203957/0001193125-08-203957-index.htm", "finalLink": "https://www.sec.gov/Archives/edgar/data/743316/000119312508203957/d10k.htm"}, {"date": "2008-03-29", "symbol": "MXIM", "fillingDate": "2008-09-30", "acceptedDate": "2008-09-30 16:23:33", "period": "Q3", "revenue": 487410000, "costOfRevenue": 202614000, "grossProfit": 284796000, "grossProfitRatio": 0.584304794731335, "researchAndDevelopmentExpenses": 143289000, "generalAndAdministrativeExpenses": 60449000, "sellingAndMarketingExpenses": 0.0, "otherExpenses": 0.0, "operatingExpenses": 203738000, "costAndExpenses": 406352000, "interestExpense": 0.0, "depreciationAndAmortization": 46352000, "ebitda": 127410000, "ebitdaratio": 0.26140210500400074, "operatingIncome": 81058000, "operatingIncomeRatio": 0.16630352270162696, "totalOtherIncomeExpensesNet": 11615000, "incomeBeforeTax": 92673000, "incomeBeforeTaxRatio": 0.19013356311934512, "incomeTaxExpense": 31641000, "netIncome": 61032000, "netIncomeRatio": 0.12521696313165506, "eps": 0.79, "epsdiluted": 0.77, "weightedAverageShsOut": 320553000, "weightedAverageShsOutDil": 327000000, "link": "https://www.sec.gov/Archives/edgar/data/743316/000119312508203955/0001193125-08-203955-index.htm", "finalLink": "https://www.sec.gov/Archives/edgar/data/743316/000119312508203955/d10q.htm"}, {"date": "2007-12-29", "symbol": "MXIM", "fillingDate": "2008-09-30", "acceptedDate": "2008-09-30 16:22:02", "period": "Q2", "revenue": 540025000, "costOfRevenue": 204409000, "grossProfit": 335616000, "grossProfitRatio": 0.621482338780612, "researchAndDevelopmentExpenses": 138579000, "generalAndAdministrativeExpenses": 56460000, "sellingAndMarketingExpenses": 0.0, "otherExpenses": 0.0, "operatingExpenses": 195039000, "costAndExpenses": 399448000, "interestExpense": 0.0, "depreciationAndAmortization": 34479000, "ebitda": 175056000, "ebitdaratio": 0.3241627702421184, "operatingIncome": 140577000, "operatingIncomeRatio": 0.26031572612379056, "totalOtherIncomeExpensesNet": 21926000, "incomeBeforeTax": 162503000, "incomeBeforeTaxRatio": 0.3009175501134207, "incomeTaxExpense": 55483000, "netIncome": 107020000, "netIncomeRatio": 0.19817601036989027, "eps": 0.59, "epsdiluted": 0.58, "weightedAverageShsOut": 320553000, "weightedAverageShsOutDil": 327913000, "link": "https://www.sec.gov/Archives/edgar/data/743316/000119312508203951/0001193125-08-203951-index.htm", "finalLink": "https://www.sec.gov/Archives/edgar/data/743316/000119312508203951/d10q.htm"}, {"date": "2007-09-29", "symbol": "MXIM", "fillingDate": "2008-09-30", "acceptedDate": "2008-09-30 16:21:00", "period": "Q1", "revenue": 524081000, "costOfRevenue": 206515000, "grossProfit": 317566000, "grossProfitRatio": 0.6059483171494483, "researchAndDevelopmentExpenses": 150833000, "generalAndAdministrativeExpenses": 57194000, "sellingAndMarketingExpenses": 0.0, "otherExpenses": 0.0, "operatingExpenses": 208027000, "costAndExpenses": 414542000, "interestExpense": 0.0, "depreciationAndAmortization": 30345000, "ebitda": 139884000, "ebitdaratio": 0.2669129390304171, "operatingIncome": 109539000, "operatingIncomeRatio": 0.20901158408719264, "totalOtherIncomeExpensesNet": 17354000, "incomeBeforeTax": 126893000, "incomeBeforeTaxRatio": 0.24212478605406415, "incomeTaxExpense": 43267000, "netIncome": 83626000, "netIncomeRatio": 0.15956693717192572, "eps": 0.26, "epsdiluted": 0.25, "weightedAverageShsOut": 320553000, "weightedAverageShsOutDil": 328873000, "link": "https://www.sec.gov/Archives/edgar/data/743316/000119312508203949/0001193125-08-203949-index.htm", "finalLink": "https://www.sec.gov/Archives/edgar/data/743316/000119312508203949/d10q.htm"}, {"date": "2007-06-30", "symbol": "MXIM", "fillingDate": "2008-09-30", "acceptedDate": "2008-09-30 16:19:23", "period": "FY", "revenue": 532370000, "costOfRevenue": 209454000, "grossProfit": 322916000, "grossProfitRatio": 0.6065631046076977, "researchAndDevelopmentExpenses": 148526000, "generalAndAdministrativeExpenses": 51222000, "sellingAndMarketingExpenses": 0.0, "otherExpenses": 0.0, "operatingExpenses": 199748000, "costAndExpenses": 409202000, "interestExpense": 0.0, "depreciationAndAmortization": 41727000, "ebitda": 164895000, "ebitdaratio": 0.3097375885192629, "operatingIncome": 123168000, "operatingIncomeRatio": 0.23135789018915415, "totalOtherIncomeExpensesNet": 18049000, "incomeBeforeTax": 141217000, "incomeBeforeTaxRatio": 0.26526100268610175, "incomeTaxExpense": 48964000, "netIncome": 92253000, "netIncomeRatio": 0.17328737532167476, "eps": 0.89, "epsdiluted": 0.89, "weightedAverageShsOut": 320434000, "weightedAverageShsOutDil": 329883000, "link": "https://www.sec.gov/Archives/edgar/data/743316/000119312508203947/0001193125-08-203947-index.htm", "finalLink": "https://www.sec.gov/Archives/edgar/data/743316/000119312508203947/d10k.htm"}, {"date": "2007-03-24", "symbol": "MXIM", "fillingDate": "2008-09-30", "acceptedDate": "2008-09-30 16:18:15", "period": "Q3", "revenue": 476556000, "costOfRevenue": 190286000, "grossProfit": 286270000, "grossProfitRatio": 0.6007058981525781, "researchAndDevelopmentExpenses": 159434000, "generalAndAdministrativeExpenses": 40567000, "sellingAndMarketingExpenses": 0.0, "otherExpenses": 0.0, "operatingExpenses": 200001000, "costAndExpenses": 390287000, "interestExpense": 0.0, "depreciationAndAmortization": 12680000, "ebitda": 98949000, "ebitdaratio": 0.20763352050965678, "operatingIncome": 86269000, "operatingIncomeRatio": 0.1810259444850133, "totalOtherIncomeExpensesNet": 15062000, "incomeBeforeTax": 101331000, "incomeBeforeTaxRatio": 0.2126318837660212, "incomeTaxExpense": 25263000, "netIncome": 76068000, "netIncomeRatio": 0.1596202754765442, "eps": 0.61, "epsdiluted": 0.61, "weightedAverageShsOut": 320395000, "weightedAverageShsOutDil": 329575000, "link": "https://www.sec.gov/Archives/edgar/data/743316/000119312508203945/0001193125-08-203945-index.htm", "finalLink": "https://www.sec.gov/Archives/edgar/data/743316/000119312508203945/d10q.htm"}, {"date": "2006-12-23", "symbol": "MXIM", "fillingDate": "2008-09-30", "acceptedDate": "2008-09-30 16:16:00", "period": "Q2", "revenue": 497453000, "costOfRevenue": 189270000, "grossProfit": 308183000, "grossProfitRatio": 0.6195218442747356, "researchAndDevelopmentExpenses": 138344000, "generalAndAdministrativeExpenses": 42993000, "sellingAndMarketingExpenses": 0.0, "otherExpenses": 0.0, "operatingExpenses": 181337000, "costAndExpenses": 370607000, "interestExpense": 0.0, "depreciationAndAmortization": 29668000, "ebitda": 156514000, "ebitdaratio": 0.31463072893318567, "operatingIncome": 126846000, "operatingIncomeRatio": 0.2549909237656623, "totalOtherIncomeExpensesNet": 14767000, "incomeBeforeTax": 141613000, "incomeBeforeTaxRatio": 0.2846761402584767, "incomeTaxExpense": 44045000, "netIncome": 97568000, "netIncomeRatio": 0.19613511226186192, "eps": 0.37, "epsdiluted": 0.37, "weightedAverageShsOut": 320317000, "weightedAverageShsOutDil": 328862000, "link": "https://www.sec.gov/Archives/edgar/data/743316/000119312508203941/0001193125-08-203941-index.htm", "finalLink": "https://www.sec.gov/Archives/edgar/data/743316/000119312508203941/d10q.htm"}, {"date": "2006-09-23", "symbol": "MXIM", "fillingDate": "2008-09-30", "acceptedDate": "2008-09-30 16:15:13", "period": "Q1", "revenue": 502745000, "costOfRevenue": 203687000, "grossProfit": 299058000, "grossProfitRatio": 0.5948502720066833, "researchAndDevelopmentExpenses": 213237000, "generalAndAdministrativeExpenses": 69691000, "sellingAndMarketingExpenses": 0.0, "otherExpenses": 0.0, "operatingExpenses": 282928000, "costAndExpenses": 486615000, "interestExpense": 0.0, "depreciationAndAmortization": 20568000, "ebitda": 36698000, "ebitdaratio": 0.0729952560443167, "operatingIncome": 16130000, "operatingIncomeRatio": 0.03208385961073705, "totalOtherIncomeExpensesNet": 13389000, "incomeBeforeTax": 29519000, "incomeBeforeTaxRatio": 0.05871565107559498, "incomeTaxExpense": 9181000.0, "netIncome": 20338000, "netIncomeRatio": 0.04045390804483386, "eps": 0.06, "epsdiluted": 0.06, "weightedAverageShsOut": 328210000, "weightedAverageShsOutDil": 328210000, "link": "https://www.sec.gov/Archives/edgar/data/743316/000119312508203940/0001193125-08-203940-index.htm", "finalLink": "https://www.sec.gov/Archives/edgar/data/743316/000119312508203940/d10q.htm"}, {"date": "2006-06-24", "symbol": "MXIM", "fillingDate": "2008-09-30", "acceptedDate": "2008-09-30 16:13:32", "period": "FY", "revenue": 508580000, "costOfRevenue": 207094000, "grossProfit": 301486000, "grossProfitRatio": 0.592799559557985, "researchAndDevelopmentExpenses": 160345000, "generalAndAdministrativeExpenses": 85807000, "sellingAndMarketingExpenses": 0.0, "otherExpenses": 0.0, "operatingExpenses": 246152000, "costAndExpenses": 453246000, "interestExpense": 0.0, "depreciationAndAmortization": 13933000, "ebitda": 69267000, "ebitdaratio": 0.13619686185064298, "operatingIncome": 55334000, "operatingIncomeRatio": 0.10880097526446184, "totalOtherIncomeExpensesNet": 13708000, "incomeBeforeTax": 69042000, "incomeBeforeTaxRatio": 0.1357544535766251, "incomeTaxExpense": 21219000, "netIncome": 49466000, "netIncomeRatio": 0.09726296747807621, "eps": 1.2, "epsdiluted": 1.2, "weightedAverageShsOut": 323460000, "weightedAverageShsOutDil": 338627000, "link": "https://www.sec.gov/Archives/edgar/data/743316/000119312508203936/0001193125-08-203936-index.htm", "finalLink": "https://www.sec.gov/Archives/edgar/data/743316/000119312508203936/d10k.htm"}, {"date": "2006-03-25", "symbol": "MXIM", "fillingDate": "2006-05-03", "acceptedDate": "2006-05-03 16:13:50", "period": "Q3", "revenue": 478120000, "costOfRevenue": 137225000, "grossProfit": 340895000, "grossProfitRatio": 0.712990462645361, "researchAndDevelopmentExpenses": 119862000, "generalAndAdministrativeExpenses": 33036000, "sellingAndMarketingExpenses": 0.0, "otherExpenses": 0.0, "operatingExpenses": 152898000, "costAndExpenses": 290123000, "interestExpense": 0.0, "depreciationAndAmortization": 21817000, "ebitda": 190138000, "ebitdaratio": 0.3976784070944533, "operatingIncome": 168321000, "operatingIncomeRatio": 0.3520476031121894, "totalOtherIncomeExpensesNet": 10444000, "incomeBeforeTax": 178765000, "incomeBeforeTaxRatio": 0.37389149167572994, "incomeTaxExpense": 58456000, "netIncome": 120309000, "netIncomeRatio": 0.25162929808416296, "eps": 0.324117, "epsdiluted": 0.338385, "weightedAverageShsOut": 324117000, "weightedAverageShsOutDil": 338385000, "link": "https://www.sec.gov/Archives/edgar/data/743316/000113626106000055/0001136261-06-000055-index.htm", "finalLink": "https://www.sec.gov/Archives/edgar/data/743316/000113626106000055/form10q.htm"}, {"date": "2005-12-24", "symbol": "MXIM", "fillingDate": "2006-02-02", "acceptedDate": "2006-02-02 15:01:24", "period": "Q2", "revenue": 445881000, "costOfRevenue": 151159000, "grossProfit": 294722000, "grossProfitRatio": 0.6609880214676113, "researchAndDevelopmentExpenses": 116878000, "generalAndAdministrativeExpenses": 31053000, "sellingAndMarketingExpenses": 0.0, "otherExpenses": 0.0, "operatingExpenses": 147931000, "costAndExpenses": 299090000, "interestExpense": 0.0, "depreciationAndAmortization": 20531000, "ebitda": 176544000, "ebitdaratio": 0.39594420932939506, "operatingIncome": 156013000, "operatingIncomeRatio": 0.3498982912481133, "totalOtherIncomeExpensesNet": 11236000, "incomeBeforeTax": 167249000, "incomeBeforeTaxRatio": 0.37509784000663854, "incomeTaxExpense": 54691000, "netIncome": 112558000, "netIncomeRatio": 0.2524395522572166, "eps": 0.67, "epsdiluted": 0.64, "weightedAverageShsOut": 325832000, "weightedAverageShsOutDil": 340715000, "link": "https://www.sec.gov/Archives/edgar/data/743316/000119312506018364/0001193125-06-018364-index.htm", "finalLink": "https://www.sec.gov/Archives/edgar/data/743316/000119312506018364/d10q.htm"}, {"date": "2005-09-24", "symbol": "MXIM", "fillingDate": "2005-11-03", "acceptedDate": "2005-11-03 15:43:04", "period": "Q1", "revenue": 424364000, "costOfRevenue": 143069000, "grossProfit": 281295000, "grossProfitRatio": 0.6628625425342395, "researchAndDevelopmentExpenses": 117053000, "generalAndAdministrativeExpenses": 28865000, "sellingAndMarketingExpenses": 0.0, "otherExpenses": 0.0, "operatingExpenses": 145918000, "costAndExpenses": 288987000, "interestExpense": 0.0, "depreciationAndAmortization": 20568000, "ebitda": 166399000, "ebitdaratio": 0.39211384566080065, "operatingIncome": 145831000, "operatingIncomeRatio": 0.34364602086887674, "totalOtherIncomeExpensesNet": 10967000, "incomeBeforeTax": 156798000, "incomeBeforeTaxRatio": 0.3694894006089112, "incomeTaxExpense": 51430000, "netIncome": 105368000, "netIncomeRatio": 0.24829627395349277, "eps": 0.32, "epsdiluted": 0.31, "weightedAverageShsOut": 327959000, "weightedAverageShsOutDil": 344860000, "link": "https://www.sec.gov/Archives/edgar/data/743316/000119312505215589/0001193125-05-215589-index.htm", "finalLink": "https://www.sec.gov/Archives/edgar/data/743316/000119312505215589/d10q.htm"}, {"date": "2005-06-25", "symbol": "MXIM", "fillingDate": "2005-09-08", "acceptedDate": "2005-09-08 16:43:21", "period": "FY", "revenue": 400397000, "costOfRevenue": 112079000, "grossProfit": 288318000, "grossProfitRatio": 0.72008032028212, "researchAndDevelopmentExpenses": 84891000, "generalAndAdministrativeExpenses": 23414000, "sellingAndMarketingExpenses": 0.0, "otherExpenses": 0.0, "operatingExpenses": 108305000, "costAndExpenses": 220384000, "interestExpense": 0.0, "depreciationAndAmortization": 19748000, "ebitda": 199761000, "ebitdaratio": 0.498907334470538, "operatingIncome": 180013000, "operatingIncomeRatio": 0.4495862856115306, "totalOtherIncomeExpensesNet": 8819000.0, "incomeBeforeTax": 188832000, "incomeBeforeTaxRatio": 0.47161192516427447, "incomeTaxExpense": 62692000, "netIncome": 126140000, "netIncomeRatio": 0.3150373254544864, "eps": 1.66, "epsdiluted": 1.58, "weightedAverageShsOut": 326239000, "weightedAverageShsOutDil": 342843000, "link": "https://www.sec.gov/Archives/edgar/data/743316/000119312505182318/0001193125-05-182318-index.htm", "finalLink": "https://www.sec.gov/Archives/edgar/data/743316/000119312505182318/d10k.htm"}, {"date": "2005-03-26", "symbol": "MXIM", "fillingDate": "2005-05-05", "acceptedDate": "2005-05-05 14:37:02", "period": "Q3", "revenue": 400188000, "costOfRevenue": 111896000, "grossProfit": 288292000, "grossProfitRatio": 0.7203914160344638, "researchAndDevelopmentExpenses": 83141000, "generalAndAdministrativeExpenses": 24713000, "sellingAndMarketingExpenses": 0.0, "otherExpenses": 0.0, "operatingExpenses": 107854000, "costAndExpenses": 219750000, "interestExpense": 0.0, "depreciationAndAmortization": 19282000, "ebitda": 199720000, "ebitdaratio": 0.4990654392435555, "operatingIncome": 180438000, "operatingIncomeRatio": 0.45088308495007345, "totalOtherIncomeExpensesNet": 7492000.0, "incomeBeforeTax": 187930000, "incomeBeforeTaxRatio": 0.4696042859855868, "incomeTaxExpense": 62393000, "netIncome": 125537000, "netIncomeRatio": 0.3136950633202395, "eps": 1.27, "epsdiluted": 1.21, "weightedAverageShsOut": 325758000, "weightedAverageShsOutDil": 343607000, "link": "https://www.sec.gov/Archives/edgar/data/743316/000120677405000830/0001206774-05-000830-index.htm", "finalLink": "https://www.sec.gov/Archives/edgar/data/743316/000120677405000830/mi911544.htm"}, {"date": "2004-12-25", "symbol": "MXIM", "fillingDate": "2005-02-03", "acceptedDate": "2005-02-03 14:13:49", "period": "Q2", "revenue": 436061000, "costOfRevenue": 119437000, "grossProfit": 316624000, "grossProfitRatio": 0.726100247442445, "researchAndDevelopmentExpenses": 81035000, "generalAndAdministrativeExpenses": 25324000, "sellingAndMarketingExpenses": 0.0, "otherExpenses": 0.0, "operatingExpenses": 106359000, "costAndExpenses": 225796000, "interestExpense": 0.0, "depreciationAndAmortization": 19134000, "ebitda": 229399000, "ebitdaratio": 0.5260708937511036, "operatingIncome": 210265000, "operatingIncomeRatio": 0.4821917117100589, "totalOtherIncomeExpensesNet": 6225000.0, "incomeBeforeTax": 216490000, "incomeBeforeTaxRatio": 0.49646723738192594, "incomeTaxExpense": 71875000, "netIncome": 144615000, "netIncomeRatio": 0.33163938072884297, "eps": 0.89, "epsdiluted": 0.84, "weightedAverageShsOut": 325164000, "weightedAverageShsOutDil": 344051000, "link": "https://www.sec.gov/Archives/edgar/data/743316/000120677405000095/0001206774-05-000095-index.htm", "finalLink": "https://www.sec.gov/Archives/edgar/data/743316/000120677405000095/mi910302.htm"}, {"date": "2004-09-25", "symbol": "MXIM", "fillingDate": "2004-11-04", "acceptedDate": "2004-11-04 13:58:55", "period": "Q1", "revenue": 435067000, "costOfRevenue": 120252000, "grossProfit": 314815000, "grossProfitRatio": 0.7236011924600119, "researchAndDevelopmentExpenses": 79097000, "generalAndAdministrativeExpenses": 25062000, "sellingAndMarketingExpenses": 0.0, "otherExpenses": 0.0, "operatingExpenses": 104159000, "costAndExpenses": 224411000, "interestExpense": 0.0, "depreciationAndAmortization": 18685000, "ebitda": 229341000, "ebitdaratio": 0.5271394980543227, "operatingIncome": 210656000, "operatingIncomeRatio": 0.4841920899539611, "totalOtherIncomeExpensesNet": 5729000.0, "incomeBeforeTax": 216385000, "incomeBeforeTaxRatio": 0.49736017670841504, "incomeTaxExpense": 71840000, "netIncome": 144545000, "netIncomeRatio": 0.3322361843118416, "eps": 0.45, "epsdiluted": 0.42, "weightedAverageShsOut": 324668000, "weightedAverageShsOutDil": 344875000, "link": "https://www.sec.gov/Archives/edgar/data/743316/000120677404001587/0001206774-04-001587-index.htm", "finalLink": "https://www.sec.gov/Archives/edgar/data/743316/000120677404001587/mi908624.htm"}, {"date": "2004-06-26", "symbol": "MXIM", "fillingDate": "2004-09-09", "acceptedDate": "2004-09-09 16:11:58", "period": "FY", "revenue": 420963000, "costOfRevenue": 125540000, "grossProfit": 295423000, "grossProfitRatio": 0.7017790162080753, "researchAndDevelopmentExpenses": 87758000, "generalAndAdministrativeExpenses": 26422000, "sellingAndMarketingExpenses": 0.0, "otherExpenses": 0.0, "operatingExpenses": 114180000, "costAndExpenses": 239720000, "interestExpense": 0.0, "depreciationAndAmortization": 18289000, "ebitda": 199532000, "ebitdaratio": 0.4739894004936301, "operatingIncome": 181243000, "operatingIncomeRatio": 0.4305437770065303, "totalOtherIncomeExpensesNet": 20461000, "incomeBeforeTax": 186115000, "incomeBeforeTaxRatio": 0.44211724070761566, "incomeTaxExpense": 61418000, "netIncome": 124697000, "netIncomeRatio": 0.2962184324988182, "eps": 1.28, "epsdiluted": 1.2, "weightedAverageShsOut": 326731000, "weightedAverageShsOutDil": 350575000, "link": "https://www.sec.gov/Archives/edgar/data/743316/000120677404001379/0001206774-04-001379-index.htm", "finalLink": "https://www.sec.gov/Archives/edgar/data/743316/000120677404001379/mi909762.htm"}, {"date": "2004-03-27", "symbol": "MXIM", "fillingDate": "2004-05-06", "acceptedDate": "2004-05-06 12:33:02", "period": "Q3", "revenue": 370023000, "costOfRevenue": 111761000, "grossProfit": 258262000, "grossProfitRatio": 0.6979620185772236, "researchAndDevelopmentExpenses": 77255000, "generalAndAdministrativeExpenses": 23546000, "sellingAndMarketingExpenses": 0.0, "otherExpenses": 0.0, "operatingExpenses": 100801000, "costAndExpenses": 212562000, "interestExpense": 0.0, "depreciationAndAmortization": 14297000, "ebitda": 171758000, "ebitdaratio": 0.4641819562567732, "operatingIncome": 157461000, "operatingIncomeRatio": 0.42554381754647685, "totalOtherIncomeExpensesNet": 0.0, "incomeBeforeTax": 162930000, "incomeBeforeTaxRatio": 0.44032397986071137, "incomeTaxExpense": 53767000, "netIncome": 109163000, "netIncomeRatio": 0.29501679625320587, "eps": 0.9, "epsdiluted": 0.84, "weightedAverageShsOut": 327894000, "weightedAverageShsOutDil": 351801000, "link": "https://www.sec.gov/Archives/edgar/data/743316/000120677404000456/0001206774-04-000456-index.htm", "finalLink": "https://www.sec.gov/Archives/edgar/data/743316/000120677404000456/d14635_10q.htm"}, {"date": "2003-12-27", "symbol": "MXIM", "fillingDate": "2004-02-05", "acceptedDate": "2004-02-05 16:05:58", "period": "Q2", "revenue": 338108000, "costOfRevenue": 103029000, "grossProfit": 235079000, "grossProfitRatio": 0.6952778402167354, "researchAndDevelopmentExpenses": 71211000, "generalAndAdministrativeExpenses": 22193000, "sellingAndMarketingExpenses": 0.0, "otherExpenses": 0.0, "operatingExpenses": 93404000, "costAndExpenses": 196433000, "interestExpense": 0.0, "depreciationAndAmortization": 14279000, "ebitda": 155954000, "ebitdaratio": 0.461254983614703, "operatingIncome": 141675000, "operatingIncomeRatio": 0.4190229157547293, "totalOtherIncomeExpensesNet": 0.0, "incomeBeforeTax": 147044000, "incomeBeforeTaxRatio": 0.4349024572030239, "incomeTaxExpense": 48525000, "netIncome": 98519000, "netIncomeRatio": 0.2913832266613035, "eps": 0.57, "epsdiluted": 0.53, "weightedAverageShsOut": 327718000, "weightedAverageShsOutDil": 350611000, "link": "https://www.sec.gov/Archives/edgar/data/743316/000120677404000029/0001206774-04-000029-index.htm", "finalLink": "https://www.sec.gov/Archives/edgar/data/743316/000120677404000029/d13903.htm"}, {"date": "2003-09-27", "symbol": "MXIM", "fillingDate": "2003-11-06", "acceptedDate": "2003-11-06 08:00:40", "period": "Q1", "revenue": 310169000, "costOfRevenue": 93028000, "grossProfit": 217141000, "grossProfitRatio": 0.7000731859083273, "researchAndDevelopmentExpenses": 70096000, "generalAndAdministrativeExpenses": 21389000, "sellingAndMarketingExpenses": 0.0, "otherExpenses": 0.0, "operatingExpenses": 91485000, "costAndExpenses": 184513000, "interestExpense": 0.0, "depreciationAndAmortization": 14995000, "ebitda": 140651000, "ebitdaratio": 0.4534656912844288, "operatingIncome": 125656000, "operatingIncomeRatio": 0.4051210791536227, "totalOtherIncomeExpensesNet": 0.0, "incomeBeforeTax": 130407000, "incomeBeforeTaxRatio": 0.42043853512117585, "incomeTaxExpense": 43034000, "netIncome": 87373000, "netIncomeRatio": 0.28169481798632356, "eps": 0.27, "epsdiluted": 0.25, "weightedAverageShsOut": 323603703, "weightedAverageShsOutDil": 349492000, "link": "https://www.sec.gov/Archives/edgar/data/743316/000120677403000805/0001206774-03-000805-index.htm", "finalLink": "https://www.sec.gov/Archives/edgar/data/743316/000120677403000805/d13499.htm"}, {"date": "2003-06-28", "symbol": "MXIM", "fillingDate": "2003-09-22", "acceptedDate": "2003-09-19 19:22:27", "period": "FY", "revenue": 295029000, "costOfRevenue": 88454000, "grossProfit": 206575000, "grossProfitRatio": 0.70018540550251, "researchAndDevelopmentExpenses": 67210000, "generalAndAdministrativeExpenses": 20991000, "sellingAndMarketingExpenses": 0.0, "otherExpenses": 0.0, "operatingExpenses": 88201000, "costAndExpenses": 176655000, "interestExpense": 0.0, "depreciationAndAmortization": 14541000, "ebitda": 132915000, "ebitdaratio": 0.45051503411529037, "operatingIncome": 118374000, "operatingIncomeRatio": 0.40122835382284455, "totalOtherIncomeExpensesNet": 15055000, "incomeBeforeTax": 122005000, "incomeBeforeTaxRatio": 0.41353561853241544, "incomeTaxExpense": 40262000, "netIncome": 81743000, "netIncomeRatio": 0.2770676780926621, "eps": 0.96, "epsdiluted": 0.91, "weightedAverageShsOut": 322106000, "weightedAverageShsOutDil": 341253000, "link": "https://www.sec.gov/Archives/edgar/data/743316/000120677403000728/0001206774-03-000728-index.htm", "finalLink": "https://www.sec.gov/Archives/edgar/data/743316/000120677403000728/d13285.htm"}, {"date": "2003-03-29", "symbol": "MXIM", "fillingDate": "2003-05-12", "acceptedDate": "2003-05-09 20:36:33", "period": "Q3", "revenue": 286232000, "costOfRevenue": 86146000, "grossProfit": 200086000, "grossProfitRatio": 0.6990343497582381, "researchAndDevelopmentExpenses": 66805000, "generalAndAdministrativeExpenses": 21065000, "sellingAndMarketingExpenses": 0.0, "otherExpenses": 0.0, "operatingExpenses": 87870000, "costAndExpenses": 174016000, "interestExpense": 0.0, "depreciationAndAmortization": 14959000, "ebitda": 127175000, "ebitdaratio": 0.4443074149640851, "operatingIncome": 112216000, "operatingIncomeRatio": 0.3920456133486123, "totalOtherIncomeExpensesNet": 0.0, "incomeBeforeTax": 115827000, "incomeBeforeTaxRatio": 0.4046612538080997, "incomeTaxExpense": 38223000, "netIncome": 77604000, "netIncomeRatio": 0.27112272562117445, "eps": 0.71, "epsdiluted": 0.67, "weightedAverageShsOut": 321201000, "weightedAverageShsOutDil": 340044000, "link": "https://www.sec.gov/Archives/edgar/data/743316/000089161803002401/0000891618-03-002401-index.htm", "finalLink": "https://www.sec.gov/Archives/edgar/data/743316/000089161803002401/f89953e10vq.htm"}, {"date": "2002-12-28", "symbol": "MXIM", "fillingDate": "2003-02-11", "acceptedDate": "2003-02-11 16:37:50", "period": "Q2", "revenue": 286077000, "costOfRevenue": 86541000, "grossProfit": 199536000, "grossProfitRatio": 0.6974905357648465, "researchAndDevelopmentExpenses": 67196000, "generalAndAdministrativeExpenses": 21245000, "sellingAndMarketingExpenses": 0.0, "otherExpenses": 0.0, "operatingExpenses": 88441000, "costAndExpenses": 174982000, "interestExpense": 0.0, "depreciationAndAmortization": 15137000, "ebitda": 126232000, "ebitdaratio": 0.4412518308007984, "operatingIncome": 111095000, "operatingIncomeRatio": 0.38833950300094033, "totalOtherIncomeExpensesNet": 0.0, "incomeBeforeTax": 115040000, "incomeBeforeTaxRatio": 0.40212949660406117, "incomeTaxExpense": 37963000, "netIncome": 77077000, "netIncomeRatio": 0.2694274618371977, "eps": 0.47, "epsdiluted": 0.44, "weightedAverageShsOut": 320349000, "weightedAverageShsOutDil": 339134000, "link": "https://www.sec.gov/Archives/edgar/data/743316/000089161803000713/0000891618-03-000713-index.htm", "finalLink": "https://www.sec.gov/Archives/edgar/data/743316/000089161803000713/f87439e10vq.htm"}, {"date": "2002-09-28", "symbol": "MXIM", "fillingDate": "2002-11-08", "acceptedDate": "2002-11-08 11:54:19", "period": "Q1", "revenue": 285881000, "costOfRevenue": 87123000, "grossProfit": 198758000, "grossProfitRatio": 0.6952473231869204, "researchAndDevelopmentExpenses": 71111000, "generalAndAdministrativeExpenses": 22296000, "sellingAndMarketingExpenses": 0.0, "otherExpenses": 0.0, "operatingExpenses": 93407000, "costAndExpenses": 180530000, "interestExpense": 0.0, "depreciationAndAmortization": 15699000, "ebitda": 121050000, "ebitdaratio": 0.42342792980295996, "operatingIncome": 105351000, "operatingIncomeRatio": 0.3685134723888611, "totalOtherIncomeExpensesNet": 0.0, "incomeBeforeTax": 109219000, "incomeBeforeTaxRatio": 0.38204357757248647, "incomeTaxExpense": 36042000, "netIncome": 73177000, "netIncomeRatio": 0.25597014142248, "eps": 0.23, "epsdiluted": 0.22, "weightedAverageShsOut": 319498000, "weightedAverageShsOutDil": 337946000, "link": "https://www.sec.gov/Archives/edgar/data/743316/000089161802004950/0000891618-02-004950-index.htm", "finalLink": "https://www.sec.gov/Archives/edgar/data/743316/000089161802004950/f85662e10vq.htm"}, {"date": "2002-06-29", "symbol": "MXIM", "fillingDate": "2002-09-25", "acceptedDate": "2002-09-25 12:36:26", "period": "FY", "revenue": 280089000, "costOfRevenue": 89428000, "grossProfit": 190661000, "grossProfitRatio": 0.6807157724866024, "researchAndDevelopmentExpenses": 72032000, "generalAndAdministrativeExpenses": 22083000, "sellingAndMarketingExpenses": 0.0, "otherExpenses": 0.0, "operatingExpenses": 94115000, "costAndExpenses": 183543000, "interestExpense": 0.0, "depreciationAndAmortization": 14557000, "ebitda": 111103000, "ebitdaratio": 0.3966703440692066, "operatingIncome": 96546000, "operatingIncomeRatio": 0.34469757826976427, "totalOtherIncomeExpensesNet": 41488000, "incomeBeforeTax": 102400000, "incomeBeforeTaxRatio": 0.36559807775385683, "incomeTaxExpense": 33792000, "netIncome": 68608000, "netIncomeRatio": 0.24495071209508407, "eps": 0.8, "epsdiluted": 0.73, "weightedAverageShsOut": 325527000, "weightedAverageShsOutDil": 355821000, "link": "https://www.sec.gov/Archives/edgar/data/743316/000089161802004425/0000891618-02-004425-index.htm", "finalLink": "https://www.sec.gov/Archives/edgar/data/743316/000089161802004425/f84464e10vk.htm"}]