[{"date": "2020-03-31", "symbol": "AMGN", "fillingDate": "2020-05-01", "acceptedDate": "2020-04-30 20:48:21", "period": "Q1", "revenue": 6161000000, "costOfRevenue": 1513000000, "grossProfit": 4648000000, "grossProfitRatio": 0.7544229832819348, "researchAndDevelopmentExpenses": 952000000, "generalAndAdministrativeExpenses": 1316000000, "sellingAndMarketingExpenses": 0.0, "otherExpenses": 25000000, "operatingExpenses": 2293000000, "costAndExpenses": 3806000000, "interestExpense": 0.0, "depreciationAndAmortization": 897000000, "ebitda": 3252000000, "ebitdaratio": 0.527836390196, "operatingIncome": 2355000000, "operatingIncomeRatio": 0.382243142347, "totalOtherIncomeExpensesNet": 11000000, "incomeBeforeTax": 2020000000, "incomeBeforeTaxRatio": 0.327868852459, "incomeTaxExpense": 195000000, "netIncome": 1825000000, "netIncomeRatio": 0.296218146405, "eps": 3.09, "epsdiluted": 3.07, "weightedAverageShsOut": 590000000, "weightedAverageShsOutDil": 594000000, "link": "https://www.sec.gov/Archives/edgar/data/318154/000031815420000031/0000318154-20-000031-index.htm", "finalLink": "https://www.sec.gov/Archives/edgar/data/318154/000031815420000031/amgn-2020331x10q.htm"}, {"date": "2019-12-31", "symbol": "AMGN", "fillingDate": "2020-02-12", "acceptedDate": "2020-02-12 17:15:19", "period": "FY", "revenue": 6197000000, "costOfRevenue": 1253000000, "grossProfit": 4944000000, "grossProfitRatio": 0.7978053897046958, "researchAndDevelopmentExpenses": 1312000000, "generalAndAdministrativeExpenses": 1513000000, "sellingAndMarketingExpenses": 0.0, "otherExpenses": 71000000, "operatingExpenses": 2896000000, "costAndExpenses": 4149000000, "interestExpense": 0.0, "depreciationAndAmortization": 702000000, "ebitda": 2750000000, "ebitdaratio": 0.443763111183, "operatingIncome": 2048000000, "operatingIncomeRatio": 0.330482491528, "totalOtherIncomeExpensesNet": 236000000, "incomeBeforeTax": 1983000000, "incomeBeforeTaxRatio": 0.319993545264, "incomeTaxExpense": 280000000, "netIncome": 1703000000, "netIncomeRatio": 0.274810392125, "eps": 2.88, "epsdiluted": 2.87, "weightedAverageShsOut": 605000000, "weightedAverageShsOutDil": 609000000, "link": "https://www.sec.gov/Archives/edgar/data/318154/000031815420000017/0000318154-20-000017-index.htm", "finalLink": "https://www.sec.gov/Archives/edgar/data/318154/000031815420000017/amgn-12312019x10kq42019.htm"}, {"date": "2019-09-30", "symbol": "AMGN", "fillingDate": "2019-10-30", "acceptedDate": "2019-10-29 19:31:34", "period": "Q3", "revenue": 5737000000, "costOfRevenue": 1036000000, "grossProfit": 4701000000, "grossProfitRatio": 0.8194178141886003, "researchAndDevelopmentExpenses": 1001000000, "generalAndAdministrativeExpenses": 1223000000, "sellingAndMarketingExpenses": 0.0, "otherExpenses": 1000000.0, "operatingExpenses": 2225000000, "costAndExpenses": 3261000000, "interestExpense": 0.0, "depreciationAndAmortization": 508000000, "ebitda": 2984000000, "ebitdaratio": 0.520132473418, "operatingIncome": 2476000000, "operatingIncomeRatio": 0.431584451804, "totalOtherIncomeExpensesNet": 114000000, "incomeBeforeTax": 2277000000, "incomeBeforeTaxRatio": 0.396897333101, "incomeTaxExpense": 309000000, "netIncome": 1968000000, "netIncomeRatio": 0.34303643019, "eps": 3.3, "epsdiluted": 3.26, "weightedAverageShsOut": 609000000, "weightedAverageShsOutDil": 613000000, "link": "https://www.sec.gov/Archives/edgar/data/318154/000031815419000046/0000318154-19-000046-index.htm", "finalLink": "https://www.sec.gov/Archives/edgar/data/318154/000031815419000046/amgn-2019930x10q.htm"}, {"date": "2019-06-30", "symbol": "AMGN", "fillingDate": "2019-07-31", "acceptedDate": "2019-07-30 19:13:12", "period": "Q2", "revenue": 5871000000, "costOfRevenue": 1012000000, "grossProfit": 4859000000, "grossProfitRatio": 0.827627320729007, "researchAndDevelopmentExpenses": 924000000, "generalAndAdministrativeExpenses": 1260000000, "sellingAndMarketingExpenses": 0.0, "otherExpenses": 1009000000, "operatingExpenses": 2181000000, "costAndExpenses": 3193000000, "interestExpense": 0.0, "depreciationAndAmortization": 501000000, "ebitda": 3179000000, "ebitdaratio": 0.54147504684, "operatingIncome": 2678000000, "operatingIncomeRatio": 0.456140350877, "totalOtherIncomeExpensesNet": 218000000, "incomeBeforeTax": 2564000000, "incomeBeforeTaxRatio": 0.436722875149, "incomeTaxExpense": 385000000, "netIncome": 2179000000, "netIncomeRatio": 0.371146312383, "eps": 3.58, "epsdiluted": 3.57, "weightedAverageShsOut": 615000000, "weightedAverageShsOutDil": 618000000, "link": "https://www.sec.gov/Archives/edgar/data/318154/000031815419000037/0000318154-19-000037-index.htm", "finalLink": "https://www.sec.gov/Archives/edgar/data/318154/000031815419000037/amgn-2019630x10q.htm"}, {"date": "2019-03-31", "symbol": "AMGN", "fillingDate": "2019-05-01", "acceptedDate": "2019-04-30 18:37:54", "period": "Q1", "revenue": 5557000000, "costOfRevenue": 1055000000, "grossProfit": 4502000000, "grossProfitRatio": 0.8101493611660968, "researchAndDevelopmentExpenses": 879000000, "generalAndAdministrativeExpenses": 1154000000, "sellingAndMarketingExpenses": 0.0, "otherExpenses": 1052000000, "operatingExpenses": 2030000000, "costAndExpenses": 3085000000, "interestExpense": 0.0, "depreciationAndAmortization": 495000000, "ebitda": 2967000000, "ebitdaratio": 0.533921180493, "operatingIncome": 2472000000, "operatingIncomeRatio": 0.444844340471, "totalOtherIncomeExpensesNet": 185000000, "incomeBeforeTax": 2314000000, "incomeBeforeTaxRatio": 0.416411732949, "incomeTaxExpense": 322000000, "netIncome": 1992000000, "netIncomeRatio": 0.358466798632, "eps": 3.2, "epsdiluted": 3.18, "weightedAverageShsOut": 622000000, "weightedAverageShsOutDil": 626000000, "link": "https://www.sec.gov/Archives/edgar/data/318154/000031815419000018/0000318154-19-000018-index.htm", "finalLink": "https://www.sec.gov/Archives/edgar/data/318154/000031815419000018/amgn-2019331x10q.htm"}, {"date": "2018-12-31", "symbol": "AMGN", "fillingDate": "2019-02-13", "acceptedDate": "2019-02-13 17:20:20", "period": "FY", "revenue": 6230000000, "costOfRevenue": 1096000000, "grossProfit": 5134000000, "grossProfitRatio": 0.8240770465489566, "researchAndDevelopmentExpenses": 1182000000, "generalAndAdministrativeExpenses": 1559000000, "sellingAndMarketingExpenses": 0.0, "otherExpenses": 11000000, "operatingExpenses": 2752000000, "costAndExpenses": 3848000000, "interestExpense": 0.0, "depreciationAndAmortization": 490000000, "ebitda": 2872000000, "ebitdaratio": 0.460995184591, "operatingIncome": 2382000000, "operatingIncomeRatio": 0.382343499197, "totalOtherIncomeExpensesNet": 155000000, "incomeBeforeTax": 2185000000, "incomeBeforeTaxRatio": 0.350722311396, "incomeTaxExpense": 257000000, "netIncome": 1928000000, "netIncomeRatio": 0.309470304976, "eps": 3.03, "epsdiluted": 3.01, "weightedAverageShsOut": 661000000, "weightedAverageShsOutDil": 665000000, "link": "https://www.sec.gov/Archives/edgar/data/318154/000031815419000008/0000318154-19-000008-index.htm", "finalLink": "https://www.sec.gov/Archives/edgar/data/318154/000031815419000008/amgn-12312018x10kq42018.htm"}, {"date": "2018-09-30", "symbol": "AMGN", "fillingDate": "2018-10-31", "acceptedDate": "2018-10-30 18:53:11", "period": "Q3", "revenue": 5904000000, "costOfRevenue": 1037000000, "grossProfit": 4867000000, "grossProfitRatio": 0.8243563685636857, "researchAndDevelopmentExpenses": 926000000, "generalAndAdministrativeExpenses": 1293000000, "sellingAndMarketingExpenses": 0.0, "otherExpenses": 325000000, "operatingExpenses": 2544000000, "costAndExpenses": 3581000000, "interestExpense": 0.0, "depreciationAndAmortization": 501000000, "ebitda": 2824000000, "ebitdaratio": 0.478319783198, "operatingIncome": 2323000000, "operatingIncomeRatio": 0.393462059621, "totalOtherIncomeExpensesNet": 126000000, "incomeBeforeTax": 2094000000, "incomeBeforeTaxRatio": 0.354674796748, "incomeTaxExpense": 235000000, "netIncome": 1859000000, "netIncomeRatio": 0.314871273713, "eps": 2.91, "epsdiluted": 2.88, "weightedAverageShsOut": 669000000, "weightedAverageShsOutDil": 673000000, "link": "https://www.sec.gov/Archives/edgar/data/318154/000031815418000022/0000318154-18-000022-index.htm", "finalLink": "https://www.sec.gov/Archives/edgar/data/318154/000031815418000022/amgn-2018930x10q.htm"}, {"date": "2018-06-30", "symbol": "AMGN", "fillingDate": "2018-07-27", "acceptedDate": "2018-07-26 18:58:06", "period": "Q2", "revenue": 6059000000, "costOfRevenue": 1024000000, "grossProfit": 5035000000, "grossProfitRatio": 0.8309952137316389, "researchAndDevelopmentExpenses": 869000000, "generalAndAdministrativeExpenses": 1353000000, "sellingAndMarketingExpenses": 0.0, "otherExpenses": 1005000000, "operatingExpenses": 2203000000, "costAndExpenses": 3227000000, "interestExpense": 0.0, "depreciationAndAmortization": 484000000, "ebitda": 3316000000, "ebitdaratio": 0.547285030533, "operatingIncome": 2832000000, "operatingIncomeRatio": 0.467403862023, "totalOtherIncomeExpensesNet": 162000000, "incomeBeforeTax": 2647000000, "incomeBeforeTaxRatio": 0.436870770754, "incomeTaxExpense": 351000000, "netIncome": 2296000000, "netIncomeRatio": 0.378940419211, "eps": 3.49, "epsdiluted": 3.48, "weightedAverageShsOut": 682000000, "weightedAverageShsOutDil": 685000000, "link": "https://www.sec.gov/Archives/edgar/data/318154/000031815418000015/0000318154-18-000015-index.htm", "finalLink": "https://www.sec.gov/Archives/edgar/data/318154/000031815418000015/amgn-2018630x10q.htm"}, {"date": "2018-03-31", "symbol": "AMGN", "fillingDate": "2018-04-25", "acceptedDate": "2018-04-24 19:28:44", "period": "Q1", "revenue": 5554000000, "costOfRevenue": 944000000, "grossProfit": 4610000000, "grossProfitRatio": 0.8300324090745409, "researchAndDevelopmentExpenses": 760000000, "generalAndAdministrativeExpenses": 1127000000, "sellingAndMarketingExpenses": 0.0, "otherExpenses": 941000000, "operatingExpenses": 1884000000, "costAndExpenses": 2828000000, "interestExpense": 0.0, "depreciationAndAmortization": 471000000, "ebitda": 3197000000, "ebitdaratio": 0.575621173929, "operatingIncome": 2726000000, "operatingIncomeRatio": 0.49081742888, "totalOtherIncomeExpensesNet": 231000000, "incomeBeforeTax": 2619000000, "incomeBeforeTaxRatio": 0.47155203457, "incomeTaxExpense": 308000000, "netIncome": 2311000000, "netIncomeRatio": 0.416096507022, "eps": 3.27, "epsdiluted": 3.25, "weightedAverageShsOut": 707000000, "weightedAverageShsOutDil": 711000000, "link": "https://www.sec.gov/Archives/edgar/data/318154/000031815418000008/0000318154-18-000008-index.htm", "finalLink": "https://www.sec.gov/Archives/edgar/data/318154/000031815418000008/amgn-2018331x10q.htm"}, {"date": "2017-12-31", "symbol": "AMGN", "fillingDate": "2018-02-13", "acceptedDate": "2018-02-13 16:48:04", "period": "FY", "revenue": 5802000000, "costOfRevenue": 1059000000, "grossProfit": 4743000000, "grossProfitRatio": 0.8174767321613237, "researchAndDevelopmentExpenses": 1043000000, "generalAndAdministrativeExpenses": 1427000000, "sellingAndMarketingExpenses": 0.0, "otherExpenses": 28000000, "operatingExpenses": 2498000000, "costAndExpenses": 3557000000, "interestExpense": 0.0, "depreciationAndAmortization": 449000000, "ebitda": 2694000000, "ebitdaratio": 0.464322647363, "operatingIncome": 2245000000, "operatingIncomeRatio": 0.386935539469, "totalOtherIncomeExpensesNet": 301000000, "incomeBeforeTax": 2214000000, "incomeBeforeTaxRatio": 0.381592554292, "incomeTaxExpense": 6478000000, "netIncome": -4264000000, "netIncomeRatio": -0.7349189934505344, "eps": -5.81, "epsdiluted": -5.77, "weightedAverageShsOut": 731000000, "weightedAverageShsOutDil": 735000000, "link": "https://www.sec.gov/Archives/edgar/data/318154/000031815418000004/0000318154-18-000004-index.htm", "finalLink": "https://www.sec.gov/Archives/edgar/data/318154/000031815418000004/amgn-12312017x10k.htm"}, {"date": "2017-09-30", "symbol": "AMGN", "fillingDate": "2017-10-26", "acceptedDate": "2017-10-25 20:00:14", "period": "Q3", "revenue": 5773000000, "costOfRevenue": 990000000, "grossProfit": 4783000000, "grossProfitRatio": 0.8285120388013165, "researchAndDevelopmentExpenses": 877000000, "generalAndAdministrativeExpenses": 1170000000, "sellingAndMarketingExpenses": 0.0, "otherExpenses": 297000000, "operatingExpenses": 2344000000, "costAndExpenses": 3334000000, "interestExpense": 0.0, "depreciationAndAmortization": 464000000, "ebitda": 2903000000, "ebitdaratio": 0.502858132687, "operatingIncome": 2439000000, "operatingIncomeRatio": 0.422483977135, "totalOtherIncomeExpensesNet": 267000000, "incomeBeforeTax": 2381000000, "incomeBeforeTaxRatio": 0.412437207691, "incomeTaxExpense": 360000000, "netIncome": 2021000000, "netIncomeRatio": 0.350077949073, "eps": 2.78, "epsdiluted": 2.75, "weightedAverageShsOut": 733000000, "weightedAverageShsOutDil": 738000000, "link": "https://www.sec.gov/Archives/edgar/data/318154/000031815417000027/0000318154-17-000027-index.htm", "finalLink": "https://www.sec.gov/Archives/edgar/data/318154/000031815417000027/amgn-2017930x10q.htm"}, {"date": "2017-06-30", "symbol": "AMGN", "fillingDate": "2017-07-26", "acceptedDate": "2017-07-26 16:37:28", "period": "Q2", "revenue": 5810000000, "costOfRevenue": 1024000000, "grossProfit": 4786000000, "grossProfitRatio": 0.8237521514629949, "researchAndDevelopmentExpenses": 873000000, "generalAndAdministrativeExpenses": 1209000000, "sellingAndMarketingExpenses": 0.0, "otherExpenses": 6000000.0, "operatingExpenses": 2088000000, "costAndExpenses": 3112000000, "interestExpense": 0.0, "depreciationAndAmortization": 518000000, "ebitda": 3216000000, "ebitdaratio": 0.553528399312, "operatingIncome": 2698000000, "operatingIncomeRatio": 0.464371772806, "totalOtherIncomeExpensesNet": 165000000, "incomeBeforeTax": 2542000000, "incomeBeforeTaxRatio": 0.43752151463, "incomeTaxExpense": 391000000, "netIncome": 2151000000, "netIncomeRatio": 0.370223752151, "eps": 2.93, "epsdiluted": 2.92, "weightedAverageShsOut": 736000000, "weightedAverageShsOutDil": 740000000, "link": "https://www.sec.gov/Archives/edgar/data/318154/000031815417000021/0000318154-17-000021-index.htm", "finalLink": "https://www.sec.gov/Archives/edgar/data/318154/000031815417000021/amgn-2017630x10q.htm"}, {"date": "2017-03-31", "symbol": "AMGN", "fillingDate": "2017-04-27", "acceptedDate": "2017-04-26 20:16:03", "period": "Q1", "revenue": 5464000000, "costOfRevenue": 996000000, "grossProfit": 4468000000, "grossProfitRatio": 0.8177159590043924, "researchAndDevelopmentExpenses": 769000000, "generalAndAdministrativeExpenses": 1064000000, "sellingAndMarketingExpenses": 0.0, "otherExpenses": 44000000, "operatingExpenses": 1877000000, "costAndExpenses": 2873000000, "interestExpense": 0.0, "depreciationAndAmortization": 524000000, "ebitda": 3115000000, "ebitdaratio": 0.570095168375, "operatingIncome": 2591000000, "operatingIncomeRatio": 0.474194729136, "totalOtherIncomeExpensesNet": 195000000, "incomeBeforeTax": 2460000000, "incomeBeforeTaxRatio": 0.450219619327, "incomeTaxExpense": 389000000, "netIncome": 2071000000, "netIncomeRatio": 0.379026354319, "eps": 2.81, "epsdiluted": 2.79, "weightedAverageShsOut": 737000000, "weightedAverageShsOutDil": 741000000, "link": "https://www.sec.gov/Archives/edgar/data/318154/000031815417000009/0000318154-17-000009-index.htm", "finalLink": "https://www.sec.gov/Archives/edgar/data/318154/000031815417000009/amgn-2017331x10q.htm"}, {"date": "2016-12-31", "symbol": "AMGN", "fillingDate": "2017-02-14", "acceptedDate": "2017-02-14 16:21:05", "period": "FY", "revenue": 5965000000, "costOfRevenue": 1067000000, "grossProfit": 4898000000, "grossProfitRatio": 0.8211232187761944, "researchAndDevelopmentExpenses": 1078000000, "generalAndAdministrativeExpenses": 1323000000, "sellingAndMarketingExpenses": 0.0, "otherExpenses": 12000000, "operatingExpenses": 2413000000, "costAndExpenses": 3480000000, "interestExpense": 0.0, "depreciationAndAmortization": 559000000, "ebitda": 3044000000, "ebitdaratio": 0.510310142498, "operatingIncome": 2485000000, "operatingIncomeRatio": 0.416596814753, "totalOtherIncomeExpensesNet": 126000000, "incomeBeforeTax": 2283000000, "incomeBeforeTaxRatio": 0.382732606873, "incomeTaxExpense": 348000000, "netIncome": 1935000000, "netIncomeRatio": 0.324392288349, "eps": 2.62, "epsdiluted": 2.61, "weightedAverageShsOut": 748000000, "weightedAverageShsOutDil": 754000000, "link": "https://www.sec.gov/Archives/edgar/data/318154/000031815417000004/0000318154-17-000004-index.htm", "finalLink": "https://www.sec.gov/Archives/edgar/data/318154/000031815417000004/amgn-12312016x10k.htm"}, {"date": "2016-09-30", "symbol": "AMGN", "fillingDate": "2016-10-28", "acceptedDate": "2016-10-28 16:47:10", "period": "Q3", "revenue": 5811000000, "costOfRevenue": 1027000000, "grossProfit": 4784000000, "grossProfitRatio": 0.8232662192393736, "researchAndDevelopmentExpenses": 990000000, "generalAndAdministrativeExpenses": 1244000000, "sellingAndMarketingExpenses": 0.0, "otherExpenses": 23000000, "operatingExpenses": 2257000000, "costAndExpenses": 3284000000, "interestExpense": 0.0, "depreciationAndAmortization": 503000000, "ebitda": 3030000000, "ebitdaratio": 0.521424883841, "operatingIncome": 2527000000, "operatingIncomeRatio": 0.434864911375, "totalOtherIncomeExpensesNet": 216000000, "incomeBeforeTax": 2418000000, "incomeBeforeTaxRatio": 0.41610738255, "incomeTaxExpense": 401000000, "netIncome": 2017000000, "netIncomeRatio": 0.347100326966, "eps": 2.69, "epsdiluted": 2.66, "weightedAverageShsOut": 752000000, "weightedAverageShsOutDil": 758000000, "link": "https://www.sec.gov/Archives/edgar/data/318154/000031815416000053/0000318154-16-000053-index.htm", "finalLink": "https://www.sec.gov/Archives/edgar/data/318154/000031815416000053/amgn-2016930x10q.htm"}, {"date": "2016-06-30", "symbol": "AMGN", "fillingDate": "2016-07-29", "acceptedDate": "2016-07-29 16:47:26", "period": "Q2", "revenue": 5688000000, "costOfRevenue": 1050000000, "grossProfit": 4638000000, "grossProfitRatio": 0.8154008438818565, "researchAndDevelopmentExpenses": 900000000, "generalAndAdministrativeExpenses": 1292000000, "sellingAndMarketingExpenses": 0.0, "otherExpenses": 66000000, "operatingExpenses": 2258000000, "costAndExpenses": 3308000000, "interestExpense": 0.0, "depreciationAndAmortization": 522000000, "ebitda": 2902000000, "ebitdaratio": 0.510196905767, "operatingIncome": 2380000000, "operatingIncomeRatio": 0.418424753868, "totalOtherIncomeExpensesNet": 137000000, "incomeBeforeTax": 2204000000, "incomeBeforeTaxRatio": 0.387482419128, "incomeTaxExpense": 334000000, "netIncome": 1870000000, "netIncomeRatio": 0.32876230661, "eps": 2.49, "epsdiluted": 2.47, "weightedAverageShsOut": 753000000, "weightedAverageShsOutDil": 759000000, "link": "https://www.sec.gov/Archives/edgar/data/318154/000031815416000046/0000318154-16-000046-index.htm", "finalLink": "https://www.sec.gov/Archives/edgar/data/318154/000031815416000046/amgn-2016630x10q.htm"}, {"date": "2016-03-31", "symbol": "AMGN", "fillingDate": "2016-05-02", "acceptedDate": "2016-05-02 16:49:29", "period": "Q1", "revenue": 5527000000, "costOfRevenue": 1018000000, "grossProfit": 4509000000, "grossProfitRatio": 0.8158132802605391, "researchAndDevelopmentExpenses": 872000000, "generalAndAdministrativeExpenses": 1203000000, "sellingAndMarketingExpenses": 0.0, "otherExpenses": 32000000, "operatingExpenses": 2107000000, "costAndExpenses": 3125000000, "interestExpense": 0.0, "depreciationAndAmortization": 521000000, "ebitda": 2923000000, "ebitdaratio": 0.528858331826, "operatingIncome": 2402000000, "operatingIncomeRatio": 0.434593812195, "totalOtherIncomeExpensesNet": 150000000, "incomeBeforeTax": 2258000000, "incomeBeforeTaxRatio": 0.408539895061, "incomeTaxExpense": 358000000, "netIncome": 1900000000, "netIncomeRatio": 0.343766962186, "eps": 2.52, "epsdiluted": 2.5, "weightedAverageShsOut": 753000000, "weightedAverageShsOutDil": 760000000, "link": "https://www.sec.gov/Archives/edgar/data/318154/000031815416000035/0000318154-16-000035-index.htm", "finalLink": "https://www.sec.gov/Archives/edgar/data/318154/000031815416000035/amgn-2016331x10q.htm"}, {"date": "2015-12-31", "symbol": "AMGN", "fillingDate": "2016-02-16", "acceptedDate": "2016-02-16 07:00:35", "period": "FY", "revenue": 5536000000, "costOfRevenue": 1071000000, "grossProfit": 4465000000, "grossProfitRatio": 0.8065390173410405, "researchAndDevelopmentExpenses": 1093000000, "generalAndAdministrativeExpenses": 1416000000, "sellingAndMarketingExpenses": 0.0, "otherExpenses": 994000000, "operatingExpenses": 2432000000, "costAndExpenses": 3503000000, "interestExpense": 0.0, "depreciationAndAmortization": 542000000, "ebitda": 2575000000, "ebitdaratio": 0.465137283237, "operatingIncome": 2033000000, "operatingIncomeRatio": 0.36723265896, "totalOtherIncomeExpensesNet": 164000000, "incomeBeforeTax": 1913000000, "incomeBeforeTaxRatio": 0.345556358382, "incomeTaxExpense": 113000000, "netIncome": 1800000000, "netIncomeRatio": 0.325144508671, "eps": 2.39, "epsdiluted": 2.36, "weightedAverageShsOut": 758000000, "weightedAverageShsOutDil": 766000000, "link": "https://www.sec.gov/Archives/edgar/data/318154/000031815416000031/0000318154-16-000031-index.htm", "finalLink": "https://www.sec.gov/Archives/edgar/data/318154/000031815416000031/amgn-12312015x10k.htm"}, {"date": "2015-09-30", "symbol": "AMGN", "fillingDate": "2015-11-02", "acceptedDate": "2015-11-02 06:09:19", "period": "Q3", "revenue": 5723000000, "costOfRevenue": 1034000000, "grossProfit": 4689000000, "grossProfitRatio": 0.8193255285689324, "researchAndDevelopmentExpenses": 1119000000, "generalAndAdministrativeExpenses": 1244000000, "sellingAndMarketingExpenses": 0.0, "otherExpenses": 1021000000, "operatingExpenses": 2350000000, "costAndExpenses": 3384000000, "interestExpense": 0.0, "depreciationAndAmortization": 523000000, "ebitda": 2862000000, "ebitdaratio": 0.500087366766, "operatingIncome": 2339000000, "operatingIncomeRatio": 0.408701729862, "totalOtherIncomeExpensesNet": 135000000, "incomeBeforeTax": 2192000000, "incomeBeforeTaxRatio": 0.383015900751, "incomeTaxExpense": 329000000, "netIncome": 1863000000, "netIncomeRatio": 0.325528568932, "eps": 2.46, "epsdiluted": 2.44, "weightedAverageShsOut": 760000000, "weightedAverageShsOutDil": 767000000, "link": "https://www.sec.gov/Archives/edgar/data/318154/000031815415000025/0000318154-15-000025-index.htm", "finalLink": "https://www.sec.gov/Archives/edgar/data/318154/000031815415000025/amgn-2015930x10q.htm"}, {"date": "2015-06-30", "symbol": "AMGN", "fillingDate": "2015-08-05", "acceptedDate": "2015-08-05 06:04:03", "period": "Q2", "revenue": 5370000000, "costOfRevenue": 1089000000, "grossProfit": 4281000000, "grossProfitRatio": 0.7972067039106145, "researchAndDevelopmentExpenses": 964000000, "generalAndAdministrativeExpenses": 1160000000, "sellingAndMarketingExpenses": 0.0, "otherExpenses": 81000000, "operatingExpenses": 2205000000, "costAndExpenses": 3294000000, "interestExpense": 0.0, "depreciationAndAmortization": 519000000, "ebitda": 2595000000, "ebitdaratio": 0.483240223464, "operatingIncome": 2076000000, "operatingIncomeRatio": 0.386592178771, "totalOtherIncomeExpensesNet": 198000000, "incomeBeforeTax": 1997000000, "incomeBeforeTaxRatio": 0.371880819367, "incomeTaxExpense": 344000000, "netIncome": 1653000000, "netIncomeRatio": 0.30782122905, "eps": 2.17, "epsdiluted": 2.15, "weightedAverageShsOut": 761000000, "weightedAverageShsOutDil": 769000000, "link": "https://www.sec.gov/Archives/edgar/data/318154/000031815415000022/0000318154-15-000022-index.htm", "finalLink": "https://www.sec.gov/Archives/edgar/data/318154/000031815415000022/amgn-2015630x10q.htm"}, {"date": "2015-03-31", "symbol": "AMGN", "fillingDate": "2015-04-27", "acceptedDate": "2015-04-27 06:14:16", "period": "Q1", "revenue": 5033000000, "costOfRevenue": 1033000000, "grossProfit": 4000000000, "grossProfitRatio": 0.794754619511226, "researchAndDevelopmentExpenses": 894000000, "generalAndAdministrativeExpenses": 1026000000, "sellingAndMarketingExpenses": 0.0, "otherExpenses": 58000000, "operatingExpenses": 1978000000, "costAndExpenses": 3011000000, "interestExpense": 0.0, "depreciationAndAmortization": 524000000, "ebitda": 2546000000, "ebitdaratio": 0.505861315319, "operatingIncome": 2022000000, "operatingIncomeRatio": 0.401748460163, "totalOtherIncomeExpensesNet": 106000000, "incomeBeforeTax": 1876000000, "incomeBeforeTaxRatio": 0.372739916551, "incomeTaxExpense": 253000000, "netIncome": 1623000000, "netIncomeRatio": 0.322471686867, "eps": 2.13, "epsdiluted": 2.11, "weightedAverageShsOut": 761000000, "weightedAverageShsOutDil": 770000000, "link": "https://www.sec.gov/Archives/edgar/data/318154/000031815415000010/0000318154-15-000010-index.htm", "finalLink": "https://www.sec.gov/Archives/edgar/data/318154/000031815415000010/amgn-2015331x10q.htm"}, {"date": "2014-12-31", "symbol": "AMGN", "fillingDate": "2015-02-19", "acceptedDate": "2015-02-19 17:06:08", "period": "FY", "revenue": 5331000000, "costOfRevenue": 1183000000, "grossProfit": 4148000000, "grossProfitRatio": 0.7780904145563684, "researchAndDevelopmentExpenses": 1234000000, "generalAndAdministrativeExpenses": 1327000000, "sellingAndMarketingExpenses": 0.0, "otherExpenses": 128000000, "operatingExpenses": 2689000000, "costAndExpenses": 3872000000, "interestExpense": 1000000.0, "depreciationAndAmortization": 525000000, "ebitda": 1984000000, "ebitdaratio": 0.372162821234, "operatingIncome": 1459000000, "operatingIncomeRatio": 0.273682235978, "totalOtherIncomeExpensesNet": 88000000, "incomeBeforeTax": 1286000000, "incomeBeforeTaxRatio": 0.241230538361, "incomeTaxExpense": 427000000, "netIncome": 1294000000, "netIncomeRatio": 0.242731194898, "eps": 1.7, "epsdiluted": 1.68, "weightedAverageShsOut": 759000000, "weightedAverageShsOutDil": 770000000, "link": "https://www.sec.gov/Archives/edgar/data/318154/000031815415000005/0000318154-15-000005-index.htm", "finalLink": "https://www.sec.gov/Archives/edgar/data/318154/000031815415000005/amgn-12312014x10k.htm"}, {"date": "2014-09-30", "symbol": "AMGN", "fillingDate": "2014-10-29", "acceptedDate": "2014-10-29 16:46:52", "period": "Q3", "revenue": 5031000000, "costOfRevenue": 1068000000, "grossProfit": 3963000000, "grossProfitRatio": 0.7877161598091831, "researchAndDevelopmentExpenses": 1018000000, "generalAndAdministrativeExpenses": 1213000000, "sellingAndMarketingExpenses": 0.0, "otherExpenses": 266000000, "operatingExpenses": 2497000000, "costAndExpenses": 3565000000, "interestExpense": 0.0, "depreciationAndAmortization": 543000000, "ebitda": 2009000000, "ebitdaratio": 0.399324190022, "operatingIncome": 1466000000, "operatingIncomeRatio": 0.291393361161, "totalOtherIncomeExpensesNet": 140000000, "incomeBeforeTax": 1337000000, "incomeBeforeTaxRatio": 0.26575233552, "incomeTaxExpense": 93000000, "netIncome": 1244000000, "netIncomeRatio": 0.247266944941, "eps": 1.64, "epsdiluted": 1.61, "weightedAverageShsOut": 758000000, "weightedAverageShsOutDil": 769000000, "link": "https://www.sec.gov/Archives/edgar/data/318154/000031815414000022/0000318154-14-000022-index.htm", "finalLink": "https://www.sec.gov/Archives/edgar/data/318154/000031815414000022/amgn-2014930x10q.htm"}, {"date": "2014-06-30", "symbol": "AMGN", "fillingDate": "2014-08-05", "acceptedDate": "2014-08-05 16:06:09", "period": "Q2", "revenue": 5180000000, "costOfRevenue": 1081000000, "grossProfit": 4099000000, "grossProfitRatio": 0.7913127413127413, "researchAndDevelopmentExpenses": 1018000000, "generalAndAdministrativeExpenses": 1136000000, "sellingAndMarketingExpenses": 0.0, "otherExpenses": 43000000, "operatingExpenses": 2197000000, "costAndExpenses": 3278000000, "interestExpense": 0.0, "depreciationAndAmortization": 506000000, "ebitda": 2408000000, "ebitdaratio": 0.464864864865, "operatingIncome": 1902000000, "operatingIncomeRatio": 0.367181467181, "totalOtherIncomeExpensesNet": 138000000, "incomeBeforeTax": 1758000000, "incomeBeforeTaxRatio": 0.339382239382, "incomeTaxExpense": 211000000, "netIncome": 1547000000, "netIncomeRatio": 0.298648648649, "eps": 2.04, "epsdiluted": 2.01, "weightedAverageShsOut": 758000000, "weightedAverageShsOutDil": 768000000, "link": "https://www.sec.gov/Archives/edgar/data/318154/000031815414000017/0000318154-14-000017-index.htm", "finalLink": "https://www.sec.gov/Archives/edgar/data/318154/000031815414000017/amgn-2014630x10q.htm"}, {"date": "2014-03-31", "symbol": "AMGN", "fillingDate": "2014-04-30", "acceptedDate": "2014-04-30 16:18:43", "period": "Q1", "revenue": 4521000000, "costOfRevenue": 1090000000, "grossProfit": 3431000000, "grossProfitRatio": 0.758902897589029, "researchAndDevelopmentExpenses": 1027000000, "generalAndAdministrativeExpenses": 1023000000, "sellingAndMarketingExpenses": 0.0, "otherExpenses": 17000000, "operatingExpenses": 2067000000, "costAndExpenses": 3157000000, "interestExpense": 0.0, "depreciationAndAmortization": 518000000, "ebitda": 1882000000, "ebitdaratio": 0.416279584163, "operatingIncome": 1364000000, "operatingIncomeRatio": 0.301703163017, "totalOtherIncomeExpensesNet": 99000000, "incomeBeforeTax": 1204000000, "incomeBeforeTaxRatio": 0.26631276266312764, "incomeTaxExpense": 131000000, "netIncome": 1073000000, "netIncomeRatio": 0.237336872373, "eps": 1.42, "epsdiluted": 1.4, "weightedAverageShsOut": 757000000, "weightedAverageShsOutDil": 768000000, "link": "https://www.sec.gov/Archives/edgar/data/318154/000031815414000008/0000318154-14-000008-index.htm", "finalLink": "https://www.sec.gov/Archives/edgar/data/318154/000031815414000008/amgn-2014331x10q.htm"}, {"date": "2013-12-31", "symbol": "AMGN", "fillingDate": "2014-02-24", "acceptedDate": "2014-02-24 16:07:20", "period": "FY", "revenue": 5011000000, "costOfRevenue": 1029000000, "grossProfit": 3982000000, "grossProfitRatio": 0.794651766114548, "researchAndDevelopmentExpenses": 1249000000, "generalAndAdministrativeExpenses": 1521000000, "sellingAndMarketingExpenses": 0.0, "otherExpenses": 25000000, "operatingExpenses": 2795000000, "costAndExpenses": 3824000000, "interestExpense": -1000000.0, "depreciationAndAmortization": 444000000, "ebitda": 1631000000, "ebitdaratio": 0.325483935342, "operatingIncome": 1187000000, "operatingIncomeRatio": 0.236878866494, "totalOtherIncomeExpensesNet": 88000000, "incomeBeforeTax": 1014000000, "incomeBeforeTaxRatio": 0.202354819397, "incomeTaxExpense": -7000000.0, "netIncome": 1021000000, "netIncomeRatio": 0.203751746158, "eps": 1.35, "epsdiluted": 1.33, "weightedAverageShsOut": 753000000, "weightedAverageShsOutDil": 765000000, "link": "https://www.sec.gov/Archives/edgar/data/318154/000031815414000004/0000318154-14-000004-index.htm", "finalLink": "https://www.sec.gov/Archives/edgar/data/318154/000031815414000004/amgn-12312013x10k.htm"}, {"date": "2013-09-30", "symbol": "AMGN", "fillingDate": "2013-10-29", "acceptedDate": "2013-10-29 17:22:48", "period": "Q3", "revenue": 4748000000, "costOfRevenue": 788000000, "grossProfit": 3960000000, "grossProfitRatio": 0.8340353833192923, "researchAndDevelopmentExpenses": 989000000, "generalAndAdministrativeExpenses": 1249000000, "sellingAndMarketingExpenses": 0.0, "otherExpenses": 34000000, "operatingExpenses": 2272000000, "costAndExpenses": 3060000000, "interestExpense": 0.0, "depreciationAndAmortization": 288000000, "ebitda": 1976000000, "ebitdaratio": 0.416175231676, "operatingIncome": 1688000000, "operatingIncomeRatio": 0.35551811289, "totalOtherIncomeExpensesNet": 72000000, "incomeBeforeTax": 1503000000, "incomeBeforeTaxRatio": 0.316554338669, "incomeTaxExpense": 135000000, "netIncome": 1368000000, "netIncomeRatio": 0.288121314238, "eps": 1.82, "epsdiluted": 1.79, "weightedAverageShsOut": 752000000, "weightedAverageShsOutDil": 764000000, "link": "https://www.sec.gov/Archives/edgar/data/318154/000031815413000012/0000318154-13-000012-index.htm", "finalLink": "https://www.sec.gov/Archives/edgar/data/318154/000031815413000012/amgn-2013930x10q.htm"}, {"date": "2013-06-30", "symbol": "AMGN", "fillingDate": "2013-08-06", "acceptedDate": "2013-08-06 17:10:01", "period": "Q2", "revenue": 4679000000, "costOfRevenue": 785000000, "grossProfit": 3894000000, "grossProfitRatio": 0.8322291087839282, "researchAndDevelopmentExpenses": 967000000, "generalAndAdministrativeExpenses": 1256000000, "sellingAndMarketingExpenses": 0.0, "otherExpenses": 121000000, "operatingExpenses": 2344000000, "costAndExpenses": 3129000000, "interestExpense": 0.0, "depreciationAndAmortization": 277000000, "ebitda": 1827000000, "ebitdaratio": 0.390468048728, "operatingIncome": 1550000000, "operatingIncomeRatio": 0.331267364822, "totalOtherIncomeExpensesNet": 96000000, "incomeBeforeTax": 1405000000, "incomeBeforeTaxRatio": 0.300277837145, "incomeTaxExpense": 147000000, "netIncome": 1258000000, "netIncomeRatio": 0.268860867707, "eps": 1.67, "epsdiluted": 1.64, "weightedAverageShsOut": 752000000, "weightedAverageShsOutDil": 764000000, "link": "https://www.sec.gov/Archives/edgar/data/318154/000031815413000008/0000318154-13-000008-index.htm", "finalLink": "https://www.sec.gov/Archives/edgar/data/318154/000031815413000008/amgn-2013630x10q.htm"}, {"date": "2013-03-31", "symbol": "AMGN", "fillingDate": "2013-05-03", "acceptedDate": "2013-05-03 16:23:52", "period": "Q1", "revenue": 4238000000, "costOfRevenue": 744000000, "grossProfit": 3494000000, "grossProfitRatio": 0.8244454931571495, "researchAndDevelopmentExpenses": 878000000, "generalAndAdministrativeExpenses": 1158000000, "sellingAndMarketingExpenses": 0.0, "otherExpenses": 16000000, "operatingExpenses": 2052000000, "costAndExpenses": 2796000000, "interestExpense": 0.0, "depreciationAndAmortization": 277000000, "ebitda": 1719000000, "ebitdaratio": 0.405615856536, "operatingIncome": 1442000000, "operatingIncomeRatio": 0.340254837187, "totalOtherIncomeExpensesNet": 164000000, "incomeBeforeTax": 1343000000, "incomeBeforeTaxRatio": 0.3168947616800378, "incomeTaxExpense": -91000000, "netIncome": 1434000000, "netIncomeRatio": 0.338367154318, "eps": 1.91, "epsdiluted": 1.88, "weightedAverageShsOut": 751000000, "weightedAverageShsOutDil": 764000000, "link": "https://www.sec.gov/Archives/edgar/data/318154/000144530513001107/0001445305-13-001107-index.htm", "finalLink": "https://www.sec.gov/Archives/edgar/data/318154/000144530513001107/amgn-2013331x10q.htm"}, {"date": "2012-12-31", "symbol": "AMGN", "fillingDate": "2013-02-27", "acceptedDate": "2013-02-27 16:18:11", "period": "FY", "revenue": 4421000000, "costOfRevenue": 852000000, "grossProfit": 3569000000, "grossProfitRatio": 0.8072834200407147, "researchAndDevelopmentExpenses": 938000000, "generalAndAdministrativeExpenses": 1370000000, "sellingAndMarketingExpenses": 0.0, "otherExpenses": 100000000, "operatingExpenses": 2408000000, "costAndExpenses": 3333000000, "interestExpense": 0.0, "depreciationAndAmortization": 273000000, "ebitda": 1361000000, "ebitdaratio": 0.307848902963, "operatingIncome": 1088000000, "operatingIncomeRatio": 0.246098167835, "totalOtherIncomeExpensesNet": 126000000, "incomeBeforeTax": 923000000, "incomeBeforeTaxRatio": 0.208776294956, "incomeTaxExpense": 135000000, "netIncome": 788000000, "netIncomeRatio": 0.178240217145, "eps": 1.04, "epsdiluted": 1.01, "weightedAverageShsOut": 775000000, "weightedAverageShsOutDil": 787000000, "link": "https://www.sec.gov/Archives/edgar/data/318154/000144530513000364/0001445305-13-000364-index.htm", "finalLink": "https://www.sec.gov/Archives/edgar/data/318154/000144530513000364/amgn-12312012x10k.htm"}, {"date": "2012-09-30", "symbol": "AMGN", "fillingDate": "2012-11-06", "acceptedDate": "2012-11-06 16:47:49", "period": "Q3", "revenue": 12844000000, "costOfRevenue": 705000000, "grossProfit": 12139000000, "grossProfitRatio": 0.9451105574587356, "researchAndDevelopmentExpenses": 2442000000, "generalAndAdministrativeExpenses": 3431000000, "sellingAndMarketingExpenses": 0.0, "otherExpenses": 195000000, "operatingExpenses": 6068000000, "costAndExpenses": 8355000000, "interestExpense": 0.0, "depreciationAndAmortization": 815000000, "ebitda": 5304000000, "ebitdaratio": 0.412955465587, "operatingIncome": 4489000000, "operatingIncomeRatio": 0.349501712862, "totalOtherIncomeExpensesNet": 359000000, "incomeBeforeTax": 4086000000, "incomeBeforeTaxRatio": 0.318125194643, "incomeTaxExpense": 529000000, "netIncome": 3557000000, "netIncomeRatio": 0.276938648396, "eps": 4.57, "epsdiluted": 4.51, "weightedAverageShsOut": 779000000, "weightedAverageShsOutDil": 789000000, "link": "https://www.sec.gov/Archives/edgar/data/318154/000144530512003469/0001445305-12-003469-index.htm", "finalLink": "https://www.sec.gov/Archives/edgar/data/318154/000144530512003469/amgn-2012930x10q.htm"}, {"date": "2012-06-30", "symbol": "AMGN", "fillingDate": "2012-08-08", "acceptedDate": "2012-08-08 17:03:20", "period": "Q2", "revenue": 4477000000, "costOfRevenue": 682000000, "grossProfit": 3795000000, "grossProfitRatio": 0.8476658476658476, "researchAndDevelopmentExpenses": 826000000, "generalAndAdministrativeExpenses": 1228000000, "sellingAndMarketingExpenses": 0.0, "otherExpenses": 834000000, "operatingExpenses": 2888000000, "costAndExpenses": 3570000000, "interestExpense": 0.0, "depreciationAndAmortization": 269000000, "ebitda": 1858000000, "ebitdaratio": 0.41501005137368774, "operatingIncome": 1589000000, "operatingIncomeRatio": 0.3549251731069913, "totalOtherIncomeExpensesNet": 124000000, "incomeBeforeTax": 1457000000, "incomeBeforeTaxRatio": 0.3254411436229618, "incomeTaxExpense": 191000000, "netIncome": 1266000000, "netIncomeRatio": 0.28277864641501005, "eps": 0.0, "epsdiluted": 0.0, "weightedAverageShsOut": 779000000, "weightedAverageShsOutDil": 789000000, "link": "https://www.sec.gov/Archives/edgar/data/318154/000119312512344279/0001193125-12-344279-index.htm", "finalLink": "https://www.sec.gov/Archives/edgar/data/318154/000119312512344279/d351286d10q.htm"}, {"date": "2012-03-31", "symbol": "AMGN", "fillingDate": "2012-05-08", "acceptedDate": "2012-05-08 06:03:22", "period": "Q1", "revenue": 4048000000, "costOfRevenue": 679000000, "grossProfit": 3369000000, "grossProfitRatio": 0.8322628458498024, "researchAndDevelopmentExpenses": 736000000, "generalAndAdministrativeExpenses": 1076000000, "sellingAndMarketingExpenses": 0.0, "otherExpenses": 759000000, "operatingExpenses": 2571000000, "costAndExpenses": 3250000000, "interestExpense": 0.0, "depreciationAndAmortization": 259000000, "ebitda": 1736000000, "ebitdaratio": 0.4288537549407115, "operatingIncome": 1477000000, "operatingIncomeRatio": 0.36487154150197626, "totalOtherIncomeExpensesNet": 124000000, "incomeBeforeTax": 1366000000, "incomeBeforeTaxRatio": 0.3374505928853755, "incomeTaxExpense": 182000000, "netIncome": 1184000000, "netIncomeRatio": 0.2924901185770751, "eps": 0.0, "epsdiluted": 0.0, "weightedAverageShsOut": 779000000, "weightedAverageShsOutDil": 789000000, "link": "https://www.sec.gov/Archives/edgar/data/318154/000119312512216282/0001193125-12-216282-index.htm", "finalLink": "https://www.sec.gov/Archives/edgar/data/318154/000119312512216282/d312223d10q.htm"}, {"date": "2011-12-31", "symbol": "AMGN", "fillingDate": "2012-02-29", "acceptedDate": "2012-02-29 06:02:52", "period": "FY", "revenue": 3973000000, "costOfRevenue": 656000000, "grossProfit": 3317000000, "grossProfitRatio": 0.8348854769695444, "researchAndDevelopmentExpenses": 851000000, "generalAndAdministrativeExpenses": 1208000000, "sellingAndMarketingExpenses": 0.0, "otherExpenses": 752000000, "operatingExpenses": 2811000000, "costAndExpenses": 3467000000, "interestExpense": 0.0, "depreciationAndAmortization": 261000000, "ebitda": 1423000000, "ebitdaratio": 0.3581676315127108, "operatingIncome": 1162000000, "operatingIncomeRatio": 0.29247420085577647, "totalOtherIncomeExpensesNet": 84000000, "incomeBeforeTax": 1051000000, "incomeBeforeTaxRatio": 0.26453561540397685, "incomeTaxExpense": 117000000, "netIncome": 934000000, "netIncomeRatio": 0.2350868361439718, "eps": 0.0, "epsdiluted": 0.0, "weightedAverageShsOut": 779000000, "weightedAverageShsOutDil": 789000000, "link": "https://www.sec.gov/Archives/edgar/data/318154/000119312512086670/0001193125-12-086670-index.htm", "finalLink": "https://www.sec.gov/Archives/edgar/data/318154/000119312512086670/d241420d10k.htm"}, {"date": "2011-09-30", "symbol": "AMGN", "fillingDate": "2011-11-04", "acceptedDate": "2011-11-04 06:10:39", "period": "Q3", "revenue": 3944000000, "costOfRevenue": 605000000, "grossProfit": 3339000000, "grossProfitRatio": 0.8466024340770791, "researchAndDevelopmentExpenses": 761000000, "generalAndAdministrativeExpenses": 1125000000, "sellingAndMarketingExpenses": 0.0, "otherExpenses": 1533000000, "operatingExpenses": 3419000000, "costAndExpenses": 4024000000, "interestExpense": 0.0, "depreciationAndAmortization": 265000000, "ebitda": 790000000, "ebitdaratio": 0.20030425963488843, "operatingIncome": 525000000, "operatingIncomeRatio": 0.13311359026369168, "totalOtherIncomeExpensesNet": 87000000, "incomeBeforeTax": 454000000, "incomeBeforeTaxRatio": 0.11511156186612576, "incomeTaxExpense": 0.0, "netIncome": 454000000, "netIncomeRatio": 0.11511156186612576, "eps": 0.0, "epsdiluted": 0.0, "weightedAverageShsOut": 779000000, "weightedAverageShsOutDil": 789000000, "link": "https://www.sec.gov/Archives/edgar/data/318154/000119312511296147/0001193125-11-296147-index.htm", "finalLink": "https://www.sec.gov/Archives/edgar/data/318154/000119312511296147/d241043d10q.htm"}, {"date": "2011-06-30", "symbol": "AMGN", "fillingDate": "2011-08-08", "acceptedDate": "2011-08-08 14:54:26", "period": "Q2", "revenue": 3959000000, "costOfRevenue": 602000000, "grossProfit": 3357000000, "grossProfitRatio": 0.8479413993432685, "researchAndDevelopmentExpenses": 819000000, "generalAndAdministrativeExpenses": 1130000000, "sellingAndMarketingExpenses": 0.0, "otherExpenses": 678000000, "operatingExpenses": 2627000000, "costAndExpenses": 3229000000, "interestExpense": 0.0, "depreciationAndAmortization": 261000000, "ebitda": 1593000000, "ebitdaratio": 0.4023743369537762, "operatingIncome": 1332000000, "operatingIncomeRatio": 0.3364485981308411, "totalOtherIncomeExpensesNet": 129000000, "incomeBeforeTax": 1339000000, "incomeBeforeTaxRatio": 0.3382167213942915, "incomeTaxExpense": 169000000, "netIncome": 1170000000, "netIncomeRatio": 0.29552917403384693, "eps": 0.0, "epsdiluted": 0.0, "weightedAverageShsOut": 779000000, "weightedAverageShsOutDil": 789000000, "link": "https://www.sec.gov/Archives/edgar/data/318154/000095012311074348/0000950123-11-074348-index.htm", "finalLink": "https://www.sec.gov/Archives/edgar/data/318154/000095012311074348/v59427e10vq.htm"}, {"date": "2011-03-31", "symbol": "AMGN", "fillingDate": "2011-05-10", "acceptedDate": "2011-05-10 13:12:16", "period": "Q1", "revenue": 3706000000, "costOfRevenue": 564000000, "grossProfit": 3142000000, "grossProfitRatio": 0.847814355099838, "researchAndDevelopmentExpenses": 736000000, "generalAndAdministrativeExpenses": 1023000000, "sellingAndMarketingExpenses": 0.0, "otherExpenses": 654000000, "operatingExpenses": 2413000000, "costAndExpenses": 2977000000, "interestExpense": 0.0, "depreciationAndAmortization": 273000000, "ebitda": 1566000000, "ebitdaratio": 0.4225580140313006, "operatingIncome": 1293000000, "operatingIncomeRatio": 0.34889368591473285, "totalOtherIncomeExpensesNet": 148000000, "incomeBeforeTax": 1306000000, "incomeBeforeTaxRatio": 0.3524015110631408, "incomeTaxExpense": 181000000, "netIncome": 1125000000, "netIncomeRatio": 0.3035617916891527, "eps": 0.0, "epsdiluted": 0.0, "weightedAverageShsOut": 779000000, "weightedAverageShsOutDil": 789000000, "link": "https://www.sec.gov/Archives/edgar/data/318154/000095012311048073/0000950123-11-048073-index.htm", "finalLink": "https://www.sec.gov/Archives/edgar/data/318154/000095012311048073/v58996e10vq.htm"}, {"date": "2010-12-31", "symbol": "AMGN", "fillingDate": "2011-02-25", "acceptedDate": "2011-02-25 16:38:48", "period": "FY", "revenue": 15053000000, "costOfRevenue": 572000000, "grossProfit": 14481000000, "grossProfitRatio": 0.9620009300471667, "researchAndDevelopmentExpenses": 854000000, "generalAndAdministrativeExpenses": 1156000000, "sellingAndMarketingExpenses": 0.0, "otherExpenses": 763000000, "operatingExpenses": 2773000000, "costAndExpenses": 3345000000, "interestExpense": 0.0, "depreciationAndAmortization": 261000000, "ebitda": 1329000000, "ebitdaratio": 0.34600364488414476, "operatingIncome": 1068000000, "operatingIncomeRatio": 0.27805259047123143, "totalOtherIncomeExpensesNet": 93000000, "incomeBeforeTax": 999000000, "incomeBeforeTaxRatio": 0.26008851861494403, "incomeTaxExpense": -23000000, "netIncome": 1022000000, "netIncomeRatio": 0.26607654256703983, "eps": 0.0, "epsdiluted": 0.0, "weightedAverageShsOut": 779000000, "weightedAverageShsOutDil": 789000000, "link": "https://www.sec.gov/Archives/edgar/data/318154/000095012311018800/0000950123-11-018800-index.htm", "finalLink": "https://www.sec.gov/Archives/edgar/data/318154/000095012311018800/v57113e10vk.htm"}, {"date": "2010-09-30", "symbol": "AMGN", "fillingDate": "2010-11-08", "acceptedDate": "2010-11-08 15:23:00", "period": "Q3", "revenue": 3816000000, "costOfRevenue": 587000000, "grossProfit": 3229000000, "grossProfitRatio": 0.8461740041928721, "researchAndDevelopmentExpenses": 719000000, "generalAndAdministrativeExpenses": 957000000, "sellingAndMarketingExpenses": 0.0, "otherExpenses": 661000000, "operatingExpenses": 2337000000, "costAndExpenses": 2924000000, "interestExpense": 0.0, "depreciationAndAmortization": 253000000, "ebitda": 1732000000, "ebitdaratio": 0.45387840670859536, "operatingIncome": 1479000000, "operatingIncomeRatio": 0.38757861635220126, "totalOtherIncomeExpensesNet": 105000000, "incomeBeforeTax": 1434000000, "incomeBeforeTaxRatio": 0.3757861635220126, "incomeTaxExpense": 198000000, "netIncome": 1236000000, "netIncomeRatio": 0.3238993710691824, "eps": 0.0, "epsdiluted": 0.0, "weightedAverageShsOut": 779000000, "weightedAverageShsOutDil": 789000000, "link": "https://www.sec.gov/Archives/edgar/data/318154/000095012310102391/0000950123-10-102391-index.htm", "finalLink": "https://www.sec.gov/Archives/edgar/data/318154/000095012310102391/v57086e10vq.htm"}, {"date": "2010-06-30", "symbol": "AMGN", "fillingDate": "2010-08-09", "acceptedDate": "2010-08-09 13:57:15", "period": "Q2", "revenue": 3804000000, "costOfRevenue": 553000000, "grossProfit": 3251000000, "grossProfitRatio": 0.8546267087276551, "researchAndDevelopmentExpenses": 675000000, "generalAndAdministrativeExpenses": 986000000, "sellingAndMarketingExpenses": 0.0, "otherExpenses": 1000000.0, "operatingExpenses": 2287000000, "costAndExpenses": 2840000000, "interestExpense": 0.0, "depreciationAndAmortization": -252000000, "ebitda": 1265000000, "ebitdaratio": 0.482461024499, "operatingIncome": 1517000000, "operatingIncomeRatio": 0.412305122494, "totalOtherIncomeExpensesNet": 94000000, "incomeBeforeTax": 1464000000, "incomeBeforeTaxRatio": 0.395322939866, "incomeTaxExpense": 262000000, "netIncome": 1202000000, "netIncomeRatio": 0.324888641425, "eps": -1.19, "epsdiluted": -1.18, "weightedAverageShsOut": 779000000, "weightedAverageShsOutDil": 789000000, "link": "https://www.sec.gov/Archives/edgar/data/318154/000095012310074870/0000950123-10-074870-index.htm", "finalLink": "https://www.sec.gov/Archives/edgar/data/318154/000095012310074870/v56588e10vq.htm"}, {"date": "2010-03-31", "symbol": "AMGN", "fillingDate": "2010-05-07", "acceptedDate": "2010-05-07 16:31:22", "period": "Q1", "revenue": 3592000000, "costOfRevenue": 508000000, "grossProfit": 3084000000, "grossProfitRatio": 0.8585746102449888, "researchAndDevelopmentExpenses": 646000000, "generalAndAdministrativeExpenses": 884000000, "sellingAndMarketingExpenses": 0.0, "otherExpenses": 581000000, "operatingExpenses": 1529000000, "costAndExpenses": 2111000000, "interestExpense": 0.0, "depreciationAndAmortization": 252000000, "ebitda": 1733000000, "ebitdaratio": 0.482461024499, "operatingIncome": 1481000000, "operatingIncomeRatio": 0.412305122494, "totalOtherIncomeExpensesNet": 84000000, "incomeBeforeTax": 1420000000, "incomeBeforeTaxRatio": 0.395322939866, "incomeTaxExpense": 253000000, "netIncome": 1167000000, "netIncomeRatio": 0.324888641425, "eps": 1.19, "epsdiluted": 1.18, "weightedAverageShsOut": 982000000, "weightedAverageShsOutDil": 988000000, "link": "https://www.sec.gov/Archives/edgar/data/318154/000119312510112950/0001193125-10-112950-index.htm", "finalLink": "https://www.sec.gov/Archives/edgar/data/318154/000119312510112950/d10q.htm"}, {"date": "2009-12-31", "symbol": "AMGN", "fillingDate": "2010-03-01", "acceptedDate": "2010-03-01 13:04:44", "period": "FY", "revenue": 3809000000, "costOfRevenue": 538000000, "grossProfit": 3271000000, "grossProfitRatio": 0.8587555788920976, "researchAndDevelopmentExpenses": 891000000, "generalAndAdministrativeExpenses": 1180000000, "sellingAndMarketingExpenses": 0.0, "otherExpenses": 615000000, "operatingExpenses": 2686000000, "costAndExpenses": 3224000000, "interestExpense": -142000000, "depreciationAndAmortization": 257000000, "ebitda": 1380000000, "ebitdaratio": 0.3622998162247309, "operatingIncome": 1123000000, "operatingIncomeRatio": 0.2948280388553426, "totalOtherIncomeExpensesNet": 94000000, "incomeBeforeTax": 1075000000, "incomeBeforeTaxRatio": 0.2822263061170911, "incomeTaxExpense": 144000000, "netIncome": 931000000, "netIncomeRatio": 0.24442110790233657, "eps": 4.53, "epsdiluted": 4.51, "weightedAverageShsOut": 1016000000, "weightedAverageShsOutDil": 1021000000, "link": "https://www.sec.gov/Archives/edgar/data/318154/000119312510044311/0001193125-10-044311-index.htm", "finalLink": "https://www.sec.gov/Archives/edgar/data/318154/000119312510044311/d10k.htm"}, {"date": "2009-09-30", "symbol": "AMGN", "fillingDate": "2009-11-06", "acceptedDate": "2009-11-06 17:10:11", "period": "Q3", "revenue": 3812000000, "costOfRevenue": 545000000, "grossProfit": 3267000000, "grossProfitRatio": 0.8570304302203567, "researchAndDevelopmentExpenses": 647000000, "generalAndAdministrativeExpenses": 932000000, "sellingAndMarketingExpenses": 0.0, "otherExpenses": 628000000, "operatingExpenses": 2207000000, "costAndExpenses": 2752000000, "interestExpense": -139000000, "depreciationAndAmortization": 272000000, "ebitda": 1877000000, "ebitdaratio": 0.49239244491080797, "operatingIncome": 1605000000, "operatingIncomeRatio": 0.4210388247639035, "totalOtherIncomeExpensesNet": 74000000, "incomeBeforeTax": 1540000000, "incomeBeforeTaxRatio": 0.40398740818467993, "incomeTaxExpense": 154000000, "netIncome": 1386000000, "netIncomeRatio": 0.363588667366212, "eps": 3.6, "epsdiluted": 3.58, "weightedAverageShsOut": 1016000000, "weightedAverageShsOutDil": 1021000000, "link": "https://www.sec.gov/Archives/edgar/data/318154/000119312509227739/0001193125-09-227739-index.htm", "finalLink": "https://www.sec.gov/Archives/edgar/data/318154/000119312509227739/d10q.htm"}, {"date": "2009-06-30", "symbol": "AMGN", "fillingDate": "2009-08-10", "acceptedDate": "2009-08-07 19:09:42", "period": "Q2", "revenue": 3713000000, "costOfRevenue": 531000000, "grossProfit": 3182000000, "grossProfitRatio": 0.8569889577161325, "researchAndDevelopmentExpenses": 693000000, "generalAndAdministrativeExpenses": 910000000, "sellingAndMarketingExpenses": 0.0, "otherExpenses": 653000000, "operatingExpenses": 2256000000, "costAndExpenses": 2787000000, "interestExpense": -386000000, "depreciationAndAmortization": 253000000, "ebitda": 1710000000, "ebitdaratio": 0.4605440344734716, "operatingIncome": 1457000000, "operatingIncomeRatio": 0.3924050632911392, "totalOtherIncomeExpensesNet": 197000000, "incomeBeforeTax": 1357000000, "incomeBeforeTaxRatio": 0.36547266361432806, "incomeTaxExpense": 88000000, "netIncome": 1269000000, "netIncomeRatio": 0.34177215189873417, "eps": 2.24, "epsdiluted": 2.23, "weightedAverageShsOut": 1016000000, "weightedAverageShsOutDil": 1021000000, "link": "https://www.sec.gov/Archives/edgar/data/318154/000119312509169378/0001193125-09-169378-index.htm", "finalLink": "https://www.sec.gov/Archives/edgar/data/318154/000119312509169378/d10q.htm"}, {"date": "2009-03-31", "symbol": "AMGN", "fillingDate": "2009-05-11", "acceptedDate": "2009-05-11 17:09:37", "period": "Q1", "revenue": 3308000000, "costOfRevenue": 477000000, "grossProfit": 2831000000, "grossProfitRatio": 0.8558041112454655, "researchAndDevelopmentExpenses": 633000000, "generalAndAdministrativeExpenses": 798000000, "sellingAndMarketingExpenses": 0.0, "otherExpenses": 556000000, "operatingExpenses": 1987000000, "costAndExpenses": 2464000000, "interestExpense": 89000000, "depreciationAndAmortization": 267000000, "ebitda": 1588000000, "ebitdaratio": 0.4800483675937122, "operatingIncome": 1321000000, "operatingIncomeRatio": 0.39933494558645705, "totalOtherIncomeExpensesNet": -89000000, "incomeBeforeTax": 1232000000, "incomeBeforeTaxRatio": 0.3724304715840387, "incomeTaxExpense": 213000000, "netIncome": 1019000000, "netIncomeRatio": 0.3080411124546554, "eps": 0.99, "epsdiluted": 0.98, "weightedAverageShsOut": 1032000000, "weightedAverageShsOutDil": 1037000000, "link": "https://www.sec.gov/Archives/edgar/data/318154/000119312509107323/0001193125-09-107323-index.htm", "finalLink": "https://www.sec.gov/Archives/edgar/data/318154/000119312509107323/d10q.htm"}, {"date": "2008-12-31", "symbol": "AMGN", "fillingDate": "2009-02-27", "acceptedDate": "2009-02-27 16:46:53", "period": "FY", "revenue": 3751000000, "costOfRevenue": 558000000, "grossProfit": 3193000000, "grossProfitRatio": 0.8512396694214877, "researchAndDevelopmentExpenses": 798000000, "generalAndAdministrativeExpenses": 1111000000, "sellingAndMarketingExpenses": 0.0, "otherExpenses": 705000000, "operatingExpenses": 2614000000, "costAndExpenses": 3172000000, "interestExpense": 335000000, "depreciationAndAmortization": 274000000, "ebitda": 1411000000, "ebitdaratio": 0.3761663556384964, "operatingIncome": 1137000000, "operatingIncomeRatio": 0.3031191682218075, "totalOtherIncomeExpensesNet": 333000000, "incomeBeforeTax": 1154000000, "incomeBeforeTaxRatio": 0.3076512929885364, "incomeTaxExpense": 193000000, "netIncome": 961000000, "netIncomeRatio": 0.256198347107438, "eps": 3.92, "epsdiluted": 3.9, "weightedAverageShsOut": 1070000000, "weightedAverageShsOutDil": 1075000000, "link": "https://www.sec.gov/Archives/edgar/data/318154/000119312509041091/0001193125-09-041091-index.htm", "finalLink": "https://www.sec.gov/Archives/edgar/data/318154/000119312509041091/d10k.htm"}, {"date": "2008-09-30", "symbol": "AMGN", "fillingDate": "2008-11-07", "acceptedDate": "2008-11-07 07:16:01", "period": "Q3", "revenue": 3875000000, "costOfRevenue": 677000000, "grossProfit": 3198000000, "grossProfitRatio": 0.8252903225806452, "researchAndDevelopmentExpenses": 729000000, "generalAndAdministrativeExpenses": 900000000, "sellingAndMarketingExpenses": 0.0, "otherExpenses": 763000000, "operatingExpenses": 2392000000, "costAndExpenses": 3069000000, "interestExpense": -19000000, "depreciationAndAmortization": 268000000, "ebitda": 1751000000, "ebitdaratio": 0.45187096774193547, "operatingIncome": 1483000000, "operatingIncomeRatio": 0.38270967741935485, "totalOtherIncomeExpensesNet": -12000000, "incomeBeforeTax": 1471000000, "incomeBeforeTaxRatio": 0.37961290322580643, "incomeTaxExpense": 313000000, "netIncome": 1158000000, "netIncomeRatio": 0.2988387096774194, "eps": 3.01, "epsdiluted": 3.0, "weightedAverageShsOut": 1075000000, "weightedAverageShsOutDil": 1079000000, "link": "https://www.sec.gov/Archives/edgar/data/318154/000119312508228861/0001193125-08-228861-index.htm", "finalLink": "https://www.sec.gov/Archives/edgar/data/318154/000119312508228861/d10q.htm"}, {"date": "2008-06-30", "symbol": "AMGN", "fillingDate": "2008-08-08", "acceptedDate": "2008-08-08 16:15:00", "period": "Q2", "revenue": 3764000000, "costOfRevenue": 515000000, "grossProfit": 3249000000, "grossProfitRatio": 0.8631774707757705, "researchAndDevelopmentExpenses": 809000000, "generalAndAdministrativeExpenses": 904000000, "sellingAndMarketingExpenses": 0.0, "otherExpenses": 872000000, "operatingExpenses": 2585000000, "costAndExpenses": 3100000000, "interestExpense": 22000000, "depreciationAndAmortization": 265000000, "ebitda": 1444000000, "ebitdaratio": 0.383634431455898, "operatingIncome": 1179000000, "operatingIncomeRatio": 0.313230605738576, "totalOtherIncomeExpensesNet": 9000000.0, "incomeBeforeTax": 1188000000, "incomeBeforeTaxRatio": 0.31562167906482463, "incomeTaxExpense": 247000000, "netIncome": 941000000, "netIncomeRatio": 0.25, "eps": 1.92, "epsdiluted": 1.91, "weightedAverageShsOut": 1083000000, "weightedAverageShsOutDil": 1086000000, "link": "https://www.sec.gov/Archives/edgar/data/318154/000119312508171935/0001193125-08-171935-index.htm", "finalLink": "https://www.sec.gov/Archives/edgar/data/318154/000119312508171935/d10q.htm"}, {"date": "2008-03-31", "symbol": "AMGN", "fillingDate": "2008-05-12", "acceptedDate": "2008-05-09 20:21:24", "period": "Q1", "revenue": 3613000000, "costOfRevenue": 546000000, "grossProfit": 3067000000, "grossProfitRatio": 0.848879047882646, "researchAndDevelopmentExpenses": 694000000, "generalAndAdministrativeExpenses": 874000000, "sellingAndMarketingExpenses": 0.0, "otherExpenses": 630000000, "operatingExpenses": 2198000000, "costAndExpenses": 2744000000, "interestExpense": -22000000, "depreciationAndAmortization": 266000000, "ebitda": 1681000000, "ebitdaratio": 0.4652643232770551, "operatingIncome": 1415000000, "operatingIncomeRatio": 0.39164129532244674, "totalOtherIncomeExpensesNet": 22000000, "incomeBeforeTax": 1437000000, "incomeBeforeTaxRatio": 0.3977304179352339, "incomeTaxExpense": 301000000, "netIncome": 1136000000, "netIncomeRatio": 0.3144201494602823, "eps": 1.04, "epsdiluted": 1.04, "weightedAverageShsOut": 1089000000, "weightedAverageShsOutDil": 1092000000, "link": "https://www.sec.gov/Archives/edgar/data/318154/000119312508110189/0001193125-08-110189-index.htm", "finalLink": "https://www.sec.gov/Archives/edgar/data/318154/000119312508110189/d10q.htm"}, {"date": "2007-12-31", "symbol": "AMGN", "fillingDate": "2008-02-28", "acceptedDate": "2008-02-27 20:55:52", "period": "FY", "revenue": 3745000000, "costOfRevenue": 606000000, "grossProfit": 3139000000, "grossProfitRatio": 0.8381842456608811, "researchAndDevelopmentExpenses": 822000000, "generalAndAdministrativeExpenses": 1001000000, "sellingAndMarketingExpenses": 0.0, "otherExpenses": 865000000, "operatingExpenses": 2688000000, "costAndExpenses": 3294000000, "interestExpense": 308000000, "depreciationAndAmortization": 302000000, "ebitda": 1359000000, "ebitdaratio": 0.3628838451268358, "operatingIncome": 1057000000, "operatingIncomeRatio": 0.2822429906542056, "totalOtherIncomeExpensesNet": 329000000, "incomeBeforeTax": 1058000000, "incomeBeforeTaxRatio": 0.28251001335113485, "incomeTaxExpense": 223000000, "netIncome": 835000000, "netIncomeRatio": 0.22296395193591456, "eps": 2.83, "epsdiluted": 2.82, "weightedAverageShsOut": 1117000000, "weightedAverageShsOutDil": 1123000000, "link": "https://www.sec.gov/Archives/edgar/data/318154/000119312508040431/0001193125-08-040431-index.htm", "finalLink": "https://www.sec.gov/Archives/edgar/data/318154/000119312508040431/d10k.htm"}, {"date": "2007-09-30", "symbol": "AMGN", "fillingDate": "2007-11-09", "acceptedDate": "2007-11-09 16:48:49", "period": "Q3", "revenue": 3611000000, "costOfRevenue": 792000000, "grossProfit": 2819000000, "grossProfitRatio": 0.7806701744669067, "researchAndDevelopmentExpenses": 776000000, "generalAndAdministrativeExpenses": 730000000, "sellingAndMarketingExpenses": 0.0, "otherExpenses": 1712000000, "operatingExpenses": 3218000000, "costAndExpenses": 4010000000, "interestExpense": 20000000, "depreciationAndAmortization": 374000000, "ebitda": 767000000, "ebitdaratio": 0.21240653558571032, "operatingIncome": 393000000, "operatingIncomeRatio": 0.1088341179728607, "totalOtherIncomeExpensesNet": -21000000, "incomeBeforeTax": 372000000, "incomeBeforeTaxRatio": 0.10301855441705898, "incomeTaxExpense": 171000000, "netIncome": 201000000, "netIncomeRatio": 0.05566325117695929, "eps": 2.07, "epsdiluted": 2.06, "weightedAverageShsOut": 1127000000, "weightedAverageShsOutDil": 1133000000, "link": "https://www.sec.gov/Archives/edgar/data/318154/000119312507242573/0001193125-07-242573-index.htm", "finalLink": "https://www.sec.gov/Archives/edgar/data/318154/000119312507242573/d10q.htm"}, {"date": "2007-06-30", "symbol": "AMGN", "fillingDate": "2007-08-09", "acceptedDate": "2007-08-08 21:46:11", "period": "Q2", "revenue": 3728000000, "costOfRevenue": 558000000, "grossProfit": 3170000000, "grossProfitRatio": 0.8503218884120172, "researchAndDevelopmentExpenses": 817000000, "generalAndAdministrativeExpenses": 860000000, "sellingAndMarketingExpenses": 0.0, "otherExpenses": 921000000, "operatingExpenses": 2598000000, "costAndExpenses": 3156000000, "interestExpense": -6000000.0, "depreciationAndAmortization": 282000000, "ebitda": 1412000000, "ebitdaratio": 0.37875536480686695, "operatingIncome": 1130000000, "operatingIncomeRatio": 0.3031115879828326, "totalOtherIncomeExpensesNet": 7000000.0, "incomeBeforeTax": 1137000000, "incomeBeforeTaxRatio": 0.3049892703862661, "incomeTaxExpense": 118000000, "netIncome": 1019000000, "netIncomeRatio": 0.27333690987124465, "eps": 1.86, "epsdiluted": 1.84, "weightedAverageShsOut": 1147000000, "weightedAverageShsOutDil": 1155000000, "link": "https://www.sec.gov/Archives/edgar/data/318154/000119312507176142/0001193125-07-176142-index.htm", "finalLink": "https://www.sec.gov/Archives/edgar/data/318154/000119312507176142/d10q.htm"}, {"date": "2007-03-31", "symbol": "AMGN", "fillingDate": "2007-05-09", "acceptedDate": "2007-05-09 06:32:36", "period": "Q1", "revenue": 3687000000, "costOfRevenue": 592000000, "grossProfit": 3095000000, "grossProfitRatio": 0.8394358557092487, "researchAndDevelopmentExpenses": 851000000, "generalAndAdministrativeExpenses": 770000000, "sellingAndMarketingExpenses": 0.0, "otherExpenses": 666000000, "operatingExpenses": 2287000000, "costAndExpenses": 2879000000, "interestExpense": 6000000.0, "depreciationAndAmortization": 244000000, "ebitda": 1644000000, "ebitdaratio": 0.4458909682668836, "operatingIncome": 1400000000, "operatingIncomeRatio": 0.3797125033902902, "totalOtherIncomeExpensesNet": -6000000.0, "incomeBeforeTax": 1394000000, "incomeBeforeTaxRatio": 0.3780851640900461, "incomeTaxExpense": 283000000, "netIncome": 1111000000, "netIncomeRatio": 0.301328993761866, "eps": 0.95, "epsdiluted": 0.94, "weightedAverageShsOut": 1167000000, "weightedAverageShsOutDil": 1177000000, "link": "https://www.sec.gov/Archives/edgar/data/318154/000119312507107084/0001193125-07-107084-index.htm", "finalLink": "https://www.sec.gov/Archives/edgar/data/318154/000119312507107084/d10q.htm"}, {"date": "2006-12-31", "symbol": "AMGN", "fillingDate": "2007-02-28", "acceptedDate": "2007-02-28 16:07:05", "period": "FY", "revenue": 3835000000, "costOfRevenue": 561000000, "grossProfit": 3274000000, "grossProfitRatio": 0.853715775749674, "researchAndDevelopmentExpenses": 1051000000, "generalAndAdministrativeExpenses": 1030000000, "sellingAndMarketingExpenses": 0.0, "otherExpenses": 765000000, "operatingExpenses": 2846000000, "costAndExpenses": 3407000000, "interestExpense": 269000000, "depreciationAndAmortization": 200000000, "ebitda": 1189000000, "ebitdaratio": 0.3100391134289439, "operatingIncome": 989000000, "operatingIncomeRatio": 0.25788787483702735, "totalOtherIncomeExpensesNet": 169000000, "incomeBeforeTax": 1029000000, "incomeBeforeTaxRatio": 0.2683181225554107, "incomeTaxExpense": 196000000, "netIncome": 833000000, "netIncomeRatio": 0.21720990873533247, "eps": 2.51, "epsdiluted": 2.48, "weightedAverageShsOut": 1176000000, "weightedAverageShsOutDil": 1190000000, "link": "https://www.sec.gov/Archives/edgar/data/318154/000119312507042586/0001193125-07-042586-index.htm", "finalLink": "https://www.sec.gov/Archives/edgar/data/318154/000119312507042586/d10k.htm"}, {"date": "2006-09-30", "symbol": "AMGN", "fillingDate": "2006-11-09", "acceptedDate": "2006-11-09 15:55:16", "period": "Q3", "revenue": 3612000000, "costOfRevenue": 489000000, "grossProfit": 3123000000, "grossProfitRatio": 0.8646179401993356, "researchAndDevelopmentExpenses": 872000000, "generalAndAdministrativeExpenses": 807000000, "sellingAndMarketingExpenses": 0.0, "otherExpenses": 611000000, "operatingExpenses": 2290000000, "costAndExpenses": 2779000000, "interestExpense": -39000000, "depreciationAndAmortization": 287000000, "ebitda": 1609000000, "ebitdaratio": 0.44545957918050944, "operatingIncome": 1322000000, "operatingIncomeRatio": 0.36600221483942413, "totalOtherIncomeExpensesNet": 39000000, "incomeBeforeTax": 1361000000, "incomeBeforeTaxRatio": 0.37679955703211515, "incomeTaxExpense": 259000000, "netIncome": 1102000000, "netIncomeRatio": 0.30509413067552604, "eps": 1.79, "epsdiluted": 1.77, "weightedAverageShsOut": 1181000000, "weightedAverageShsOutDil": 1194000000, "link": "https://www.sec.gov/Archives/edgar/data/318154/000110465906073573/0001104659-06-073573-index.htm", "finalLink": "https://www.sec.gov/Archives/edgar/data/318154/000110465906073573/a06-22059_110q.htm"}, {"date": "2006-06-30", "symbol": "AMGN", "fillingDate": "2006-08-09", "acceptedDate": "2006-08-08 21:09:28", "period": "Q2", "revenue": 3604000000, "costOfRevenue": 493000000, "grossProfit": 3111000000, "grossProfitRatio": 0.8632075471698113, "researchAndDevelopmentExpenses": 788000000, "generalAndAdministrativeExpenses": 840000000, "sellingAndMarketingExpenses": 0.0, "otherExpenses": 1681000000, "operatingExpenses": 3309000000, "costAndExpenses": 3802000000, "interestExpense": -21000000, "depreciationAndAmortization": 257000000, "ebitda": 552000000, "ebitdaratio": 0.15316315205327413, "operatingIncome": 295000000, "operatingIncomeRatio": 0.0818534961154273, "totalOtherIncomeExpensesNet": 21000000, "incomeBeforeTax": 316000000, "incomeBeforeTaxRatio": 0.0876803551609323, "incomeTaxExpense": 302000000, "netIncome": 14000000, "netIncomeRatio": 0.00388457269700333, "eps": 0.85, "epsdiluted": 0.84, "weightedAverageShsOut": 1188000000, "weightedAverageShsOutDil": 1202000000, "link": "https://www.sec.gov/Archives/edgar/data/318154/000110465906052672/0001104659-06-052672-index.htm", "finalLink": "https://www.sec.gov/Archives/edgar/data/318154/000110465906052672/a06-15779_110q.htm"}, {"date": "2006-03-31", "symbol": "AMGN", "fillingDate": "2006-05-10", "acceptedDate": "2006-05-09 20:46:50", "period": "Q1", "revenue": 3217000000, "costOfRevenue": 552000000, "grossProfit": 2665000000, "grossProfitRatio": 0.8284115635685422, "researchAndDevelopmentExpenses": 655000000, "generalAndAdministrativeExpenses": 689000000, "sellingAndMarketingExpenses": 0.0, "otherExpenses": 639000000, "operatingExpenses": 1983000000, "costAndExpenses": 2535000000, "interestExpense": -80000000, "depreciationAndAmortization": 219000000, "ebitda": 1453000000, "ebitdaratio": 0.45166304009947156, "operatingIncome": 1234000000, "operatingIncomeRatio": 0.38358719303699096, "totalOtherIncomeExpensesNet": 80000000, "incomeBeforeTax": 1314000000, "incomeBeforeTaxRatio": 0.4084550823748834, "incomeTaxExpense": 313000000, "netIncome": 1001000000, "netIncomeRatio": 0.31115946534037925, "eps": 0.83, "epsdiluted": 0.82, "weightedAverageShsOut": 1202000000, "weightedAverageShsOutDil": 1218000000, "link": "https://www.sec.gov/Archives/edgar/data/318154/000110465906032813/0001104659-06-032813-index.htm", "finalLink": "https://www.sec.gov/Archives/edgar/data/318154/000110465906032813/a06-11194_110q.htm"}, {"date": "2005-12-31", "symbol": "AMGN", "fillingDate": "2006-03-10", "acceptedDate": "2006-03-10 16:58:49", "period": "FY", "revenue": 3271000000, "costOfRevenue": 511000000, "grossProfit": 2760000000, "grossProfitRatio": 0.8437786609599511, "researchAndDevelopmentExpenses": 661000000, "generalAndAdministrativeExpenses": 911000000, "sellingAndMarketingExpenses": 0.0, "otherExpenses": 598000000, "operatingExpenses": 2170000000, "costAndExpenses": 2681000000, "interestExpense": 99000000, "depreciationAndAmortization": 218000000, "ebitda": 1319000000, "ebitdaratio": 0.40324059920513605, "operatingIncome": 1101000000, "operatingIncomeRatio": 0.3365943136655457, "totalOtherIncomeExpensesNet": 109000000, "incomeBeforeTax": 1111000000, "incomeBeforeTaxRatio": 0.3396514827269948, "incomeTaxExpense": 287000000, "netIncome": 824000000, "netIncomeRatio": 0.2519107306634057, "eps": 2.97, "epsdiluted": 2.93, "weightedAverageShsOut": 1236000000, "weightedAverageShsOutDil": 1258000000, "link": "https://www.sec.gov/Archives/edgar/data/318154/000110465906015851/0001104659-06-015851-index.htm", "finalLink": "https://www.sec.gov/Archives/edgar/data/318154/000110465906015851/a06-5805_110k.htm"}, {"date": "2005-09-30", "symbol": "AMGN", "fillingDate": "2005-11-09", "acceptedDate": "2005-11-09 16:06:25", "period": "Q3", "revenue": 3154000000, "costOfRevenue": 552000000, "grossProfit": 2602000000, "grossProfitRatio": 0.8249841471147749, "researchAndDevelopmentExpenses": 562000000, "generalAndAdministrativeExpenses": 656000000, "sellingAndMarketingExpenses": 0.0, "otherExpenses": 638000000, "operatingExpenses": 1856000000, "costAndExpenses": 2408000000, "interestExpense": -4000000.0, "depreciationAndAmortization": 204000000, "ebitda": 1502000000, "ebitdaratio": 0.47622067216233355, "operatingIncome": 1298000000, "operatingIncomeRatio": 0.4115409004438808, "totalOtherIncomeExpensesNet": 14000000, "incomeBeforeTax": 1312000000, "incomeBeforeTaxRatio": 0.41597970830691183, "incomeTaxExpense": 345000000, "netIncome": 967000000, "netIncomeRatio": 0.30659480025364616, "eps": 2.3, "epsdiluted": 2.26, "weightedAverageShsOut": 1238000000, "weightedAverageShsOutDil": 1263000000, "link": "https://www.sec.gov/Archives/edgar/data/318154/000095012905010807/0000950129-05-010807-index.htm", "finalLink": "https://www.sec.gov/Archives/edgar/data/318154/000095012905010807/v13945e10vq.htm"}, {"date": "2005-06-30", "symbol": "AMGN", "fillingDate": "2005-08-08", "acceptedDate": "2005-08-05 21:36:29", "period": "Q2", "revenue": 3172000000, "costOfRevenue": 530000000, "grossProfit": 2642000000, "grossProfitRatio": 0.8329129886506935, "researchAndDevelopmentExpenses": 567000000, "generalAndAdministrativeExpenses": 646000000, "sellingAndMarketingExpenses": 0.0, "otherExpenses": 666000000, "operatingExpenses": 1879000000, "costAndExpenses": 2409000000, "interestExpense": -6000000.0, "depreciationAndAmortization": 217000000, "ebitda": 1510000000, "ebitdaratio": 0.4760403530895334, "operatingIncome": 1293000000, "operatingIncomeRatio": 0.40762925598991173, "totalOtherIncomeExpensesNet": 6000000.0, "incomeBeforeTax": 1299000000, "incomeBeforeTaxRatio": 0.40952080706179067, "incomeTaxExpense": 270000000, "netIncome": 1029000000, "netIncomeRatio": 0.3244010088272383, "eps": 1.52, "epsdiluted": 1.49, "weightedAverageShsOut": 1241000000, "weightedAverageShsOutDil": 1270000000, "link": "https://www.sec.gov/Archives/edgar/data/318154/000095012905007789/0000950129-05-007789-index.htm", "finalLink": "https://www.sec.gov/Archives/edgar/data/318154/000095012905007789/v11163e10vq.htm"}, {"date": "2005-03-31", "symbol": "AMGN", "fillingDate": "2005-05-04", "acceptedDate": "2005-05-04 15:59:21", "period": "Q1", "revenue": 2833000000, "costOfRevenue": 489000000, "grossProfit": 2344000000, "grossProfitRatio": 0.8273914578185669, "researchAndDevelopmentExpenses": 524000000, "generalAndAdministrativeExpenses": 577000000, "sellingAndMarketingExpenses": 0.0, "otherExpenses": 576000000, "operatingExpenses": 1677000000, "costAndExpenses": 2166000000, "interestExpense": 10000000, "depreciationAndAmortization": 202000000, "ebitda": 1358000000, "ebitdaratio": 0.47935051182492056, "operatingIncome": 1156000000, "operatingIncomeRatio": 0.40804800564772326, "totalOtherIncomeExpensesNet": -10000000, "incomeBeforeTax": 1146000000, "incomeBeforeTaxRatio": 0.40451817860924816, "incomeTaxExpense": 292000000, "netIncome": 854000000, "netIncomeRatio": 0.3014472290857748, "eps": 0.68, "epsdiluted": 0.67, "weightedAverageShsOut": 1249000000, "weightedAverageShsOutDil": 1290000000, "link": "https://www.sec.gov/Archives/edgar/data/318154/000095012905004666/0000950129-05-004666-index.htm", "finalLink": "https://www.sec.gov/Archives/edgar/data/318154/000095012905004666/v08553e10vq.htm"}, {"date": "2004-12-31", "symbol": "AMGN", "fillingDate": "2005-03-09", "acceptedDate": "2005-03-09 17:21:43", "period": "FY", "revenue": 2909000000, "costOfRevenue": 476000000, "grossProfit": 2433000000, "grossProfitRatio": 0.836369886558955, "researchAndDevelopmentExpenses": 617000000, "generalAndAdministrativeExpenses": 816000000, "sellingAndMarketingExpenses": 0.0, "otherExpenses": 557000000, "operatingExpenses": 1990000000, "costAndExpenses": 2466000000, "interestExpense": 84000000, "depreciationAndAmortization": 193000000, "ebitda": 1112000000, "ebitdaratio": 0.3822619456858027, "operatingIncome": 919000000, "operatingIncomeRatio": 0.3159161223788243, "totalOtherIncomeExpensesNet": 39000000, "incomeBeforeTax": 920000000, "incomeBeforeTaxRatio": 0.31625988312134756, "incomeTaxExpense": 231000000, "netIncome": 689000000, "netIncomeRatio": 0.23685115159848746, "eps": 1.86, "epsdiluted": 1.81, "weightedAverageShsOut": 1271000000, "weightedAverageShsOutDil": 1320000000, "link": "https://www.sec.gov/Archives/edgar/data/318154/000095012905002159/0000950129-05-002159-index.htm", "finalLink": "https://www.sec.gov/Archives/edgar/data/318154/000095012905002159/v06403e10vk.htm"}, {"date": "2004-09-30", "symbol": "AMGN", "fillingDate": "2004-11-09", "acceptedDate": "2004-11-09 14:46:53", "period": "Q3", "revenue": 2714000000, "costOfRevenue": 447000000, "grossProfit": 2267000000, "grossProfitRatio": 0.835298452468681, "researchAndDevelopmentExpenses": 502000000, "generalAndAdministrativeExpenses": 633000000, "sellingAndMarketingExpenses": 0.0, "otherExpenses": 1084000000, "operatingExpenses": 2219000000, "costAndExpenses": 2666000000, "interestExpense": -15000000, "depreciationAndAmortization": 186000000, "ebitda": 681000000, "ebitdaratio": 0.2509211495946942, "operatingIncome": 495000000, "operatingIncomeRatio": 0.1823876197494473, "totalOtherIncomeExpensesNet": 15000000, "incomeBeforeTax": 509000000, "incomeBeforeTaxRatio": 0.1875460574797347, "incomeTaxExpense": 274000000, "netIncome": 236000000, "netIncomeRatio": 0.08695652173913043, "eps": 1.32, "epsdiluted": 1.28, "weightedAverageShsOut": 1273000000, "weightedAverageShsOutDil": 1323000000, "link": "https://www.sec.gov/Archives/edgar/data/318154/000095012904008750/0000950129-04-008750-index.htm", "finalLink": "https://www.sec.gov/Archives/edgar/data/318154/000095012904008750/v03018e10vq.htm"}, {"date": "2004-06-30", "symbol": "AMGN", "fillingDate": "2004-08-06", "acceptedDate": "2004-08-06 16:07:11", "period": "Q2", "revenue": 2584000000, "costOfRevenue": 435000000, "grossProfit": 2149000000, "grossProfitRatio": 0.8316563467492261, "researchAndDevelopmentExpenses": 468000000, "generalAndAdministrativeExpenses": 591000000, "sellingAndMarketingExpenses": 0.0, "otherExpenses": 520000000, "operatingExpenses": 1579000000, "costAndExpenses": 2014000000, "interestExpense": -10000000, "depreciationAndAmortization": 179000000, "ebitda": 1185000000, "ebitdaratio": 0.45859133126934987, "operatingIncome": 1006000000, "operatingIncomeRatio": 0.3893188854489164, "totalOtherIncomeExpensesNet": 10000000, "incomeBeforeTax": 1017000000, "incomeBeforeTaxRatio": 0.39357585139318885, "incomeTaxExpense": 268000000, "netIncome": 748000000, "netIncomeRatio": 0.2894736842105263, "eps": 1.13, "epsdiluted": 1.09, "weightedAverageShsOut": 1274000000, "weightedAverageShsOutDil": 1325000000, "link": "https://www.sec.gov/Archives/edgar/data/318154/000095012904005694/0000950129-04-005694-index.htm", "finalLink": "https://www.sec.gov/Archives/edgar/data/318154/000095012904005694/v00588e10vq.htm"}, {"date": "2004-03-31", "symbol": "AMGN", "fillingDate": "2004-05-03", "acceptedDate": "2004-05-03 16:39:45", "period": "Q1", "revenue": 2343000000, "costOfRevenue": 373000000, "grossProfit": 1970000000, "grossProfitRatio": 0.8408023900981647, "researchAndDevelopmentExpenses": 441000000, "generalAndAdministrativeExpenses": 516000000, "sellingAndMarketingExpenses": 0.0, "otherExpenses": 457000000, "operatingExpenses": 1414000000, "costAndExpenses": 1787000000, "interestExpense": -21000000, "depreciationAndAmortization": 176000000, "ebitda": 1104000000, "ebitdaratio": 0.471190781049936, "operatingIncome": 928000000, "operatingIncomeRatio": 0.3960734101579172, "totalOtherIncomeExpensesNet": 21000000, "incomeBeforeTax": 949000000, "incomeBeforeTaxRatio": 0.4050362782757149, "incomeTaxExpense": 259000000, "netIncome": 690000000, "netIncomeRatio": 0.29449423815621, "eps": 0.54, "epsdiluted": 0.52, "weightedAverageShsOut": 1279000000, "weightedAverageShsOutDil": 1332000000, "link": "https://www.sec.gov/Archives/edgar/data/318154/000095012904002691/0000950129-04-002691-index.htm", "finalLink": "https://www.sec.gov/Archives/edgar/data/318154/000095012904002691/v98517e10vq.htm"}, {"date": "2003-12-31", "symbol": "AMGN", "fillingDate": "2004-03-11", "acceptedDate": "2004-03-11 17:16:48", "period": "FY", "revenue": 2347000000, "costOfRevenue": 388000000, "grossProfit": 1959000000, "grossProfitRatio": 0.8346825734980826, "researchAndDevelopmentExpenses": 503000000, "generalAndAdministrativeExpenses": 626000000, "sellingAndMarketingExpenses": 0.0, "otherExpenses": -1195000000, "operatingExpenses": -66000000, "costAndExpenses": 322000000, "interestExpense": -23000000, "depreciationAndAmortization": 177000000, "ebitda": 100000000, "ebitdaratio": 0.04260758414997869, "operatingIncome": -77000000, "operatingIncomeRatio": -0.032807839795483594, "totalOtherIncomeExpensesNet": -90000000, "incomeBeforeTax": -144000000, "incomeBeforeTaxRatio": -0.06135492117596932, "incomeTaxExpense": -690000000, "netIncome": 547000000, "netIncomeRatio": 0.23306348530038346, "eps": 1.69, "epsdiluted": 1.69, "weightedAverageShsOut": 1336686390, "weightedAverageShsOutDil": 1336686390, "link": "https://www.sec.gov/Archives/edgar/data/318154/000095014804000549/0000950148-04-000549-index.htm", "finalLink": "https://www.sec.gov/Archives/edgar/data/318154/000095014804000549/v96430e10vk.htm"}, {"date": "2003-09-30", "symbol": "AMGN", "fillingDate": "2003-10-30", "acceptedDate": "2003-10-29 19:15:12", "period": "Q3", "revenue": 2207000000, "costOfRevenue": 340000000, "grossProfit": 1867000000, "grossProfitRatio": 0.8459447213411871, "researchAndDevelopmentExpenses": 407000000, "generalAndAdministrativeExpenses": 483000000, "sellingAndMarketingExpenses": 0.0, "otherExpenses": 460000000, "operatingExpenses": 1350000000, "costAndExpenses": 1690000000, "interestExpense": 8000000.0, "depreciationAndAmortization": 168000000, "ebitda": 1025000000, "ebitdaratio": 0.46443135478024467, "operatingIncome": 857000000, "operatingIncomeRatio": 0.38830992297236067, "totalOtherIncomeExpensesNet": 17000000, "incomeBeforeTax": 867000000, "incomeBeforeTaxRatio": 0.3928409605799728, "incomeTaxExpense": 254000000, "netIncome": 612000000, "netIncomeRatio": 0.27729950158586314, "eps": 1.33, "epsdiluted": 1.28, "weightedAverageShsOut": 1289000000, "weightedAverageShsOutDil": 1348000000, "link": "https://www.sec.gov/Archives/edgar/data/318154/000119312503069500/0001193125-03-069500-index.htm", "finalLink": "https://www.sec.gov/Archives/edgar/data/318154/000119312503069500/d10q.htm"}, {"date": "2003-06-30", "symbol": "AMGN", "fillingDate": "2003-07-30", "acceptedDate": "2003-07-30 14:06:15", "period": "Q2", "revenue": 2041000000, "costOfRevenue": 329000000, "grossProfit": 1712000000, "grossProfitRatio": 0.8388045075943165, "researchAndDevelopmentExpenses": 394000000, "generalAndAdministrativeExpenses": 453000000, "sellingAndMarketingExpenses": 0.0, "otherExpenses": 377000000, "operatingExpenses": 1224000000, "costAndExpenses": 1553000000, "interestExpense": 9000000.0, "depreciationAndAmortization": 172000000, "ebitda": 989000000, "ebitdaratio": 0.4845663890249878, "operatingIncome": 817000000, "operatingIncomeRatio": 0.40029397354238117, "totalOtherIncomeExpensesNet": 41000000, "incomeBeforeTax": 848000000, "incomeBeforeTaxRatio": 0.41548260656540914, "incomeTaxExpense": 242000000, "netIncome": 607000000, "netIncomeRatio": 0.2974032337089662, "eps": 0.85, "epsdiluted": 0.82, "weightedAverageShsOut": 1289000000, "weightedAverageShsOutDil": 1348000000, "link": "https://www.sec.gov/Archives/edgar/data/318154/000119312503026265/0001193125-03-026265-index.htm", "finalLink": "https://www.sec.gov/Archives/edgar/data/318154/000119312503026265/d10q.htm"}, {"date": "2003-03-31", "symbol": "AMGN", "fillingDate": "2003-05-02", "acceptedDate": "2003-05-02 14:42:53", "period": "Q1", "revenue": 1761000000, "costOfRevenue": 283000000, "grossProfit": 1478000000, "grossProfitRatio": 0.8392958546280522, "researchAndDevelopmentExpenses": 351000000, "generalAndAdministrativeExpenses": 390000000, "sellingAndMarketingExpenses": 0.0, "otherExpenses": 358000000, "operatingExpenses": 1099000000, "costAndExpenses": 1382000000, "interestExpense": 6000000.0, "depreciationAndAmortization": 169000000, "ebitda": 831000000, "ebitdaratio": 0.47189097103918226, "operatingIncome": 662000000, "operatingIncomeRatio": 0.37592277115275413, "totalOtherIncomeExpensesNet": 32000000, "incomeBeforeTax": 688000000, "incomeBeforeTaxRatio": 0.39068710959682, "incomeTaxExpense": 194000000, "netIncome": 493000000, "netIncomeRatio": 0.27995457126632595, "eps": 0.38, "epsdiluted": 0.37, "weightedAverageShsOut": 1290000000, "weightedAverageShsOutDil": 1349000000, "link": "https://www.sec.gov/Archives/edgar/data/318154/000089843003002755/0000898430-03-002755-index.htm", "finalLink": "https://www.sec.gov/Archives/edgar/data/318154/000089843003002755/d10q.htm"}, {"date": "2002-12-31", "symbol": "AMGN", "fillingDate": "2003-03-10", "acceptedDate": "2003-03-10 17:08:48", "period": "FY", "revenue": 1767000000, "costOfRevenue": 274000000, "grossProfit": 1493000000, "grossProfitRatio": 0.8449349179400113, "researchAndDevelopmentExpenses": 367000000, "generalAndAdministrativeExpenses": 501000000, "sellingAndMarketingExpenses": 0.0, "otherExpenses": 247000000, "operatingExpenses": 1115000000, "costAndExpenses": 1389000000, "interestExpense": 13000000, "depreciationAndAmortization": 164000000, "ebitda": 815000000, "ebitdaratio": 0.46123372948500285, "operatingIncome": 651000000, "operatingIncomeRatio": 0.3684210526315789, "totalOtherIncomeExpensesNet": 32000000, "incomeBeforeTax": 670000000, "incomeBeforeTaxRatio": 0.379173740803622, "incomeTaxExpense": 213000000, "netIncome": 457000000, "netIncomeRatio": 0.2586304470854556, "eps": -1.21, "epsdiluted": -1.21, "weightedAverageShsOut": 1153000000, "weightedAverageShsOutDil": 1153000000, "link": "https://www.sec.gov/Archives/edgar/data/318154/000089843003001854/0000898430-03-001854-index.htm", "finalLink": "https://www.sec.gov/Archives/edgar/data/318154/000089843003001854/d10k.htm"}, {"date": "2002-09-30", "symbol": "AMGN", "fillingDate": "2002-11-05", "acceptedDate": "2002-11-05 16:37:07", "period": "Q3", "revenue": 1499000000, "costOfRevenue": 226000000, "grossProfit": 1273000000, "grossProfitRatio": 0.8492328218812542, "researchAndDevelopmentExpenses": 312000000, "generalAndAdministrativeExpenses": 395000000, "sellingAndMarketingExpenses": 0.0, "otherExpenses": 3250000000, "operatingExpenses": 3957000000, "costAndExpenses": 4183000000, "interestExpense": 12000000, "depreciationAndAmortization": 156000000, "ebitda": -2301000000, "ebitdaratio": -1.5350233488992662, "operatingIncome": -2457000000, "operatingIncomeRatio": -1.6390927284856571, "totalOtherIncomeExpensesNet": 23000000, "incomeBeforeTax": -2445000000, "incomeBeforeTaxRatio": -1.6310873915943962, "incomeTaxExpense": 156000000, "netIncome": -2601000000, "netIncomeRatio": -1.7351567711807871, "eps": -1.67, "epsdiluted": -1.67, "weightedAverageShsOut": 1105000000, "weightedAverageShsOutDil": 1105000000, "link": "https://www.sec.gov/Archives/edgar/data/318154/000089843002003918/0000898430-02-003918-index.htm", "finalLink": "https://www.sec.gov/Archives/edgar/data/318154/000089843002003918/d10q.htm"}]