[{"date": "2020-04-26", "symbol": "AMAT", "fillingDate": "2020-05-21", "acceptedDate": "2020-05-21 16:06:27", "period": "Q2", "revenue": 3957000000, "costOfRevenue": 2208000000, "grossProfit": 1749000000, "grossProfitRatio": 0.44200151630022744, "researchAndDevelopmentExpenses": 550000000, "generalAndAdministrativeExpenses": 137000000, "sellingAndMarketingExpenses": 130000000, "otherExpenses": 0.0, "operatingExpenses": 817000000, "costAndExpenses": 3025000000, "interestExpense": 61000000, "depreciationAndAmortization": 91000000, "ebitda": 1023000000, "ebitdaratio": 0.258529188779, "operatingIncome": 932000000, "operatingIncomeRatio": 0.235531968663, "totalOtherIncomeExpensesNet": 7000000.0, "incomeBeforeTax": 878000000, "incomeBeforeTaxRatio": 0.221885266616, "incomeTaxExpense": 123000000, "netIncome": 755000000, "netIncomeRatio": 0.190801111954, "eps": 0.83, "epsdiluted": 0.82, "weightedAverageShsOut": 917000000, "weightedAverageShsOutDil": 925000000, "link": "https://www.sec.gov/Archives/edgar/data/6951/000000695120000028/0000006951-20-000028-index.htm", "finalLink": "https://www.sec.gov/Archives/edgar/data/6951/000000695120000028/amat-20200426.htm"}, {"date": "2020-01-26", "symbol": "AMAT", "fillingDate": "2020-02-20", "acceptedDate": "2020-02-20 15:51:00", "period": "Q1", "revenue": 4162000000, "costOfRevenue": 2304000000, "grossProfit": 1858000000, "grossProfitRatio": 0.44641999038923597, "researchAndDevelopmentExpenses": 552000000, "generalAndAdministrativeExpenses": 129000000, "sellingAndMarketingExpenses": 135000000, "otherExpenses": 0.0, "operatingExpenses": 816000000, "costAndExpenses": 3120000000, "interestExpense": 59000000, "depreciationAndAmortization": 94000000, "ebitda": 1136000000, "ebitdaratio": 0.272945699183, "operatingIncome": 1042000000, "operatingIncomeRatio": 0.250360403652, "totalOtherIncomeExpensesNet": 22000000, "incomeBeforeTax": 1005000000, "incomeBeforeTaxRatio": 0.241470446901, "incomeTaxExpense": 113000000, "netIncome": 892000000, "netIncomeRatio": 0.214320038443, "eps": 0.97, "epsdiluted": 0.96, "weightedAverageShsOut": 916000000, "weightedAverageShsOutDil": 927000000, "link": "https://www.sec.gov/Archives/edgar/data/6951/000000695120000014/0000006951-20-000014-index.htm", "finalLink": "https://www.sec.gov/Archives/edgar/data/6951/000000695119000046/amat-20191027.htm"}, {"date": "2019-10-27", "symbol": "AMAT", "fillingDate": "2019-12-13", "acceptedDate": "2019-12-13 16:07:21", "period": "FY", "revenue": 3754000000, "costOfRevenue": 2120000000, "grossProfit": 1634000000, "grossProfitRatio": 0.4352690463505594, "researchAndDevelopmentExpenses": 515000000, "generalAndAdministrativeExpenses": 126000000, "sellingAndMarketingExpenses": 129000000, "otherExpenses": 0.0, "operatingExpenses": 770000000, "costAndExpenses": 2890000000, "interestExpense": 59000000, "depreciationAndAmortization": 92000000, "ebitda": 956000000, "ebitdaratio": 0.254661694193, "operatingIncome": 864000000, "operatingIncomeRatio": 0.230154501865, "totalOtherIncomeExpensesNet": 35000000, "incomeBeforeTax": 840000000, "incomeBeforeTaxRatio": 0.223761321257, "incomeTaxExpense": 142000000, "netIncome": 698000000, "netIncomeRatio": 0.185935002664, "eps": 0.76, "epsdiluted": 0.75, "weightedAverageShsOut": 937000000, "weightedAverageShsOutDil": 945000000, "link": "https://www.sec.gov/Archives/edgar/data/6951/000000695119000046/0000006951-19-000046-index.htm", "finalLink": "https://www.sec.gov/Archives/edgar/data/6951/000000695119000046/amat-20191027.htm"}, {"date": "2019-07-28", "symbol": "AMAT", "fillingDate": "2019-08-22", "acceptedDate": "2019-08-22 15:55:25", "period": "Q3", "revenue": 3562000000, "costOfRevenue": 2005000000, "grossProfit": 1557000000, "grossProfitRatio": 0.43711398090960135, "researchAndDevelopmentExpenses": 515000000, "generalAndAdministrativeExpenses": 112000000, "sellingAndMarketingExpenses": 128000000, "otherExpenses": 0.0, "operatingExpenses": 755000000, "costAndExpenses": 2760000000, "interestExpense": 58000000, "depreciationAndAmortization": 89000000, "ebitda": 891000000, "ebitdaratio": 0.250140370578, "operatingIncome": 802000000, "operatingIncomeRatio": 0.225154407636, "totalOtherIncomeExpensesNet": 38000000, "incomeBeforeTax": 782000000, "incomeBeforeTaxRatio": 0.219539584503, "incomeTaxExpense": 211000000, "netIncome": 571000000, "netIncomeRatio": 0.160303200449, "eps": 0.62, "epsdiluted": 0.61, "weightedAverageShsOut": 943000000, "weightedAverageShsOutDil": 950000000, "link": "https://www.sec.gov/Archives/edgar/data/6951/000000695119000029/0000006951-19-000029-index.htm", "finalLink": "https://www.sec.gov/Archives/edgar/data/6951/000000695119000029/amat0728201910-qq32019.htm"}, {"date": "2019-04-28", "symbol": "AMAT", "fillingDate": "2019-05-23", "acceptedDate": "2019-05-23 16:03:33", "period": "Q2", "revenue": 3539000000, "costOfRevenue": 2009000000, "grossProfit": 1530000000, "grossProfitRatio": 0.43232551568239613, "researchAndDevelopmentExpenses": 508000000, "generalAndAdministrativeExpenses": 113000000, "sellingAndMarketingExpenses": 133000000, "otherExpenses": 0.0, "operatingExpenses": 754000000, "costAndExpenses": 2763000000, "interestExpense": 60000000, "depreciationAndAmortization": 94000000, "ebitda": 870000000, "ebitdaratio": 0.245832155976, "operatingIncome": 776000000, "operatingIncomeRatio": 0.219270980503, "totalOtherIncomeExpensesNet": 43000000, "incomeBeforeTax": 759000000, "incomeBeforeTaxRatio": 0.214467363662, "incomeTaxExpense": 93000000, "netIncome": 666000000, "netIncomeRatio": 0.188188753885, "eps": 0.7, "epsdiluted": 0.7, "weightedAverageShsOut": 950000000, "weightedAverageShsOutDil": 957000000, "link": "https://www.sec.gov/Archives/edgar/data/6951/000000695119000019/0000006951-19-000019-index.htm", "finalLink": "https://www.sec.gov/Archives/edgar/data/6951/000000695119000019/amat0428201910-qq22019.htm"}, {"date": "2019-01-27", "symbol": "AMAT", "fillingDate": "2019-02-21", "acceptedDate": "2019-02-21 16:33:42", "period": "Q1", "revenue": 3753000000, "costOfRevenue": 2088000000, "grossProfit": 1665000000, "grossProfitRatio": 0.44364508393285373, "researchAndDevelopmentExpenses": 516000000, "generalAndAdministrativeExpenses": 110000000, "sellingAndMarketingExpenses": 131000000, "otherExpenses": 0.0, "operatingExpenses": 757000000, "costAndExpenses": 2845000000, "interestExpense": 60000000, "depreciationAndAmortization": 88000000, "ebitda": 996000000, "ebitdaratio": 0.265387689848, "operatingIncome": 908000000, "operatingIncomeRatio": 0.241939781508, "totalOtherIncomeExpensesNet": 40000000, "incomeBeforeTax": 888000000, "incomeBeforeTaxRatio": 0.236610711431, "incomeTaxExpense": 117000000, "netIncome": 771000000, "netIncomeRatio": 0.205435651479, "eps": 0.81, "epsdiluted": 0.8, "weightedAverageShsOut": 957000000, "weightedAverageShsOutDil": 965000000, "link": "https://www.sec.gov/Archives/edgar/data/6951/000000695119000008/0000006951-19-000008-index.htm", "finalLink": "https://www.sec.gov/Archives/edgar/data/6951/000000695118000041/amat1028201810-kq42018.htm"}, {"date": "2018-10-28", "symbol": "AMAT", "fillingDate": "2018-12-13", "acceptedDate": "2018-12-13 16:16:55", "period": "FY", "revenue": 4014000000, "costOfRevenue": 2234000000, "grossProfit": 1780000000, "grossProfitRatio": 0.4434479322371699, "researchAndDevelopmentExpenses": 518000000, "generalAndAdministrativeExpenses": 119000000, "sellingAndMarketingExpenses": 127000000, "otherExpenses": 2019000000, "operatingExpenses": 764000000, "costAndExpenses": 2998000000, "interestExpense": 60000000, "depreciationAndAmortization": 120000000, "ebitda": 1136000000, "ebitdaratio": 0.283009466866, "operatingIncome": 1016000000, "operatingIncomeRatio": 0.253114100648, "totalOtherIncomeExpensesNet": 42000000, "incomeBeforeTax": 998000000, "incomeBeforeTaxRatio": 0.248629795715, "incomeTaxExpense": 122000000, "netIncome": 876000000, "netIncomeRatio": 0.218236173393, "eps": 0.9, "epsdiluted": 0.88, "weightedAverageShsOut": 1013000000, "weightedAverageShsOutDil": 1026000000, "link": "https://www.sec.gov/Archives/edgar/data/6951/000000695118000041/0000006951-18-000041-index.htm", "finalLink": "https://www.sec.gov/Archives/edgar/data/6951/000000695118000041/amat1028201810-kq42018.htm"}, {"date": "2018-07-29", "symbol": "AMAT", "fillingDate": "2018-08-23", "acceptedDate": "2018-08-23 16:21:27", "period": "Q3", "revenue": 4468000000, "costOfRevenue": 2441000000, "grossProfit": 2027000000, "grossProfitRatio": 0.4536705461056401, "researchAndDevelopmentExpenses": 504000000, "generalAndAdministrativeExpenses": 128000000, "sellingAndMarketingExpenses": 138000000, "otherExpenses": 0.0, "operatingExpenses": 770000000, "costAndExpenses": 3211000000, "interestExpense": 59000000, "depreciationAndAmortization": 110000000, "ebitda": 1367000000, "ebitdaratio": 0.305953446732, "operatingIncome": 1257000000, "operatingIncomeRatio": 0.28133393017, "totalOtherIncomeExpensesNet": 41000000, "incomeBeforeTax": 1239000000, "incomeBeforeTaxRatio": 0.277305282005, "incomeTaxExpense": 66000000, "netIncome": 1173000000, "netIncomeRatio": 0.262533572068, "eps": 1.16, "epsdiluted": 1.15, "weightedAverageShsOut": 1026000000, "weightedAverageShsOutDil": 1039000000, "link": "https://www.sec.gov/Archives/edgar/data/6951/000000695118000029/0000006951-18-000029-index.htm", "finalLink": "https://www.sec.gov/Archives/edgar/data/6951/000000695118000029/amat0729201810-qq32018.htm"}, {"date": "2018-04-29", "symbol": "AMAT", "fillingDate": "2018-05-24", "acceptedDate": "2018-05-24 16:26:51", "period": "Q2", "revenue": 4567000000, "costOfRevenue": 2477000000, "grossProfit": 2090000000, "grossProfitRatio": 0.4576308298664331, "researchAndDevelopmentExpenses": 509000000, "generalAndAdministrativeExpenses": 124000000, "sellingAndMarketingExpenses": 130000000, "otherExpenses": 0.0, "operatingExpenses": 763000000, "costAndExpenses": 3240000000, "interestExpense": 56000000, "depreciationAndAmortization": 108000000, "ebitda": 1435000000, "ebitdaratio": 0.314210641559, "operatingIncome": 1327000000, "operatingIncomeRatio": 0.290562732647, "totalOtherIncomeExpensesNet": 24000000, "incomeBeforeTax": 1295000000, "incomeBeforeTaxRatio": 0.283555944822, "incomeTaxExpense": 166000000, "netIncome": 1129000000, "netIncomeRatio": 0.247208232976, "eps": 1.08, "epsdiluted": 1.07, "weightedAverageShsOut": 1042000000, "weightedAverageShsOutDil": 1056000000, "link": "https://www.sec.gov/Archives/edgar/data/6951/000000695118000017/0000006951-18-000017-index.htm", "finalLink": "https://www.sec.gov/Archives/edgar/data/6951/000000695118000017/amat0429201810-qq22018.htm"}, {"date": "2018-01-28", "symbol": "AMAT", "fillingDate": "2018-02-22", "acceptedDate": "2018-02-22 16:33:48", "period": "Q1", "revenue": 4204000000, "costOfRevenue": 2284000000, "grossProfit": 1920000000, "grossProfitRatio": 0.45670789724072314, "researchAndDevelopmentExpenses": 488000000, "generalAndAdministrativeExpenses": 110000000, "sellingAndMarketingExpenses": 126000000, "otherExpenses": 0.0, "operatingExpenses": 724000000, "costAndExpenses": 3008000000, "interestExpense": 59000000, "depreciationAndAmortization": 119000000, "ebitda": 1315000000, "ebitdaratio": 0.312797335871, "operatingIncome": 1196000000, "operatingIncomeRatio": 0.28449096099, "totalOtherIncomeExpensesNet": 25000000, "incomeBeforeTax": 1162000000, "incomeBeforeTaxRatio": 0.276403425309, "incomeTaxExpense": 1027000000, "netIncome": 135000000, "netIncomeRatio": 0.0321122740247, "eps": 0.13, "epsdiluted": 0.13, "weightedAverageShsOut": 1056000000, "weightedAverageShsOutDil": 1071000000, "link": "https://www.sec.gov/Archives/edgar/data/6951/000000695118000008/0000006951-18-000008-index.htm", "finalLink": "https://www.sec.gov/Archives/edgar/data/6951/000000695117000038/amat1029201710-kq42017.htm"}, {"date": "2017-10-29", "symbol": "AMAT", "fillingDate": "2017-12-15", "acceptedDate": "2017-12-15 16:36:31", "period": "FY", "revenue": 3969000000, "costOfRevenue": 2182000000, "grossProfit": 1787000000, "grossProfitRatio": 0.4502393550012598, "researchAndDevelopmentExpenses": 466000000, "generalAndAdministrativeExpenses": 118000000, "sellingAndMarketingExpenses": 105000000, "otherExpenses": 0.0, "operatingExpenses": 689000000, "costAndExpenses": 2871000000, "interestExpense": 57000000, "depreciationAndAmortization": 105000000, "ebitda": 1203000000, "ebitdaratio": 0.303099017385, "operatingIncome": 1098000000, "operatingIncomeRatio": 0.27664399093, "totalOtherIncomeExpensesNet": 33000000, "incomeBeforeTax": 1074000000, "incomeBeforeTaxRatio": 0.27059712774, "incomeTaxExpense": 92000000, "netIncome": 982000000, "netIncomeRatio": 0.247417485513, "eps": 0.92, "epsdiluted": 0.91, "weightedAverageShsOut": 1073000000, "weightedAverageShsOutDil": 1084000000, "link": "https://www.sec.gov/Archives/edgar/data/6951/000000695117000038/0000006951-17-000038-index.htm", "finalLink": "https://www.sec.gov/Archives/edgar/data/6951/000000695117000038/amat1029201710-kq42017.htm"}, {"date": "2017-07-30", "symbol": "AMAT", "fillingDate": "2017-08-24", "acceptedDate": "2017-08-24 16:29:02", "period": "Q3", "revenue": 3744000000, "costOfRevenue": 2044000000, "grossProfit": 1700000000, "grossProfitRatio": 0.45405982905982906, "researchAndDevelopmentExpenses": 454000000, "generalAndAdministrativeExpenses": 106000000, "sellingAndMarketingExpenses": 117000000, "otherExpenses": 0.0, "operatingExpenses": 677000000, "costAndExpenses": 2721000000, "interestExpense": 59000000, "depreciationAndAmortization": 102000000, "ebitda": 1125000000, "ebitdaratio": 0.300480769231, "operatingIncome": 1023000000, "operatingIncomeRatio": 0.273237179487, "totalOtherIncomeExpensesNet": 14000000, "incomeBeforeTax": 978000000, "incomeBeforeTaxRatio": 0.261217948718, "incomeTaxExpense": 53000000, "netIncome": 925000000, "netIncomeRatio": 0.247061965812, "eps": 0.86, "epsdiluted": 0.86, "weightedAverageShsOut": 1076000000, "weightedAverageShsOutDil": 1087000000, "link": "https://www.sec.gov/Archives/edgar/data/6951/000000695117000026/0000006951-17-000026-index.htm", "finalLink": "https://www.sec.gov/Archives/edgar/data/6951/000000695117000026/amat0730201710-qq32017.htm"}, {"date": "2017-04-30", "symbol": "AMAT", "fillingDate": "2017-05-25", "acceptedDate": "2017-05-25 16:20:09", "period": "Q2", "revenue": 3546000000, "costOfRevenue": 1946000000, "grossProfit": 1600000000, "grossProfitRatio": 0.4512126339537507, "researchAndDevelopmentExpenses": 437000000, "generalAndAdministrativeExpenses": 107000000, "sellingAndMarketingExpenses": 116000000, "otherExpenses": 0.0, "operatingExpenses": 660000000, "costAndExpenses": 2606000000, "interestExpense": 44000000, "depreciationAndAmortization": 103000000, "ebitda": 1043000000, "ebitdaratio": 0.294134235759, "operatingIncome": 940000000, "operatingIncomeRatio": 0.265087422448, "totalOtherIncomeExpensesNet": 12000000, "incomeBeforeTax": 908000000, "incomeBeforeTaxRatio": 0.256063169769, "incomeTaxExpense": 84000000, "netIncome": 824000000, "netIncomeRatio": 0.232374506486, "eps": 0.77, "epsdiluted": 0.75, "weightedAverageShsOut": 1078000000, "weightedAverageShsOutDil": 1088000000, "link": "https://www.sec.gov/Archives/edgar/data/6951/000000695117000015/0000006951-17-000015-index.htm", "finalLink": "https://www.sec.gov/Archives/edgar/data/6951/000000695117000015/amat0430201710-qq22017.htm"}, {"date": "2017-01-29", "symbol": "AMAT", "fillingDate": "2017-02-23", "acceptedDate": "2017-02-23 16:06:53", "period": "Q1", "revenue": 3278000000, "costOfRevenue": 1833000000, "grossProfit": 1445000000, "grossProfitRatio": 0.4408175716900549, "researchAndDevelopmentExpenses": 417000000, "generalAndAdministrativeExpenses": 103000000, "sellingAndMarketingExpenses": 118000000, "otherExpenses": 0.0, "operatingExpenses": 638000000, "costAndExpenses": 2471000000, "interestExpense": 38000000, "depreciationAndAmortization": 97000000, "ebitda": 904000000, "ebitdaratio": 0.275777913362, "operatingIncome": 807000000, "operatingIncomeRatio": 0.246186699207, "totalOtherIncomeExpensesNet": 2000000.0, "incomeBeforeTax": 771000000, "incomeBeforeTaxRatio": 0.235204392923, "incomeTaxExpense": 68000000, "netIncome": 703000000, "netIncomeRatio": 0.214460036608, "eps": 0.65, "epsdiluted": 0.65, "weightedAverageShsOut": 1078000000, "weightedAverageShsOutDil": 1089000000, "link": "https://www.sec.gov/Archives/edgar/data/6951/000000695117000007/0000006951-17-000007-index.htm", "finalLink": "https://www.sec.gov/Archives/edgar/data/6951/000000695116000068/amat10302016-10k.htm"}, {"date": "2016-10-30", "symbol": "AMAT", "fillingDate": "2016-12-15", "acceptedDate": "2016-12-15 16:46:47", "period": "FY", "revenue": 3297000000, "costOfRevenue": 1898000000, "grossProfit": 1399000000, "grossProfitRatio": 0.424325144070367, "researchAndDevelopmentExpenses": 394000000, "generalAndAdministrativeExpenses": 114000000, "sellingAndMarketingExpenses": 114000000, "otherExpenses": 0.0, "operatingExpenses": 622000000, "costAndExpenses": 2520000000, "interestExpense": 38000000, "depreciationAndAmortization": 100000000, "ebitda": 877000000, "ebitdaratio": 0.265999393388, "operatingIncome": 777000000, "operatingIncomeRatio": 0.235668789809, "totalOtherIncomeExpensesNet": 1000000.0, "incomeBeforeTax": 740000000, "incomeBeforeTaxRatio": 0.224446466485, "incomeTaxExpense": 130000000, "netIncome": 610000000, "netIncomeRatio": 0.185016681832, "eps": 0.56, "epsdiluted": 0.55, "weightedAverageShsOut": 1107000000, "weightedAverageShsOutDil": 1116000000, "link": "https://www.sec.gov/Archives/edgar/data/6951/000000695116000068/0000006951-16-000068-index.htm", "finalLink": "https://www.sec.gov/Archives/edgar/data/6951/000000695116000068/amat10302016-10k.htm"}, {"date": "2016-07-31", "symbol": "AMAT", "fillingDate": "2016-08-25", "acceptedDate": "2016-08-25 16:18:25", "period": "Q3", "revenue": 2821000000, "costOfRevenue": 1629000000, "grossProfit": 1192000000, "grossProfitRatio": 0.42254519673874513, "researchAndDevelopmentExpenses": 386000000, "generalAndAdministrativeExpenses": 103000000, "sellingAndMarketingExpenses": 107000000, "otherExpenses": 0.0, "operatingExpenses": 596000000, "costAndExpenses": 2225000000, "interestExpense": 38000000, "depreciationAndAmortization": 97000000, "ebitda": 693000000, "ebitdaratio": 0.245657568238, "operatingIncome": 596000000, "operatingIncomeRatio": 0.211272598369, "totalOtherIncomeExpensesNet": 6000000.0, "incomeBeforeTax": 564000000, "incomeBeforeTaxRatio": 0.199929103155, "incomeTaxExpense": 59000000, "netIncome": 505000000, "netIncomeRatio": 0.179014533853, "eps": 0.46, "epsdiluted": 0.46, "weightedAverageShsOut": 1115000000, "weightedAverageShsOutDil": 1123000000, "link": "https://www.sec.gov/Archives/edgar/data/6951/000000695116000059/0000006951-16-000059-index.htm", "finalLink": "https://www.sec.gov/Archives/edgar/data/6951/000000695116000059/amat731201610-qq32016.htm"}, {"date": "2016-05-01", "symbol": "AMAT", "fillingDate": "2016-05-26", "acceptedDate": "2016-05-26 16:20:52", "period": "Q2", "revenue": 2450000000, "costOfRevenue": 1446000000, "grossProfit": 1004000000, "grossProfitRatio": 0.4097959183673469, "researchAndDevelopmentExpenses": 386000000, "generalAndAdministrativeExpenses": 91000000, "sellingAndMarketingExpenses": 102000000, "otherExpenses": 0.0, "operatingExpenses": 579000000, "costAndExpenses": 2025000000, "interestExpense": 37000000, "depreciationAndAmortization": 96000000, "ebitda": 521000000, "ebitdaratio": 0.212653061224, "operatingIncome": 425000000, "operatingIncomeRatio": 0.173469387755, "totalOtherIncomeExpensesNet": 7000000.0, "incomeBeforeTax": 395000000, "incomeBeforeTaxRatio": 0.161224489796, "incomeTaxExpense": 75000000, "netIncome": 320000000, "netIncomeRatio": 0.130612244898, "eps": 0.29, "epsdiluted": 0.28, "weightedAverageShsOut": 1130000000, "weightedAverageShsOutDil": 1137000000, "link": "https://www.sec.gov/Archives/edgar/data/6951/000000695116000048/0000006951-16-000048-index.htm", "finalLink": "https://www.sec.gov/Archives/edgar/data/6951/000000695116000048/amat51201610-qq22016.htm"}, {"date": "2016-01-31", "symbol": "AMAT", "fillingDate": "2016-02-25", "acceptedDate": "2016-02-25 16:30:46", "period": "Q1", "revenue": 2257000000, "costOfRevenue": 1341000000, "grossProfit": 916000000, "grossProfitRatio": 0.4058484714222419, "researchAndDevelopmentExpenses": 374000000, "generalAndAdministrativeExpenses": 82000000, "sellingAndMarketingExpenses": 106000000, "otherExpenses": 0.0, "operatingExpenses": 562000000, "costAndExpenses": 1903000000, "interestExpense": 42000000, "depreciationAndAmortization": 96000000, "ebitda": 450000000, "ebitdaratio": 0.199379707576, "operatingIncome": 354000000, "operatingIncomeRatio": 0.15684536996, "totalOtherIncomeExpensesNet": 2000000.0, "incomeBeforeTax": 314000000, "incomeBeforeTaxRatio": 0.139122729287, "incomeTaxExpense": 28000000, "netIncome": 286000000, "netIncomeRatio": 0.126716880815, "eps": 0.25, "epsdiluted": 0.25, "weightedAverageShsOut": 1146000000, "weightedAverageShsOutDil": 1154000000, "link": "https://www.sec.gov/Archives/edgar/data/6951/000000695116000041/0000006951-16-000041-index.htm", "finalLink": "https://www.sec.gov/Archives/edgar/data/6951/000000695115000034/amat10252015-10xkdoc.htm"}, {"date": "2015-10-25", "symbol": "AMAT", "fillingDate": "2015-12-09", "acceptedDate": "2015-12-09 17:29:47", "period": "FY", "revenue": 2368000000, "costOfRevenue": 1409000000, "grossProfit": 959000000, "grossProfitRatio": 0.4049831081081081, "researchAndDevelopmentExpenses": 363000000, "generalAndAdministrativeExpenses": 63000000, "sellingAndMarketingExpenses": 96000000, "otherExpenses": 0.0, "operatingExpenses": 522000000, "costAndExpenses": 1931000000, "interestExpense": 32000000, "depreciationAndAmortization": 96000000, "ebitda": 519000000, "ebitdaratio": 0.219172297297, "operatingIncome": 423000000, "operatingIncomeRatio": 0.178631756757, "totalOtherIncomeExpensesNet": 6000000.0, "incomeBeforeTax": 397000000, "incomeBeforeTaxRatio": 0.167652027027, "incomeTaxExpense": 61000000, "netIncome": 336000000, "netIncomeRatio": 0.141891891892, "eps": 0.28, "epsdiluted": 0.28, "weightedAverageShsOut": 1214000000, "weightedAverageShsOutDil": 1226000000, "link": "https://www.sec.gov/Archives/edgar/data/6951/000000695115000034/0000006951-15-000034-index.htm", "finalLink": "https://www.sec.gov/Archives/edgar/data/6951/000000695115000034/amat10252015-10xkdoc.htm"}, {"date": "2015-07-26", "symbol": "AMAT", "fillingDate": "2015-08-20", "acceptedDate": "2015-08-20 16:22:56", "period": "Q3", "revenue": 2490000000, "costOfRevenue": 1472000000, "grossProfit": 1018000000, "grossProfitRatio": 0.40883534136546185, "researchAndDevelopmentExpenses": 372000000, "generalAndAdministrativeExpenses": 135000000, "sellingAndMarketingExpenses": 112000000, "otherExpenses": 0.0, "operatingExpenses": 619000000, "costAndExpenses": 2091000000, "interestExpense": 24000000, "depreciationAndAmortization": 93000000, "ebitda": 489000000, "ebitdaratio": 0.196385542169, "operatingIncome": 396000000, "operatingIncomeRatio": 0.159036144578, "totalOtherIncomeExpensesNet": 3000000.0, "incomeBeforeTax": 375000000, "incomeBeforeTaxRatio": 0.150602409639, "incomeTaxExpense": 46000000, "netIncome": 329000000, "netIncomeRatio": 0.132128514056, "eps": 0.27, "epsdiluted": 0.27, "weightedAverageShsOut": 1225000000, "weightedAverageShsOutDil": 1238000000, "link": "https://www.sec.gov/Archives/edgar/data/6951/000000695115000026/0000006951-15-000026-index.htm", "finalLink": "https://www.sec.gov/Archives/edgar/data/6951/000000695115000026/amat726201510-qq32015.htm"}, {"date": "2015-04-26", "symbol": "AMAT", "fillingDate": "2015-05-21", "acceptedDate": "2015-05-21 16:15:30", "period": "Q2", "revenue": 2442000000, "costOfRevenue": 1426000000, "grossProfit": 1016000000, "grossProfitRatio": 0.41605241605241605, "researchAndDevelopmentExpenses": 365000000, "generalAndAdministrativeExpenses": 140000000, "sellingAndMarketingExpenses": 109000000, "otherExpenses": 0.0, "operatingExpenses": 614000000, "costAndExpenses": 2040000000, "interestExpense": 24000000, "depreciationAndAmortization": 90000000, "ebitda": 506000000, "ebitdaratio": 0.207207207207, "operatingIncome": 416000000, "operatingIncomeRatio": 0.170352170352, "totalOtherIncomeExpensesNet": -3000000.0, "incomeBeforeTax": 389000000, "incomeBeforeTaxRatio": 0.159295659296, "incomeTaxExpense": 25000000, "netIncome": 364000000, "netIncomeRatio": 0.149058149058, "eps": 0.3, "epsdiluted": 0.29, "weightedAverageShsOut": 1227000000, "weightedAverageShsOutDil": 1241000000, "link": "https://www.sec.gov/Archives/edgar/data/6951/000000695115000014/0000006951-15-000014-index.htm", "finalLink": "https://www.sec.gov/Archives/edgar/data/6951/000000695115000014/amat426201510-qq22015.htm"}, {"date": "2015-01-25", "symbol": "AMAT", "fillingDate": "2015-02-19", "acceptedDate": "2015-02-19 16:35:54", "period": "Q1", "revenue": 2359000000, "costOfRevenue": 1400000000, "grossProfit": 959000000, "grossProfitRatio": 0.4065281899109792, "researchAndDevelopmentExpenses": 351000000, "generalAndAdministrativeExpenses": 117000000, "sellingAndMarketingExpenses": 111000000, "otherExpenses": 0.0, "operatingExpenses": 579000000, "costAndExpenses": 1979000000, "interestExpense": 23000000, "depreciationAndAmortization": 92000000, "ebitda": 550000000, "ebitdaratio": 0.233149639678, "operatingIncome": 458000000, "operatingIncomeRatio": 0.194150063586, "totalOtherIncomeExpensesNet": 2000000.0, "incomeBeforeTax": 437000000, "incomeBeforeTaxRatio": 0.185247986435, "incomeTaxExpense": 89000000, "netIncome": 348000000, "netIncomeRatio": 0.147520135651, "eps": 0.28, "epsdiluted": 0.28, "weightedAverageShsOut": 1224000000, "weightedAverageShsOutDil": 1240000000, "link": "https://www.sec.gov/Archives/edgar/data/6951/000000695115000008/0000006951-15-000008-index.htm", "finalLink": "https://www.sec.gov/Archives/edgar/data/6951/000000695114000037/amat10262014-10kdoc.htm"}, {"date": "2014-10-26", "symbol": "AMAT", "fillingDate": "2014-12-17", "acceptedDate": "2014-12-17 16:38:24", "period": "FY", "revenue": 2264000000, "costOfRevenue": 1305000000, "grossProfit": 959000000, "grossProfitRatio": 0.42358657243816256, "researchAndDevelopmentExpenses": 360000000, "generalAndAdministrativeExpenses": 90000000, "sellingAndMarketingExpenses": 99000000, "otherExpenses": -2000000.0, "operatingExpenses": 547000000, "costAndExpenses": 1852000000, "interestExpense": 23000000, "depreciationAndAmortization": 94000000, "ebitda": 506000000, "ebitdaratio": 0.223498233216, "operatingIncome": 412000000, "operatingIncomeRatio": 0.181978798587, "totalOtherIncomeExpensesNet": 9000000.0, "incomeBeforeTax": 398000000, "incomeBeforeTaxRatio": 0.175795053004, "incomeTaxExpense": 142000000, "netIncome": 256000000, "netIncomeRatio": 0.113074204947, "eps": 0.21, "epsdiluted": 0.21, "weightedAverageShsOut": 1215000000, "weightedAverageShsOutDil": 1231000000, "link": "https://www.sec.gov/Archives/edgar/data/6951/000000695114000037/0000006951-14-000037-index.htm", "finalLink": "https://www.sec.gov/Archives/edgar/data/6951/000000695114000037/amat10262014-10kdoc.htm"}, {"date": "2014-07-27", "symbol": "AMAT", "fillingDate": "2014-08-21", "acceptedDate": "2014-08-21 16:33:59", "period": "Q3", "revenue": 2265000000, "costOfRevenue": 1273000000, "grossProfit": 992000000, "grossProfitRatio": 0.43796909492273733, "researchAndDevelopmentExpenses": 357000000, "generalAndAdministrativeExpenses": 136000000, "sellingAndMarketingExpenses": 108000000, "otherExpenses": 0.0, "operatingExpenses": 601000000, "costAndExpenses": 1874000000, "interestExpense": 24000000, "depreciationAndAmortization": 93000000, "ebitda": 484000000, "ebitdaratio": 0.213686534216, "operatingIncome": 391000000, "operatingIncomeRatio": 0.172626931567, "totalOtherIncomeExpensesNet": 3000000.0, "incomeBeforeTax": 370000000, "incomeBeforeTaxRatio": 0.163355408389, "incomeTaxExpense": 69000000, "netIncome": 301000000, "netIncomeRatio": 0.13289183223, "eps": 0.24, "epsdiluted": 0.24, "weightedAverageShsOut": 1213000000, "weightedAverageShsOutDil": 1230000000, "link": "https://www.sec.gov/Archives/edgar/data/6951/000000695114000028/0000006951-14-000028-index.htm", "finalLink": "https://www.sec.gov/Archives/edgar/data/6951/000000695114000028/amat-form10xqq32014.htm"}, {"date": "2014-04-27", "symbol": "AMAT", "fillingDate": "2014-05-22", "acceptedDate": "2014-05-22 16:26:07", "period": "Q2", "revenue": 2353000000, "costOfRevenue": 1352000000, "grossProfit": 1001000000, "grossProfitRatio": 0.425414364640884, "researchAndDevelopmentExpenses": 355000000, "generalAndAdministrativeExpenses": 152000000, "sellingAndMarketingExpenses": 107000000, "otherExpenses": 0.0, "operatingExpenses": 614000000, "costAndExpenses": 1966000000, "interestExpense": 23000000, "depreciationAndAmortization": 94000000, "ebitda": 481000000, "ebitdaratio": 0.204419889503, "operatingIncome": 387000000, "operatingIncomeRatio": 0.164470888228, "totalOtherIncomeExpensesNet": -2000000.0, "incomeBeforeTax": 365000000, "incomeBeforeTaxRatio": 0.155121121972, "incomeTaxExpense": 103000000, "netIncome": 262000000, "netIncomeRatio": 0.11134721632, "eps": 0.22, "epsdiluted": 0.21, "weightedAverageShsOut": 1211000000, "weightedAverageShsOutDil": 1227000000, "link": "https://www.sec.gov/Archives/edgar/data/6951/000000695114000016/0000006951-14-000016-index.htm", "finalLink": "https://www.sec.gov/Archives/edgar/data/6951/000000695114000016/amat-form10xqq22014.htm"}, {"date": "2014-01-26", "symbol": "AMAT", "fillingDate": "2014-02-20", "acceptedDate": "2014-02-20 16:02:12", "period": "Q1", "revenue": 2190000000, "costOfRevenue": 1299000000, "grossProfit": 891000000, "grossProfitRatio": 0.40684931506849314, "researchAndDevelopmentExpenses": 356000000, "generalAndAdministrativeExpenses": 89000000, "sellingAndMarketingExpenses": 109000000, "otherExpenses": 7000000.0, "operatingExpenses": 561000000, "costAndExpenses": 1860000000, "interestExpense": 25000000, "depreciationAndAmortization": 94000000, "ebitda": 424000000, "ebitdaratio": 0.193607305936, "operatingIncome": 330000000, "operatingIncomeRatio": 0.150684931507, "totalOtherIncomeExpensesNet": 13000000, "incomeBeforeTax": 315000000, "incomeBeforeTaxRatio": 0.143835616438, "incomeTaxExpense": 62000000, "netIncome": 253000000, "netIncomeRatio": 0.115525114155, "eps": 0.21, "epsdiluted": 0.21, "weightedAverageShsOut": 1206000000, "weightedAverageShsOutDil": 1225000000, "link": "https://www.sec.gov/Archives/edgar/data/6951/000000695114000007/0000006951-14-000007-index.htm", "finalLink": "https://www.sec.gov/Archives/edgar/data/6951/000000695113000044/amat10272013-10kdoc.htm"}, {"date": "2013-10-27", "symbol": "AMAT", "fillingDate": "2013-12-04", "acceptedDate": "2013-12-04 16:26:13", "period": "FY", "revenue": 1988000000, "costOfRevenue": 1193000000, "grossProfit": 795000000, "grossProfitRatio": 0.3998993963782696, "researchAndDevelopmentExpenses": 338000000, "generalAndAdministrativeExpenses": 121000000, "sellingAndMarketingExpenses": 99000000, "otherExpenses": 26000000, "operatingExpenses": 584000000, "costAndExpenses": 1777000000, "interestExpense": 95000000, "depreciationAndAmortization": 98000000, "ebitda": 309000000, "ebitdaratio": 0.155432595573, "operatingIncome": 211000000, "operatingIncomeRatio": 0.106136820926, "totalOtherIncomeExpensesNet": 8000000.0, "incomeBeforeTax": 194000000, "incomeBeforeTaxRatio": 0.0975855130785, "incomeTaxExpense": 11000000, "netIncome": 183000000, "netIncomeRatio": 0.0920523138833, "eps": 0.15, "epsdiluted": 0.15, "weightedAverageShsOut": 1202000000, "weightedAverageShsOutDil": 1219000000, "link": "https://www.sec.gov/Archives/edgar/data/6951/000000695113000044/0000006951-13-000044-index.htm", "finalLink": "https://www.sec.gov/Archives/edgar/data/6951/000000695113000044/amat10272013-10kdoc.htm"}, {"date": "2013-07-28", "symbol": "AMAT", "fillingDate": "2013-08-22", "acceptedDate": "2013-08-22 16:19:16", "period": "Q3", "revenue": 1975000000, "costOfRevenue": 1169000000, "grossProfit": 806000000, "grossProfitRatio": 0.40810126582278483, "researchAndDevelopmentExpenses": 334000000, "generalAndAdministrativeExpenses": -126000000, "sellingAndMarketingExpenses": 334000000, "otherExpenses": 14000000, "operatingExpenses": 556000000, "costAndExpenses": 1725000000, "interestExpense": -48000000, "depreciationAndAmortization": 100000000, "ebitda": 350000000, "ebitdaratio": 0.177215189873, "operatingIncome": 250000000, "operatingIncomeRatio": 0.126582278481, "totalOtherIncomeExpensesNet": 4000000.0, "incomeBeforeTax": 228000000, "incomeBeforeTaxRatio": 0.115443037975, "incomeTaxExpense": 60000000, "netIncome": 168000000, "netIncomeRatio": 0.0850632911392, "eps": 0.14, "epsdiluted": 0.14, "weightedAverageShsOut": 1201000000, "weightedAverageShsOutDil": 1218000000, "link": "https://www.sec.gov/Archives/edgar/data/6951/000000695113000034/0000006951-13-000034-index.htm", "finalLink": "https://www.sec.gov/Archives/edgar/data/6951/000000695113000034/amat-form10xqq32013.htm"}, {"date": "2013-04-28", "symbol": "AMAT", "fillingDate": "2013-05-23", "acceptedDate": "2013-05-23 16:10:39", "period": "Q2", "revenue": 1973000000, "costOfRevenue": 1165000000, "grossProfit": 808000000, "grossProfitRatio": 0.4095286365940193, "researchAndDevelopmentExpenses": 344000000, "generalAndAdministrativeExpenses": 244000000, "sellingAndMarketingExpenses": 0.0, "otherExpenses": 288000000, "operatingExpenses": 876000000, "costAndExpenses": 2041000000, "interestExpense": 24000000, "depreciationAndAmortization": 106000000, "ebitda": 38000000, "ebitdaratio": 0.0192600101368, "operatingIncome": -68000000, "operatingIncomeRatio": -0.03446528129751647, "totalOtherIncomeExpensesNet": 4000000.0, "incomeBeforeTax": -90000000, "incomeBeforeTaxRatio": -0.0456158134820071, "incomeTaxExpense": 39000000, "netIncome": -129000000, "netIncomeRatio": -0.06538266599087683, "eps": -0.11, "epsdiluted": -0.11, "weightedAverageShsOut": 1200000000, "weightedAverageShsOutDil": 1200000000, "link": "https://www.sec.gov/Archives/edgar/data/6951/000000695113000017/0000006951-13-000017-index.htm", "finalLink": "https://www.sec.gov/Archives/edgar/data/6951/000000695113000017/amat-form10xqq22013.htm"}, {"date": "2013-01-27", "symbol": "AMAT", "fillingDate": "2013-02-21", "acceptedDate": "2013-02-21 16:44:16", "period": "Q1", "revenue": 1573000000, "costOfRevenue": 991000000, "grossProfit": 582000000, "grossProfitRatio": 0.36999364272091545, "researchAndDevelopmentExpenses": 304000000, "generalAndAdministrativeExpenses": 230000000, "sellingAndMarketingExpenses": 0.0, "otherExpenses": 9000000.0, "operatingExpenses": 543000000, "costAndExpenses": 1534000000, "interestExpense": 24000000, "depreciationAndAmortization": 106000000, "ebitda": 145000000, "ebitdaratio": 0.092180546726, "operatingIncome": 39000000, "operatingIncomeRatio": 0.0247933884298, "totalOtherIncomeExpensesNet": 3000000.0, "incomeBeforeTax": 18000000, "incomeBeforeTaxRatio": 0.0114431023522, "incomeTaxExpense": -16000000, "netIncome": 34000000, "netIncomeRatio": 0.0216147488875, "eps": 0.03, "epsdiluted": 0.03, "weightedAverageShsOut": 1198000000, "weightedAverageShsOutDil": 1212000000, "link": "https://www.sec.gov/Archives/edgar/data/6951/000000695113000008/0000006951-13-000008-index.htm", "finalLink": "https://www.sec.gov/Archives/edgar/data/6951/000000695112000018/amat10282012-10kdoc.htm"}, {"date": "2012-10-28", "symbol": "AMAT", "fillingDate": "2012-12-05", "acceptedDate": "2012-12-05 16:36:34", "period": "FY", "revenue": 1646000000, "costOfRevenue": 1059000000, "grossProfit": 587000000, "grossProfitRatio": 0.35662211421628187, "researchAndDevelopmentExpenses": 304000000, "generalAndAdministrativeExpenses": 237000000, "sellingAndMarketingExpenses": 0.0, "otherExpenses": 545000000, "operatingExpenses": 1086000000, "costAndExpenses": 2145000000, "interestExpense": 23000000, "depreciationAndAmortization": 97000000, "ebitda": -402000000, "ebitdaratio": -0.244228432563791, "operatingIncome": -499000000, "operatingIncomeRatio": -0.3031591737545565, "totalOtherIncomeExpensesNet": 4000000.0, "incomeBeforeTax": -532000000, "incomeBeforeTaxRatio": -0.32320777642770354, "incomeTaxExpense": -17000000, "netIncome": -515000000, "netIncomeRatio": -0.3128797083839611, "eps": -0.4, "epsdiluted": -0.39, "weightedAverageShsOut": 1266.0, "weightedAverageShsOutDil": 1277.0, "link": "https://www.sec.gov/Archives/edgar/data/6951/000000695112000018/0000006951-12-000018-index.htm", "finalLink": "https://www.sec.gov/Archives/edgar/data/6951/000000695112000018/amat10282012-10kdoc.htm"}, {"date": "2012-07-29", "symbol": "AMAT", "fillingDate": "2012-08-23", "acceptedDate": "2012-08-23 16:18:30", "period": "Q3", "revenue": 2343000000, "costOfRevenue": 1414000000, "grossProfit": 929000000, "grossProfitRatio": 0.39650021340162184, "researchAndDevelopmentExpenses": 308000000, "generalAndAdministrativeExpenses": 255000000, "sellingAndMarketingExpenses": 0.0, "otherExpenses": 44000000, "operatingExpenses": 607000000, "costAndExpenses": 2021000000, "interestExpense": 25000000, "depreciationAndAmortization": 105000000, "ebitda": 427000000, "ebitdaratio": 0.182244985062, "operatingIncome": 322000000, "operatingIncomeRatio": 0.137430644473, "totalOtherIncomeExpensesNet": 5000000.0, "incomeBeforeTax": 302000000, "incomeBeforeTaxRatio": 0.128894579599, "incomeTaxExpense": 84000000, "netIncome": 218000000, "netIncomeRatio": 0.0930431071276, "eps": 0.18, "epsdiluted": 0.17, "weightedAverageShsOut": 1282.0, "weightedAverageShsOutDil": 1292.0, "link": "https://www.sec.gov/Archives/edgar/data/6951/000000695112000011/0000006951-12-000011-index.htm", "finalLink": "https://www.sec.gov/Archives/edgar/data/6951/000000695112000011/amat-072912x10qxdoc.htm"}, {"date": "2012-04-29", "symbol": "AMAT", "fillingDate": "2012-05-24", "acceptedDate": "2012-05-24 16:25:10", "period": "Q2", "revenue": 2541000000, "costOfRevenue": 2933000000, "grossProfit": -392000000, "grossProfitRatio": -0.15426997245179064, "researchAndDevelopmentExpenses": 321000000, "generalAndAdministrativeExpenses": 281000000, "sellingAndMarketingExpenses": 0.0, "otherExpenses": 23000000, "operatingExpenses": 602000000, "costAndExpenses": 3535000000, "interestExpense": 47000000, "depreciationAndAmortization": 108000000, "ebitda": 579000000, "ebitdaratio": 0.227863046045, "operatingIncome": 471000000, "operatingIncomeRatio": 0.185360094451, "totalOtherIncomeExpensesNet": 4000000.0, "incomeBeforeTax": 401000000, "incomeBeforeTaxRatio": 0.157811885085, "incomeTaxExpense": 112000000, "netIncome": 289000000, "netIncomeRatio": 0.113734750098, "eps": 0.22, "epsdiluted": 0.22, "weightedAverageShsOut": 1294.0, "weightedAverageShsOutDil": 1305.0, "link": "https://www.sec.gov/Archives/edgar/data/6951/000144530512001872/0001445305-12-001872-index.htm", "finalLink": "https://www.sec.gov/Archives/edgar/data/6951/000144530512001872/amat-042912x10qxdoc.htm"}, {"date": "2012-01-29", "symbol": "AMAT", "fillingDate": "2012-02-27", "acceptedDate": "2012-02-27 16:48:45", "period": "Q1", "revenue": 2189000000, "costOfRevenue": 1403000000, "grossProfit": 786000000, "grossProfitRatio": 0.3590680676107812, "researchAndDevelopmentExpenses": 304000000, "generalAndAdministrativeExpenses": 303000000, "sellingAndMarketingExpenses": 0.0, "otherExpenses": 24000000, "operatingExpenses": 607000000, "costAndExpenses": 607000000, "interestExpense": 0.0, "depreciationAndAmortization": 112000000, "ebitda": 229000000, "ebitdaratio": 0.104613978986, "operatingIncome": 117000000, "operatingIncomeRatio": 0.0534490634993, "totalOtherIncomeExpensesNet": 4000000.0, "incomeBeforeTax": 145000000, "incomeBeforeTaxRatio": 0.07263590680676107, "incomeTaxExpense": 28000000, "netIncome": 117000000, "netIncomeRatio": 0.0534490634993, "eps": 0.09, "epsdiluted": 0.09, "weightedAverageShsOut": 1299000000, "weightedAverageShsOutDil": 1310000000, "link": "https://www.sec.gov/Archives/edgar/data/6951/000119312512081804/0001193125-12-081804-index.htm", "finalLink": "https://www.sec.gov/Archives/edgar/data/6951/000119312511332050/d250870d10k.htm"}, {"date": "2011-10-30", "symbol": "AMAT", "fillingDate": "2011-12-06", "acceptedDate": "2011-12-06 16:07:25", "period": "FY", "revenue": 2181000000, "costOfRevenue": 1330000000, "grossProfit": 851000000, "grossProfitRatio": 0.3901879871618524, "researchAndDevelopmentExpenses": 268000000, "generalAndAdministrativeExpenses": 222000000, "sellingAndMarketingExpenses": 0.0, "otherExpenses": 24000000, "operatingExpenses": 490000000, "costAndExpenses": 1820000000, "interestExpense": 0.0, "depreciationAndAmortization": 59000000, "ebitda": 420000000, "ebitdaratio": 0.19257221458046767, "operatingIncome": 361000000, "operatingIncomeRatio": 0.16552040348464006, "totalOtherIncomeExpensesNet": 9000000.0, "incomeBeforeTax": 343000000, "incomeBeforeTaxRatio": 0.1572673085740486, "incomeTaxExpense": -112000000, "netIncome": 455000000, "netIncomeRatio": 0.20861989912884, "eps": 1.46, "epsdiluted": 1.45, "weightedAverageShsOut": 1299000000, "weightedAverageShsOutDil": 1310000000, "link": "https://www.sec.gov/Archives/edgar/data/6951/000119312511332050/0001193125-11-332050-index.htm", "finalLink": "https://www.sec.gov/Archives/edgar/data/6951/000119312511332050/d250870d10k.htm"}, {"date": "2011-07-31", "symbol": "AMAT", "fillingDate": "2011-08-26", "acceptedDate": "2011-08-26 16:06:51", "period": "Q3", "revenue": 2787000000, "costOfRevenue": 1603000000, "grossProfit": 1184000000, "grossProfitRatio": 0.4248295658414065, "researchAndDevelopmentExpenses": 283000000, "generalAndAdministrativeExpenses": 455000000, "sellingAndMarketingExpenses": -216000000, "otherExpenses": 35000000, "operatingExpenses": 498000000, "costAndExpenses": 2101000000, "interestExpense": 0.0, "depreciationAndAmortization": 59000000, "ebitda": 745000000, "ebitdaratio": 0.2673125224255472, "operatingIncome": 686000000, "operatingIncomeRatio": 0.24614280588446358, "totalOtherIncomeExpensesNet": 8000000.0, "incomeBeforeTax": 669000000, "incomeBeforeTaxRatio": 0.24004305705059203, "incomeTaxExpense": 193000000, "netIncome": 476000000, "netIncomeRatio": 0.1707929673484033, "eps": -0.75, "epsdiluted": -0.75, "weightedAverageShsOut": 1299000000, "weightedAverageShsOutDil": 1310000000, "link": "https://www.sec.gov/Archives/edgar/data/6951/000095012311080527/0000950123-11-080527-index.htm", "finalLink": "https://www.sec.gov/Archives/edgar/data/6951/000095012311080527/f59502e10vq.htm"}, {"date": "2011-05-01", "symbol": "AMAT", "fillingDate": "2011-05-31", "acceptedDate": "2011-05-31 17:22:19", "period": "Q2", "revenue": 2863000000, "costOfRevenue": 1674000000, "grossProfit": 1189000000, "grossProfitRatio": 0.41529863779252535, "researchAndDevelopmentExpenses": 297000000, "generalAndAdministrativeExpenses": 112000000, "sellingAndMarketingExpenses": 107000000, "otherExpenses": 0.0, "operatingExpenses": 512000000, "costAndExpenses": 2186000000, "interestExpense": 0.0, "depreciationAndAmortization": 65000000, "ebitda": 742000000, "ebitdaratio": 0.2591687041564792, "operatingIncome": 677000000, "operatingIncomeRatio": 0.23646524624519735, "totalOtherIncomeExpensesNet": 14000000, "incomeBeforeTax": 686000000, "incomeBeforeTaxRatio": 0.2396088019559902, "incomeTaxExpense": 197000000, "netIncome": 489000000, "netIncomeRatio": 0.17079986028641286, "eps": 0.37, "epsdiluted": 0.37, "weightedAverageShsOut": 1299000000, "weightedAverageShsOutDil": 1310000000, "link": "https://www.sec.gov/Archives/edgar/data/6951/000095012311055462/0000950123-11-055462-index.htm", "finalLink": "https://www.sec.gov/Archives/edgar/data/6951/000095012311055462/f58835e10vq.htm"}, {"date": "2011-01-30", "symbol": "AMAT", "fillingDate": "2011-02-28", "acceptedDate": "2011-02-28 16:12:36", "period": "Q1", "revenue": 2686000000, "costOfRevenue": 1550000000, "grossProfit": 1136000000, "grossProfitRatio": 0.422933730454207, "researchAndDevelopmentExpenses": 270000000, "generalAndAdministrativeExpenses": 112000000, "sellingAndMarketingExpenses": 109000000, "otherExpenses": 0.0, "operatingExpenses": 462000000, "costAndExpenses": 2012000000, "interestExpense": 0.0, "depreciationAndAmortization": 63000000, "ebitda": 737000000, "ebitdaratio": 0.27438570364854803, "operatingIncome": 674000000, "operatingIncomeRatio": 0.2509307520476545, "totalOtherIncomeExpensesNet": 11000000, "incomeBeforeTax": 680000000, "incomeBeforeTaxRatio": 0.25316455696202533, "incomeTaxExpense": 174000000, "netIncome": 506000000, "netIncomeRatio": 0.18838421444527179, "eps": 0.38, "epsdiluted": 0.38, "weightedAverageShsOut": 1299000000, "weightedAverageShsOutDil": 1310000000, "link": "https://www.sec.gov/Archives/edgar/data/6951/000095012311019761/0000950123-11-019761-index.htm", "finalLink": "https://www.sec.gov/Archives/edgar/data/6951/000095012310112754/f56996e10vk.htm"}, {"date": "2010-10-31", "symbol": "AMAT", "fillingDate": "2010-12-10", "acceptedDate": "2010-12-10 14:19:42", "period": "FY", "revenue": 2886435000, "costOfRevenue": 1669637000, "grossProfit": 1216798000, "grossProfitRatio": 0.42155738826614836, "researchAndDevelopmentExpenses": 278192000, "generalAndAdministrativeExpenses": 139248000, "sellingAndMarketingExpenses": 102659000, "otherExpenses": -2218000.0, "operatingExpenses": 517881000, "costAndExpenses": 2187518000, "interestExpense": 0.0, "depreciationAndAmortization": 68773000, "ebitda": 767690000, "ebitdaratio": 0.2659647627609837, "operatingIncome": 698917000, "operatingIncomeRatio": 0.24213848570988086, "totalOtherIncomeExpensesNet": 0.0, "incomeBeforeTax": 703349000, "incomeBeforeTaxRatio": 0.24367394380957824, "incomeTaxExpense": 235334000, "netIncome": 468015000, "netIncomeRatio": 0.16214292024590887, "eps": 0.35, "epsdiluted": 0.35, "weightedAverageShsOut": 1299000000, "weightedAverageShsOutDil": 1310000000, "link": "https://www.sec.gov/Archives/edgar/data/6951/000095012310112754/0000950123-10-112754-index.htm", "finalLink": "https://www.sec.gov/Archives/edgar/data/6951/000095012310112754/f56996e10vk.htm"}, {"date": "2010-08-01", "symbol": "AMAT", "fillingDate": "2010-09-03", "acceptedDate": "2010-09-03 16:05:47", "period": "Q3", "revenue": 2517790000, "costOfRevenue": 1657662000, "grossProfit": 860128000, "grossProfitRatio": 0.34162023044018763, "researchAndDevelopmentExpenses": 290398000, "generalAndAdministrativeExpenses": 145994000, "sellingAndMarketingExpenses": 105754000, "otherExpenses": 135331000, "operatingExpenses": 677477000, "costAndExpenses": 2335139000, "interestExpense": 0.0, "depreciationAndAmortization": 72564000, "ebitda": 255215000, "ebitdaratio": 0.1013646888739728, "operatingIncome": 182651000, "operatingIncomeRatio": 0.07254417564610234, "totalOtherIncomeExpensesNet": 0.0, "incomeBeforeTax": 177831000, "incomeBeforeTaxRatio": 0.07062979835490649, "incomeTaxExpense": 54735000, "netIncome": 123096000, "netIncomeRatio": 0.048890495235901325, "eps": 0.35, "epsdiluted": 0.35, "weightedAverageShsOut": 1299000000, "weightedAverageShsOutDil": 1310000000, "link": "https://www.sec.gov/Archives/edgar/data/6951/000095012310083841/0000950123-10-083841-index.htm", "finalLink": "https://www.sec.gov/Archives/edgar/data/6951/000095012310083841/f55302e10vq.htm"}, {"date": "2010-05-02", "symbol": "AMAT", "fillingDate": "2010-06-09", "acceptedDate": "2010-06-09 17:00:46", "period": "Q2", "revenue": 2295540000, "costOfRevenue": 1368648000, "grossProfit": 926892000, "grossProfitRatio": 0.40377950286207165, "researchAndDevelopmentExpenses": 305928000, "generalAndAdministrativeExpenses": 125779000, "sellingAndMarketingExpenses": 100420000, "otherExpenses": 112812000, "operatingExpenses": 644939000, "costAndExpenses": 2013587000, "interestExpense": 0.0, "depreciationAndAmortization": 86766000, "ebitda": 472563000, "ebitdaratio": 0.20586136595310908, "operatingIncome": 385797000, "operatingIncomeRatio": 0.16806372356831073, "totalOtherIncomeExpensesNet": 0.0, "incomeBeforeTax": 387052000, "incomeBeforeTaxRatio": 0.16861043588872335, "incomeTaxExpense": 123048000, "netIncome": 264004000, "netIncomeRatio": 0.11500736210216332, "eps": 0.26, "epsdiluted": 0.26, "weightedAverageShsOut": 1299000000, "weightedAverageShsOutDil": 1310000000, "link": "https://www.sec.gov/Archives/edgar/data/6951/000095012310056967/0000950123-10-056967-index.htm", "finalLink": "https://www.sec.gov/Archives/edgar/data/6951/000095012310056967/f55265e10vq.htm"}, {"date": "2010-01-31", "symbol": "AMAT", "fillingDate": "2010-03-09", "acceptedDate": "2010-03-09 16:05:31", "period": "Q", "revenue": 1848902000, "costOfRevenue": 1137718000, "grossProfit": 711184000, "grossProfitRatio": 0.38465207999125967, "researchAndDevelopmentExpenses": 269003000, "generalAndAdministrativeExpenses": 124799000, "sellingAndMarketingExpenses": 97195000, "otherExpenses": 0.0, "operatingExpenses": 490997000, "costAndExpenses": 1628715000, "interestExpense": 0.0, "depreciationAndAmortization": -42661000, "ebitda": 1558172.0, "ebitdaratio": 0.039851760666601045, "operatingIncome": 1580413.0, "operatingIncomeRatio": 0.06292545521612286, "totalOtherIncomeExpensesNet": 0.0, "incomeBeforeTax": 1581298.0, "incomeBeforeTaxRatio": 0.06421865518020967, "incomeTaxExpense": 35983000, "netIncome": 1581298.0, "netIncomeRatio": 0.04475683405610465, "eps": 0.04, "epsdiluted": 0.04, "weightedAverageShsOut": 1299000000, "weightedAverageShsOutDil": 1310000000, "link": "https://www.sec.gov/Archives/edgar/data/6951/000095012310022556/0000950123-10-022556-index.htm", "finalLink": "https://www.sec.gov/Archives/edgar/data/6951/000095012309070205/f53510e10vk.htm"}, {"date": "2009-10-25", "symbol": "AMAT", "fillingDate": "2009-12-11", "acceptedDate": "2009-12-11 16:20:48", "period": "FY", "revenue": 1526394000, "costOfRevenue": 967558000, "grossProfit": 558836000, "grossProfitRatio": 0.36611517078814515, "researchAndDevelopmentExpenses": 234188000, "generalAndAdministrativeExpenses": 76138000, "sellingAndMarketingExpenses": 79261000, "otherExpenses": 0.0, "operatingExpenses": 389587000, "costAndExpenses": 1357145000, "interestExpense": -5359000.0, "depreciationAndAmortization": 71594000, "ebitda": 244536000, "ebitdaratio": 0.16020503225248528, "operatingIncome": 172942000, "operatingIncomeRatio": 0.1133010218855682, "totalOtherIncomeExpensesNet": 0.0, "incomeBeforeTax": 173848000, "incomeBeforeTaxRatio": 0.11389457767784726, "incomeTaxExpense": 35986000, "netIncome": 137862000, "netIncomeRatio": 0.09031875125295304, "eps": -0.23, "epsdiluted": -0.23, "weightedAverageShsOut": 1299000000, "weightedAverageShsOutDil": 1310000000, "link": "https://www.sec.gov/Archives/edgar/data/6951/000095012309070205/0000950123-09-070205-index.htm", "finalLink": "https://www.sec.gov/Archives/edgar/data/6951/000095012309070205/f53510e10vk.htm"}, {"date": "2009-07-26", "symbol": "AMAT", "fillingDate": "2009-09-01", "acceptedDate": "2009-09-01 16:06:31", "period": "Q3", "revenue": 1133740000, "costOfRevenue": 808866000, "grossProfit": 324874000, "grossProfitRatio": 0.2865507082752659, "researchAndDevelopmentExpenses": 234052000, "generalAndAdministrativeExpenses": 88487000, "sellingAndMarketingExpenses": 79518000, "otherExpenses": 0.0, "operatingExpenses": 402057000, "costAndExpenses": 1210923000, "interestExpense": -4893000.0, "depreciationAndAmortization": 73501000, "ebitda": -3682000.0, "ebitdaratio": -0.0032476581932365444, "operatingIncome": -77183000, "operatingIncomeRatio": -0.06807821899200875, "totalOtherIncomeExpensesNet": 0.0, "incomeBeforeTax": -74184000, "incomeBeforeTaxRatio": -0.06543299169121668, "incomeTaxExpense": -19319000, "netIncome": -54865000, "netIncomeRatio": -0.0483929295958509, "eps": -0.33, "epsdiluted": -0.33, "weightedAverageShsOut": 1299000000, "weightedAverageShsOutDil": 1310000000, "link": "https://www.sec.gov/Archives/edgar/data/6951/000095012309040145/0000950123-09-040145-index.htm", "finalLink": "https://www.sec.gov/Archives/edgar/data/6951/000095012309040145/f53399e10vq.htm"}, {"date": "2009-04-26", "symbol": "AMAT", "fillingDate": "2009-06-03", "acceptedDate": "2009-06-03 17:02:49", "period": "Q2", "revenue": 1020077000, "costOfRevenue": 864558000, "grossProfit": 155519000, "grossProfitRatio": 0.15245809875136876, "researchAndDevelopmentExpenses": 236335000, "generalAndAdministrativeExpenses": 101080000, "sellingAndMarketingExpenses": 84678000, "otherExpenses": 0.0, "operatingExpenses": 422093000, "costAndExpenses": 1286651000, "interestExpense": -5058000.0, "depreciationAndAmortization": 74880000, "ebitda": -218403000, "ebitdaratio": -0.2141044254502356, "operatingIncome": -293283000, "operatingIncomeRatio": -0.287510648705931, "totalOtherIncomeExpensesNet": 0.0, "incomeBeforeTax": -382808000, "incomeBeforeTaxRatio": -0.3752736313043035, "incomeTaxExpense": -127418000, "netIncome": -255390000, "netIncomeRatio": -0.25036345295502205, "eps": -0.29, "epsdiluted": -0.29, "weightedAverageShsOut": 1330476.0, "weightedAverageShsOutDil": 1330476.0, "link": "https://www.sec.gov/Archives/edgar/data/6951/000095012309011037/0000950123-09-011037-index.htm", "finalLink": "https://www.sec.gov/Archives/edgar/data/6951/000095012309011037/f52636e10vq.htm"}, {"date": "2009-01-25", "symbol": "AMAT", "fillingDate": "2009-03-03", "acceptedDate": "2009-03-03 16:20:21", "period": "Q1", "revenue": 1333396000, "costOfRevenue": 941820000, "grossProfit": 391576000, "grossProfitRatio": 0.293668197594713, "researchAndDevelopmentExpenses": 229540000, "generalAndAdministrativeExpenses": 141241000, "sellingAndMarketingExpenses": 84115000, "otherExpenses": 0.0, "operatingExpenses": 454896000, "costAndExpenses": 1396716000, "interestExpense": -5994000.0, "depreciationAndAmortization": 71228000, "ebitda": -124864000, "ebitdaratio": -0.0936435987508587, "operatingIncome": -196092000, "operatingIncomeRatio": -0.14706208808186017, "totalOtherIncomeExpensesNet": 0.0, "incomeBeforeTax": -202659000, "incomeBeforeTaxRatio": -0.15198710660598952, "incomeTaxExpense": -69725000, "netIncome": -132934000, "netIncomeRatio": -0.09969581429672805, "eps": -0.1, "epsdiluted": -0.1, "weightedAverageShsOut": 1329223.0, "weightedAverageShsOutDil": 1329223.0, "link": "https://www.sec.gov/Archives/edgar/data/6951/000095013409004336/0000950134-09-004336-index.htm", "finalLink": "https://www.sec.gov/Archives/edgar/data/6951/000095013408022104/f50137e10vk.htm"}, {"date": "2008-10-26", "symbol": "AMAT", "fillingDate": "2008-12-12", "acceptedDate": "2008-12-12 15:41:29", "period": "FY", "revenue": 2043677000, "costOfRevenue": 1244972000, "grossProfit": 798705000, "grossProfitRatio": 0.390817629204615, "researchAndDevelopmentExpenses": 275222000, "generalAndAdministrativeExpenses": 138410000, "sellingAndMarketingExpenses": 100131000, "otherExpenses": 0.0, "operatingExpenses": 513763000, "costAndExpenses": 1758735000, "interestExpense": -4846000.0, "depreciationAndAmortization": -240039000, "ebitda": 76426000, "ebitdaratio": 0.03739632045572759, "operatingIncome": 316465000, "operatingIncomeRatio": 0.15485079100073054, "totalOtherIncomeExpensesNet": 109320000, "incomeBeforeTax": 322689000, "incomeBeforeTaxRatio": 0.15789628204456965, "incomeTaxExpense": 91594000, "netIncome": 231095000, "netIncomeRatio": 0.1130780451118254, "eps": 0.71, "epsdiluted": 0.7, "weightedAverageShsOut": 1354176.0, "weightedAverageShsOutDil": 1374507.0, "link": "https://www.sec.gov/Archives/edgar/data/6951/000095013408022104/0000950134-08-022104-index.htm", "finalLink": "https://www.sec.gov/Archives/edgar/data/6951/000095013408022104/f50137e10vk.htm"}, {"date": "2008-07-27", "symbol": "AMAT", "fillingDate": "2008-08-29", "acceptedDate": "2008-08-29 16:09:39", "period": "Q3", "revenue": 1848168000, "costOfRevenue": 1105854000, "grossProfit": 742314000, "grossProfitRatio": 0.40164855143038947, "researchAndDevelopmentExpenses": 268559000, "generalAndAdministrativeExpenses": 129341000, "sellingAndMarketingExpenses": 115944000, "otherExpenses": 0.0, "operatingExpenses": 513844000, "costAndExpenses": 1619698000, "interestExpense": -4859000.0, "depreciationAndAmortization": 85718000, "ebitda": 314050000, "ebitdaratio": 0.16992502846061613, "operatingIncome": 228332000, "operatingIncomeRatio": 0.12354504568848719, "totalOtherIncomeExpensesNet": 0.0, "incomeBeforeTax": 242564000, "incomeBeforeTaxRatio": 0.13124564433536345, "incomeTaxExpense": 77796000, "netIncome": 164768000, "netIncomeRatio": 0.08915206842667983, "eps": 0.54, "epsdiluted": 0.53, "weightedAverageShsOut": 1359492.0, "weightedAverageShsOutDil": 1375656.0, "link": "https://www.sec.gov/Archives/edgar/data/6951/000089161808000427/0000891618-08-000427-index.htm", "finalLink": "https://www.sec.gov/Archives/edgar/data/6951/000089161808000427/f43385e10vq.htm"}, {"date": "2008-04-27", "symbol": "AMAT", "fillingDate": "2008-06-04", "acceptedDate": "2008-06-04 16:34:45", "period": "Q2", "revenue": 2149998000, "costOfRevenue": 1183170000, "grossProfit": 966828000, "grossProfitRatio": 0.44968786017475365, "researchAndDevelopmentExpenses": 287122000, "generalAndAdministrativeExpenses": 122035000, "sellingAndMarketingExpenses": 119410000, "otherExpenses": 0.0, "operatingExpenses": 528567000, "costAndExpenses": 1711737000, "interestExpense": -6256000.0, "depreciationAndAmortization": 75847000, "ebitda": 513598000, "ebitdaratio": 0.23888301291443062, "operatingIncome": 437751000, "operatingIncomeRatio": 0.20360530567935411, "totalOtherIncomeExpensesNet": 0.0, "incomeBeforeTax": 454143000, "incomeBeforeTaxRatio": 0.21122949881813843, "incomeTaxExpense": 151636000, "netIncome": 302507000, "netIncomeRatio": 0.14070106111726616, "eps": 0.41, "epsdiluted": 0.41, "weightedAverageShsOut": 1363975.0, "weightedAverageShsOutDil": 1379071.0, "link": "https://www.sec.gov/Archives/edgar/data/6951/000095013408010730/0000950134-08-010730-index.htm", "finalLink": "https://www.sec.gov/Archives/edgar/data/6951/000095013408010730/f41277e10vq.htm"}, {"date": "2008-01-27", "symbol": "AMAT", "fillingDate": "2008-03-03", "acceptedDate": "2008-03-03 16:11:52", "period": "Q1", "revenue": 2087397000, "costOfRevenue": 1152416000, "grossProfit": 934981000, "grossProfitRatio": 0.4479171906446162, "researchAndDevelopmentExpenses": 273219000, "generalAndAdministrativeExpenses": 115976000, "sellingAndMarketingExpenses": 123917000, "otherExpenses": 0.0, "operatingExpenses": 513112000, "costAndExpenses": 1665528000, "interestExpense": -4545000.0, "depreciationAndAmortization": 78474000, "ebitda": 451357000, "ebitdaratio": 0.2162295912085722, "operatingIncome": 372883000, "operatingIncomeRatio": 0.17863540093235739, "totalOtherIncomeExpensesNet": 0.0, "incomeBeforeTax": 389322000, "incomeBeforeTaxRatio": 0.18651075957280766, "incomeTaxExpense": 126946000, "netIncome": 262376000, "netIncomeRatio": 0.12569530376828175, "eps": 0.19, "epsdiluted": 0.19, "weightedAverageShsOut": 1371245.0, "weightedAverageShsOutDil": 1383886.0, "link": "https://www.sec.gov/Archives/edgar/data/6951/000095013408003946/0000950134-08-003946-index.htm", "finalLink": "https://www.sec.gov/Archives/edgar/data/6951/000089161807000682/f36116e10vk.htm"}, {"date": "2007-10-28", "symbol": "AMAT", "fillingDate": "2007-12-14", "acceptedDate": "2007-12-14 16:05:18", "period": "FY", "revenue": 2367044000, "costOfRevenue": 1290139000, "grossProfit": 1076905000, "grossProfitRatio": 0.4549577447652008, "researchAndDevelopmentExpenses": 270878000, "generalAndAdministrativeExpenses": 125624000, "sellingAndMarketingExpenses": 116270000, "otherExpenses": 0.0, "operatingExpenses": 512772000, "costAndExpenses": 1802911000, "interestExpense": -9243000.0, "depreciationAndAmortization": 81024000, "ebitda": 642118000, "ebitdaratio": 0.27127421374507615, "operatingIncome": 561094000, "operatingIncomeRatio": 0.23704417830847252, "totalOtherIncomeExpensesNet": 0.0, "incomeBeforeTax": 579245000, "incomeBeforeTaxRatio": 0.2447123923340673, "incomeTaxExpense": 157484000, "netIncome": 421761000, "netIncomeRatio": 0.1781804647484373, "eps": 1.22, "epsdiluted": 1.2, "weightedAverageShsOut": 1406685.0, "weightedAverageShsOutDil": 1427002.0, "link": "https://www.sec.gov/Archives/edgar/data/6951/000089161807000682/0000891618-07-000682-index.htm", "finalLink": "https://www.sec.gov/Archives/edgar/data/6951/000089161807000682/f36116e10vk.htm"}, {"date": "2007-07-29", "symbol": "AMAT", "fillingDate": "2007-08-30", "acceptedDate": "2007-08-30 16:11:05", "period": "Q3", "revenue": 2560984000, "costOfRevenue": 1344594000, "grossProfit": 1216390000, "grossProfitRatio": 0.47496977724187267, "researchAndDevelopmentExpenses": 292584000, "generalAndAdministrativeExpenses": 134359000, "sellingAndMarketingExpenses": 115969000, "otherExpenses": 0.0, "operatingExpenses": 542912000, "costAndExpenses": 1887506000, "interestExpense": -10075000, "depreciationAndAmortization": 63332000, "ebitda": 735194000, "ebitdaratio": 0.28707481186918776, "operatingIncome": 671862000, "operatingIncomeRatio": 0.26234525479268905, "totalOtherIncomeExpensesNet": 0.0, "incomeBeforeTax": 686907000, "incomeBeforeTaxRatio": 0.26821994983178343, "incomeTaxExpense": 213392000, "netIncome": 473515000, "netIncomeRatio": 0.18489572757971154, "eps": 0.92, "epsdiluted": 0.91, "weightedAverageShsOut": 1397890.0, "weightedAverageShsOutDil": 1415720.0, "link": "https://www.sec.gov/Archives/edgar/data/6951/000095013407019326/0000950134-07-019326-index.htm", "finalLink": "https://www.sec.gov/Archives/edgar/data/6951/000095013407019326/f33325e10vq.htm"}, {"date": "2007-04-29", "symbol": "AMAT", "fillingDate": "2007-05-30", "acceptedDate": "2007-05-30 16:22:31", "period": "Q2", "revenue": 2529561000, "costOfRevenue": 1392951000, "grossProfit": 1136610000, "grossProfitRatio": 0.4493309313355163, "researchAndDevelopmentExpenses": 291044000, "generalAndAdministrativeExpenses": 119391000, "sellingAndMarketingExpenses": 112107000, "otherExpenses": 0.0, "operatingExpenses": 522542000, "costAndExpenses": 1915493000, "interestExpense": -8845000.0, "depreciationAndAmortization": 63074000, "ebitda": 652098000, "ebitdaratio": 0.25779097637890525, "operatingIncome": 589024000, "operatingIncomeRatio": 0.23285621497168876, "totalOtherIncomeExpensesNet": 0.0, "incomeBeforeTax": 608277000, "incomeBeforeTaxRatio": 0.24046741707355546, "incomeTaxExpense": 196833000, "netIncome": 411444000, "netIncomeRatio": 0.16265431037243222, "eps": 0.59, "epsdiluted": 0.58, "weightedAverageShsOut": 1392477.0, "weightedAverageShsOutDil": 1408224.0, "link": "https://www.sec.gov/Archives/edgar/data/6951/000095013407012598/0000950134-07-012598-index.htm", "finalLink": "https://www.sec.gov/Archives/edgar/data/6951/000095013407012598/f30722e10vq.htm"}, {"date": "2007-01-28", "symbol": "AMAT", "fillingDate": "2007-02-28", "acceptedDate": "2007-02-28 16:36:53", "period": "Q1", "revenue": 2277267000, "costOfRevenue": 1214729000, "grossProfit": 1062538000, "grossProfitRatio": 0.4665847263408287, "researchAndDevelopmentExpenses": 287567000, "generalAndAdministrativeExpenses": 121811000, "sellingAndMarketingExpenses": 106912000, "otherExpenses": 0.0, "operatingExpenses": 516290000, "costAndExpenses": 1731019000, "interestExpense": -10468000, "depreciationAndAmortization": 60904000, "ebitda": 610430000, "ebitdaratio": 0.2680537679595761, "operatingIncome": 549526000, "operatingIncomeRatio": 0.24130942924127913, "totalOtherIncomeExpensesNet": 0.0, "incomeBeforeTax": 565224000, "incomeBeforeTaxRatio": 0.248202779911183, "incomeTaxExpense": 161748000, "netIncome": 403476000, "netIncomeRatio": 0.1771755354115262, "eps": 0.29, "epsdiluted": 0.29, "weightedAverageShsOut": 1394710.0, "weightedAverageShsOutDil": 1409014.0, "link": "https://www.sec.gov/Archives/edgar/data/6951/000095013407004387/0000950134-07-004387-index.htm", "finalLink": "https://www.sec.gov/Archives/edgar/data/6951/000089161806000507/f25754e10vk.htm"}, {"date": "2006-10-29", "symbol": "AMAT", "fillingDate": "2006-12-14", "acceptedDate": "2006-12-14 14:32:05", "period": "FY", "revenue": 2518293000, "costOfRevenue": 1332169000, "grossProfit": 1186124000, "grossProfitRatio": 0.4710031755637648, "researchAndDevelopmentExpenses": 299240000, "generalAndAdministrativeExpenses": 134199000, "sellingAndMarketingExpenses": 116365000, "otherExpenses": 0.0, "operatingExpenses": 549804000, "costAndExpenses": 1881973000, "interestExpense": -9308000.0, "depreciationAndAmortization": 73028000, "ebitda": 854208000, "ebitdaratio": 0.3392011970013021, "operatingIncome": 781180000, "operatingIncomeRatio": 0.3102021885459714, "totalOtherIncomeExpensesNet": 0.0, "incomeBeforeTax": 660069000, "incomeBeforeTaxRatio": 0.26210969096923986, "incomeTaxExpense": 211040000, "netIncome": 449029000, "netIncomeRatio": 0.17830689280397474, "eps": 0.98, "epsdiluted": 0.97, "weightedAverageShsOut": 1551339.0, "weightedAverageShsOutDil": 1565072.0, "link": "https://www.sec.gov/Archives/edgar/data/6951/000089161806000507/0000891618-06-000507-index.htm", "finalLink": "https://www.sec.gov/Archives/edgar/data/6951/000089161806000507/f25754e10vk.htm"}, {"date": "2006-07-30", "symbol": "AMAT", "fillingDate": "2006-08-31", "acceptedDate": "2006-08-31 16:05:22", "period": "Q3", "revenue": 2543443000, "costOfRevenue": 1320089000, "grossProfit": 1223354000, "grossProfitRatio": 0.4809834543176317, "researchAndDevelopmentExpenses": 304326000, "generalAndAdministrativeExpenses": 117083000, "sellingAndMarketingExpenses": 123810000, "otherExpenses": 0.0, "operatingExpenses": 545219000, "costAndExpenses": 1865308000, "interestExpense": -8848000.0, "depreciationAndAmortization": 61871000, "ebitda": 742652000, "ebitdaratio": 0.291986885493404, "operatingIncome": 680781000, "operatingIncomeRatio": 0.2676611978330161, "totalOtherIncomeExpensesNet": 0.0, "incomeBeforeTax": 722511000, "incomeBeforeTaxRatio": 0.28406809195252264, "incomeTaxExpense": 210471000, "netIncome": 512040000, "netIncomeRatio": 0.2013176627115292, "eps": 0.68, "epsdiluted": 0.67, "weightedAverageShsOut": 1571534.0, "weightedAverageShsOutDil": 1586878.0, "link": "https://www.sec.gov/Archives/edgar/data/6951/000095013406017127/0000950134-06-017127-index.htm", "finalLink": "https://www.sec.gov/Archives/edgar/data/6951/000095013406017127/f23348e10vq.htm"}, {"date": "2006-04-30", "symbol": "AMAT", "fillingDate": "2006-05-30", "acceptedDate": "2006-05-30 16:10:15", "period": "Q2", "revenue": 2247686000, "costOfRevenue": 1203061000, "grossProfit": 1044625000, "grossProfitRatio": 0.46475575325023155, "researchAndDevelopmentExpenses": 275883000, "generalAndAdministrativeExpenses": 111543000, "sellingAndMarketingExpenses": 97706000, "otherExpenses": 0.0, "operatingExpenses": 485132000, "costAndExpenses": 1688193000, "interestExpense": -9235000.0, "depreciationAndAmortization": 65838000, "ebitda": 626909000, "ebitdaratio": 0.2789130688183314, "operatingIncome": 561071000, "operatingIncomeRatio": 0.24962161084777856, "totalOtherIncomeExpensesNet": 0.0, "incomeBeforeTax": 600466000, "incomeBeforeTaxRatio": 0.26714852519435545, "incomeTaxExpense": 187652000, "netIncome": 412814000, "netIncomeRatio": 0.1836617748208602, "eps": 0.35, "epsdiluted": 0.35, "weightedAverageShsOut": 1585577.0, "weightedAverageShsOutDil": 1596247.0, "link": "https://www.sec.gov/Archives/edgar/data/6951/000095013406010753/0000950134-06-010753-index.htm", "finalLink": "https://www.sec.gov/Archives/edgar/data/6951/000095013406010753/f20780e10vq.htm"}, {"date": "2006-01-29", "symbol": "AMAT", "fillingDate": "2006-02-28", "acceptedDate": "2006-02-28 16:11:21", "period": "Q1", "revenue": 1857592000, "costOfRevenue": 1019893000, "grossProfit": 837699000, "grossProfitRatio": 0.45095962945576856, "researchAndDevelopmentExpenses": 272877000, "generalAndAdministrativeExpenses": 105263000, "sellingAndMarketingExpenses": 100773000, "otherExpenses": 0.0, "operatingExpenses": 478913000, "costAndExpenses": 1498806000, "interestExpense": -8705000.0, "depreciationAndAmortization": 69676000, "ebitda": 213615000, "ebitdaratio": 0.11499565028273162, "operatingIncome": 143939000, "operatingIncomeRatio": 0.07748687548180655, "totalOtherIncomeExpensesNet": 0.0, "incomeBeforeTax": 183925000, "incomeBeforeTaxRatio": 0.0990125926468245, "incomeTaxExpense": 41145000, "netIncome": 142780000, "netIncomeRatio": 0.07686294945284002, "eps": 0.09, "epsdiluted": 0.09, "weightedAverageShsOut": 1598260.0, "weightedAverageShsOutDil": 1608165.0, "link": "https://www.sec.gov/Archives/edgar/data/6951/000095013406003937/0000950134-06-003937-index.htm", "finalLink": "https://www.sec.gov/Archives/edgar/data/6951/000095013405023162/f15204e10vk.htm"}, {"date": "2005-10-30", "symbol": "AMAT", "fillingDate": "2005-12-14", "acceptedDate": "2005-12-14 16:57:56", "period": "FY", "revenue": 1718120000, "costOfRevenue": 957990000, "grossProfit": 760130000, "grossProfitRatio": 0.44241962144669755, "researchAndDevelopmentExpenses": 236708000, "generalAndAdministrativeExpenses": 82002000, "sellingAndMarketingExpenses": 89880000, "otherExpenses": 0.0, "operatingExpenses": 408590000, "costAndExpenses": 1366580000, "interestExpense": -9394000.0, "depreciationAndAmortization": 74313000, "ebitda": 425853000, "ebitdaratio": 0.2478598700905641, "operatingIncome": 351540000, "operatingIncomeRatio": 0.20460736153470072, "totalOtherIncomeExpensesNet": 0.0, "incomeBeforeTax": 390514000, "incomeBeforeTaxRatio": 0.227291458105371, "incomeTaxExpense": 143800000, "netIncome": 246714000, "netIncomeRatio": 0.14359532512280865, "eps": 0.74, "epsdiluted": 0.73, "weightedAverageShsOut": 1645531.0, "weightedAverageShsOutDil": 1657493.0, "link": "https://www.sec.gov/Archives/edgar/data/6951/000095013405023162/0000950134-05-023162-index.htm", "finalLink": "https://www.sec.gov/Archives/edgar/data/6951/000095013405023162/f15204e10vk.htm"}, {"date": "2005-07-31", "symbol": "AMAT", "fillingDate": "2005-09-01", "acceptedDate": "2005-09-01 16:07:14", "period": "Q3", "revenue": 1631938000, "costOfRevenue": 914849000, "grossProfit": 717089000, "grossProfitRatio": 0.4394094628594959, "researchAndDevelopmentExpenses": 236448000, "generalAndAdministrativeExpenses": 79578000, "sellingAndMarketingExpenses": 98366000, "otherExpenses": 0.0, "operatingExpenses": 414392000, "costAndExpenses": 1329241000, "interestExpense": -9338000.0, "depreciationAndAmortization": 72327000, "ebitda": 375024000, "ebitdaratio": 0.22980284790231, "operatingIncome": 302697000, "operatingIncomeRatio": 0.18548314948239455, "totalOtherIncomeExpensesNet": 0.0, "incomeBeforeTax": 339307000, "incomeBeforeTaxRatio": 0.20791659977278548, "incomeTaxExpense": -30284000, "netIncome": 369591000, "netIncomeRatio": 0.22647367730881934, "eps": 0.58, "epsdiluted": 0.58, "weightedAverageShsOut": 1654740.0, "weightedAverageShsOutDil": 1666720.0, "link": "https://www.sec.gov/Archives/edgar/data/6951/000089161805000656/0000891618-05-000656-index.htm", "finalLink": "https://www.sec.gov/Archives/edgar/data/6951/000089161805000656/f12164e10vq.htm"}, {"date": "2005-05-01", "symbol": "AMAT", "fillingDate": "2005-05-31", "acceptedDate": "2005-05-31 16:11:13", "period": "Q2", "revenue": 1861189000, "costOfRevenue": 1042759000, "grossProfit": 818430000, "grossProfitRatio": 0.4397350295966718, "researchAndDevelopmentExpenses": 225589000, "generalAndAdministrativeExpenses": 88875000, "sellingAndMarketingExpenses": 92448000, "otherExpenses": 0.0, "operatingExpenses": 406912000, "costAndExpenses": 1449671000, "interestExpense": -9815000.0, "depreciationAndAmortization": 74608000, "ebitda": 486126000, "ebitdaratio": 0.2611910988083424, "operatingIncome": 411518000, "operatingIncomeRatio": 0.2211048958488364, "totalOtherIncomeExpensesNet": 0.0, "incomeBeforeTax": 442152000, "incomeBeforeTaxRatio": 0.23756426671337516, "incomeTaxExpense": 137322000, "netIncome": 304830000, "netIncomeRatio": 0.16378239931570626, "eps": 0.36, "epsdiluted": 0.35, "weightedAverageShsOut": 1666627.0, "weightedAverageShsOutDil": 1679443.0, "link": "https://www.sec.gov/Archives/edgar/data/6951/000089161805000392/0000891618-05-000392-index.htm", "finalLink": "https://www.sec.gov/Archives/edgar/data/6951/000089161805000392/f09506e10vq.htm"}, {"date": "2005-01-30", "symbol": "AMAT", "fillingDate": "2005-03-01", "acceptedDate": "2005-03-01 15:51:24", "period": "Q1", "revenue": 1780576000, "costOfRevenue": 990351000, "grossProfit": 790225000, "grossProfitRatio": 0.44380301655194726, "researchAndDevelopmentExpenses": 241762000, "generalAndAdministrativeExpenses": 88423000, "sellingAndMarketingExpenses": 77830000, "otherExpenses": 0.0, "operatingExpenses": 408015000, "costAndExpenses": 1398366000, "interestExpense": -9272000.0, "depreciationAndAmortization": 79185000, "ebitda": 461395000, "ebitdaratio": 0.2591268218823572, "operatingIncome": 382210000, "operatingIncomeRatio": 0.21465525762449905, "totalOtherIncomeExpensesNet": 0.0, "incomeBeforeTax": 409596000, "incomeBeforeTaxRatio": 0.2300356738493611, "incomeTaxExpense": 120831000, "netIncome": 288765000, "netIncomeRatio": 0.16217504897291662, "eps": 0.17, "epsdiluted": 0.17, "weightedAverageShsOut": 1672671.0, "weightedAverageShsOutDil": 1687140.0, "link": "https://www.sec.gov/Archives/edgar/data/6951/000095013405003994/0000950134-05-003994-index.htm", "finalLink": "https://www.sec.gov/Archives/edgar/data/6951/000095013404019339/f03874e10vk.htm"}, {"date": "2004-10-31", "symbol": "AMAT", "fillingDate": "2004-12-15", "acceptedDate": "2004-12-15 16:28:55", "period": "FY", "revenue": 2203348000, "costOfRevenue": 1176145000, "grossProfit": 1027203000, "grossProfitRatio": 0.4662009814155549, "researchAndDevelopmentExpenses": 248272000, "generalAndAdministrativeExpenses": 106100000, "sellingAndMarketingExpenses": 108490000, "otherExpenses": 0.0, "operatingExpenses": 462862000, "costAndExpenses": 1639007000, "interestExpense": -15906000, "depreciationAndAmortization": 87849000, "ebitda": 625563000, "ebitdaratio": 0.28391475155082174, "operatingIncome": 537714000, "operatingIncomeRatio": 0.2440440638519199, "totalOtherIncomeExpensesNet": 0.0, "incomeBeforeTax": 557908000, "incomeBeforeTaxRatio": 0.25320920707940825, "incomeTaxExpense": 102900000, "netIncome": 455008000, "netIncomeRatio": 0.206507551235665, "eps": 0.8, "epsdiluted": 0.78, "weightedAverageShsOut": 1688121.0, "weightedAverageShsOutDil": 1721645.0, "link": "https://www.sec.gov/Archives/edgar/data/6951/000095013404019339/0000950134-04-019339-index.htm", "finalLink": "https://www.sec.gov/Archives/edgar/data/6951/000095013404019339/f03874e10vk.htm"}, {"date": "2004-08-01", "symbol": "AMAT", "fillingDate": "2004-08-31", "acceptedDate": "2004-08-31 16:07:01", "period": "Q3", "revenue": 2236152000, "costOfRevenue": 1176920000, "grossProfit": 1059232000, "grossProfitRatio": 0.4736851519932455, "researchAndDevelopmentExpenses": 256781000, "generalAndAdministrativeExpenses": 87394000, "sellingAndMarketingExpenses": 101513000, "otherExpenses": 0.0, "operatingExpenses": 445688000, "costAndExpenses": 1622608000, "interestExpense": -13489000, "depreciationAndAmortization": 87853000, "ebitda": 701397000, "ebitdaratio": 0.31366248805984565, "operatingIncome": 613544000, "operatingIncomeRatio": 0.2743749083246577, "totalOtherIncomeExpensesNet": 0.0, "incomeBeforeTax": 624924000, "incomeBeforeTaxRatio": 0.27946400781342234, "incomeTaxExpense": 184353000, "netIncome": 440571000, "netIncomeRatio": 0.19702193768581028, "eps": 0.53, "epsdiluted": 0.52, "weightedAverageShsOut": 1689573.0, "weightedAverageShsOutDil": 1727626.0, "link": "https://www.sec.gov/Archives/edgar/data/6951/000095013404013030/0000950134-04-013030-index.htm", "finalLink": "https://www.sec.gov/Archives/edgar/data/6951/000095013404013030/f01495e10vq.htm"}, {"date": "2004-05-02", "symbol": "AMAT", "fillingDate": "2004-06-10", "acceptedDate": "2004-06-10 17:15:47", "period": "Q2", "revenue": 2018105000, "costOfRevenue": 1079464000, "grossProfit": 938641000, "grossProfitRatio": 0.46511009090210864, "researchAndDevelopmentExpenses": 244175000, "generalAndAdministrativeExpenses": 83457000, "sellingAndMarketingExpenses": 95975000, "otherExpenses": 0.0, "operatingExpenses": 423607000, "costAndExpenses": 1503071000, "interestExpense": -11682000, "depreciationAndAmortization": 91080000, "ebitda": 606114000, "ebitdaratio": 0.30033818854816774, "operatingIncome": 515034000, "operatingIncomeRatio": 0.25520674097730295, "totalOtherIncomeExpensesNet": 0.0, "incomeBeforeTax": 529572000, "incomeBeforeTaxRatio": 0.26241052868904247, "incomeTaxExpense": 156224000, "netIncome": 373348000, "netIncomeRatio": 0.18499929389204228, "eps": 0.27, "epsdiluted": 0.26, "weightedAverageShsOut": 1686193.0, "weightedAverageShsOutDil": 1732542.0, "link": "https://www.sec.gov/Archives/edgar/data/6951/000095013404008662/0000950134-04-008662-index.htm", "finalLink": "https://www.sec.gov/Archives/edgar/data/6951/000095013404008662/f99558e10vq.htm"}, {"date": "2004-02-01", "symbol": "AMAT", "fillingDate": "2004-03-12", "acceptedDate": "2004-03-12 16:10:19", "period": "Q1", "revenue": 1555448000, "costOfRevenue": 879279000, "grossProfit": 676169000, "grossProfitRatio": 0.43471012852888685, "researchAndDevelopmentExpenses": 242645000, "generalAndAdministrativeExpenses": 80294000, "sellingAndMarketingExpenses": 88398000, "otherExpenses": 0.0, "operatingExpenses": 411337000, "costAndExpenses": 1290616000, "interestExpense": -11800000, "depreciationAndAmortization": 88756000, "ebitda": 186129000, "ebitdaratio": 0.11966263095905488, "operatingIncome": 97373000, "operatingIncomeRatio": 0.06260125700119837, "totalOtherIncomeExpensesNet": 0.0, "incomeBeforeTax": 116846000, "incomeBeforeTaxRatio": 0.07512047975888618, "incomeTaxExpense": 34470000, "netIncome": 82376000, "netIncomeRatio": 0.05295966178232895, "eps": 0.05, "epsdiluted": 0.05, "weightedAverageShsOut": 1682025.0, "weightedAverageShsOutDil": 1735268.0, "link": "https://www.sec.gov/Archives/edgar/data/6951/000095013404003396/0000950134-04-003396-index.htm", "finalLink": "https://www.sec.gov/Archives/edgar/data/6951/000089161804000093/f95058e10vk.htm"}, {"date": "2003-10-26", "symbol": "AMAT", "fillingDate": "2004-01-13", "acceptedDate": "2004-01-13 16:46:22", "period": "FY", "revenue": 1220998000, "costOfRevenue": 726627000, "grossProfit": 494371000, "grossProfitRatio": 0.4048909171022393, "researchAndDevelopmentExpenses": 227950000, "generalAndAdministrativeExpenses": 77370000, "sellingAndMarketingExpenses": 71283000, "otherExpenses": 0.0, "operatingExpenses": 376603000, "costAndExpenses": 1103230000, "interestExpense": -11690000, "depreciationAndAmortization": 86796000, "ebitda": 91060000, "ebitdaratio": 0.07457833673765231, "operatingIncome": 4264000.0, "operatingIncomeRatio": 0.0034922252124901104, "totalOtherIncomeExpensesNet": 0.0, "incomeBeforeTax": 21916000, "incomeBeforeTaxRatio": 0.01794925135012506, "incomeTaxExpense": 6465000.0, "netIncome": 15451000, "netIncomeRatio": 0.012654402382313485, "eps": -0.09, "epsdiluted": -0.09, "weightedAverageShsOut": 1659557.0, "weightedAverageShsOutDil": 1659557.0, "link": "https://www.sec.gov/Archives/edgar/data/6951/000089161804000093/0000891618-04-000093-index.htm", "finalLink": "https://www.sec.gov/Archives/edgar/data/6951/000089161804000093/f95058e10vk.htm"}, {"date": "2003-07-27", "symbol": "AMAT", "fillingDate": "2003-09-09", "acceptedDate": "2003-09-09 15:50:33", "period": "Q3", "revenue": 2149116000, "costOfRevenue": 1411806000, "grossProfit": 737310000, "grossProfitRatio": 0.34307594378339745, "researchAndDevelopmentExpenses": 460230000, "generalAndAdministrativeExpenses": 145108000, "sellingAndMarketingExpenses": 170338000, "otherExpenses": 0.0, "operatingExpenses": 775676000, "costAndExpenses": 2187482000, "interestExpense": -22968000, "depreciationAndAmortization": 294859000, "ebitda": 90974000, "ebitdaratio": 0.04233089326029865, "operatingIncome": -203885000, "operatingIncomeRatio": -0.09486923925930475, "totalOtherIncomeExpensesNet": 0.0, "incomeBeforeTax": -145350000, "incomeBeforeTaxRatio": -0.06763245911342151, "incomeTaxExpense": -42878000, "netIncome": -102472000, "netIncomeRatio": -0.04768100000186123, "eps": -0.1, "epsdiluted": -0.1, "weightedAverageShsOut": 1655430.0, "weightedAverageShsOutDil": 1655430.0, "link": "https://www.sec.gov/Archives/edgar/data/6951/000089161803004714/0000891618-03-004714-index.htm", "finalLink": "https://www.sec.gov/Archives/edgar/data/6951/000089161803004714/f92922e10vq.htm"}]