[{"date": "2020-03-31", "symbol": "TXN", "fillingDate": "2020-04-22", "acceptedDate": "2020-04-22 09:39:59", "period": "Q1", "revenue": 3329000000, "costOfRevenue": 1241000000, "grossProfit": 2088000000, "grossProfitRatio": 0.6272153799939922, "researchAndDevelopmentExpenses": 377000000, "generalAndAdministrativeExpenses": 417000000, "sellingAndMarketingExpenses": 0.0, "otherExpenses": 25000.0, "operatingExpenses": 794000000, "costAndExpenses": 2035000000, "interestExpense": 45000000, "depreciationAndAmortization": 250000000, "ebitda": 1494000000, "ebitdaratio": 0.448783418444, "operatingIncome": 1244000000, "operatingIncomeRatio": 0.373685791529, "totalOtherIncomeExpensesNet": 25000.0, "incomeBeforeTax": 1224000000, "incomeBeforeTaxRatio": 0.367677981376, "incomeTaxExpense": 50000000, "netIncome": 1174000000, "netIncomeRatio": 0.352658455993, "eps": 1.25, "epsdiluted": 1.24, "weightedAverageShsOut": 931000000, "weightedAverageShsOutDil": 943000000, "link": "https://www.sec.gov/Archives/edgar/data/97476/000009747620000017/0000097476-20-000017-index.htm", "finalLink": "https://www.sec.gov/Archives/edgar/data/97476/000009747620000017/txn-20200331.htm"}, {"date": "2019-12-31", "symbol": "TXN", "fillingDate": "2020-02-20", "acceptedDate": "2020-02-20 11:57:52", "period": "FY", "revenue": 3350000000, "costOfRevenue": 1253000000, "grossProfit": 2097000000, "grossProfitRatio": 0.6259701492537313, "researchAndDevelopmentExpenses": 386000000, "generalAndAdministrativeExpenses": 412000000, "sellingAndMarketingExpenses": 0.0, "otherExpenses": 53000.0, "operatingExpenses": 798000000, "costAndExpenses": 2051000000, "interestExpense": 45000000, "depreciationAndAmortization": 250000000, "ebitda": 1499000000, "ebitdaratio": 0.447462686567, "operatingIncome": 1249000000, "operatingIncomeRatio": 0.372835820896, "totalOtherIncomeExpensesNet": 53000.0, "incomeBeforeTax": 1257000000, "incomeBeforeTaxRatio": 0.375223880597, "incomeTaxExpense": 187000000, "netIncome": 1070000000, "netIncomeRatio": 0.319402985075, "eps": 1.14, "epsdiluted": 1.12, "weightedAverageShsOut": 936000000, "weightedAverageShsOutDil": 952000000, "link": "https://www.sec.gov/Archives/edgar/data/97476/000009747620000009/0000097476-20-000009-index.htm", "finalLink": "https://www.sec.gov/Archives/edgar/data/97476/000009747620000009/txn-20191231.htm"}, {"date": "2019-09-30", "symbol": "TXN", "fillingDate": "2019-10-31", "acceptedDate": "2019-10-31 09:43:34", "period": "Q3", "revenue": 3771000000, "costOfRevenue": 1325000000, "grossProfit": 2446000000, "grossProfitRatio": 0.6486343145054362, "researchAndDevelopmentExpenses": 379000000, "generalAndAdministrativeExpenses": 399000000, "sellingAndMarketingExpenses": 0.0, "otherExpenses": 34000.0, "operatingExpenses": 778000000, "costAndExpenses": 2103000000, "interestExpense": 43000000, "depreciationAndAmortization": 275000000, "ebitda": 1864000000, "ebitdaratio": 0.494298594537, "operatingIncome": 1589000000, "operatingIncomeRatio": 0.421373640944, "totalOtherIncomeExpensesNet": 34000.0, "incomeBeforeTax": 1580000000, "incomeBeforeTaxRatio": 0.418987006099, "incomeTaxExpense": 155000000, "netIncome": 1425000000, "netIncomeRatio": 0.377883850438, "eps": 1.52, "epsdiluted": 1.49, "weightedAverageShsOut": 937000000, "weightedAverageShsOutDil": 953000000, "link": "https://www.sec.gov/Archives/edgar/data/97476/000009747619000009/0000097476-19-000009-index.htm", "finalLink": "https://www.sec.gov/Archives/edgar/data/97476/000009747619000009/txn-20190930.htm"}, {"date": "2019-06-30", "symbol": "TXN", "fillingDate": "2019-07-31", "acceptedDate": "2019-07-31 12:35:09", "period": "Q2", "revenue": 3668000000, "costOfRevenue": 1308000000, "grossProfit": 2360000000, "grossProfitRatio": 0.64340239912759, "researchAndDevelopmentExpenses": 390000000, "generalAndAdministrativeExpenses": 420000000, "sellingAndMarketingExpenses": 0.0, "otherExpenses": 52000.0, "operatingExpenses": 810000000, "costAndExpenses": 2118000000, "interestExpense": 44000000, "depreciationAndAmortization": 267000000, "ebitda": 1773000000, "ebitdaratio": 0.483369683751, "operatingIncome": 1506000000, "operatingIncomeRatio": 0.410577971647, "totalOtherIncomeExpensesNet": 52000.0, "incomeBeforeTax": 1514000000, "incomeBeforeTaxRatio": 0.412758996728, "incomeTaxExpense": 209000000, "netIncome": 1305000000, "netIncomeRatio": 0.355779716467, "eps": 1.38, "epsdiluted": 1.37, "weightedAverageShsOut": 938000000, "weightedAverageShsOutDil": 954000000, "link": "https://www.sec.gov/Archives/edgar/data/97476/000156459019027328/0001564590-19-027328-index.htm", "finalLink": "https://www.sec.gov/Archives/edgar/data/97476/000156459019027328/txn-10q_20190630.htm"}, {"date": "2019-03-31", "symbol": "TXN", "fillingDate": "2019-04-30", "acceptedDate": "2019-04-30 10:52:20", "period": "Q1", "revenue": 3594000000, "costOfRevenue": 1333000000, "grossProfit": 2261000000, "grossProfitRatio": 0.6291040623260991, "researchAndDevelopmentExpenses": 389000000, "generalAndAdministrativeExpenses": 414000000, "sellingAndMarketingExpenses": 0.0, "otherExpenses": 36000000, "operatingExpenses": 803000000, "costAndExpenses": 2136000000, "interestExpense": 38000000, "depreciationAndAmortization": 258000000, "ebitda": 1637000000, "ebitdaratio": 0.455481357819, "operatingIncome": 1379000000, "operatingIncomeRatio": 0.383695047301, "totalOtherIncomeExpensesNet": 36000000, "incomeBeforeTax": 1377000000, "incomeBeforeTaxRatio": 0.383138564274, "incomeTaxExpense": 160000000, "netIncome": 1217000000, "netIncomeRatio": 0.338619922092, "eps": 1.29, "epsdiluted": 1.26, "weightedAverageShsOut": 939000000, "weightedAverageShsOutDil": 956000000, "link": "https://www.sec.gov/Archives/edgar/data/97476/000156459019014051/0001564590-19-014051-index.htm", "finalLink": "https://www.sec.gov/Archives/edgar/data/97476/000156459019014051/txn-10q_20190331.htm"}, {"date": "2018-12-31", "symbol": "TXN", "fillingDate": "2019-02-22", "acceptedDate": "2019-02-22 12:16:54", "period": "FY", "revenue": 3717000000, "costOfRevenue": 1310000000, "grossProfit": 2407000000, "grossProfitRatio": 0.6475652407855798, "researchAndDevelopmentExpenses": 400000000, "generalAndAdministrativeExpenses": 414000000, "sellingAndMarketingExpenses": 0.0, "otherExpenses": 23000000, "operatingExpenses": 814000000, "costAndExpenses": 2124000000, "interestExpense": 36000000, "depreciationAndAmortization": 249000000, "ebitda": 1765000000, "ebitdaratio": 0.474845305354, "operatingIncome": 1516000000, "operatingIncomeRatio": 0.407855797686, "totalOtherIncomeExpensesNet": 23000000, "incomeBeforeTax": 1503000000, "incomeBeforeTaxRatio": 0.404358353511, "incomeTaxExpense": 264000000, "netIncome": 1239000000, "netIncomeRatio": 0.333333333333, "eps": 1.3, "epsdiluted": 1.27, "weightedAverageShsOut": 970000000, "weightedAverageShsOutDil": 990000000, "link": "https://www.sec.gov/Archives/edgar/data/97476/000156459019003839/0001564590-19-003839-index.htm", "finalLink": "https://www.sec.gov/Archives/edgar/data/97476/000156459019003839/txn-10k_20181231.htm"}, {"date": "2018-09-30", "symbol": "TXN", "fillingDate": "2018-11-02", "acceptedDate": "2018-11-02 11:38:05", "period": "Q3", "revenue": 4261000000, "costOfRevenue": 1457000000, "grossProfit": 2804000000, "grossProfitRatio": 0.6580614879136353, "researchAndDevelopmentExpenses": 390000000, "generalAndAdministrativeExpenses": 396000000, "sellingAndMarketingExpenses": 0.0, "otherExpenses": 23000000, "operatingExpenses": 786000000, "costAndExpenses": 2243000000, "interestExpense": 36000000, "depreciationAndAmortization": 243000000, "ebitda": 2180000000, "ebitdaratio": 0.511616991317, "operatingIncome": 1937000000, "operatingIncomeRatio": 0.454588124853, "totalOtherIncomeExpensesNet": 23000000, "incomeBeforeTax": 1924000000, "incomeBeforeTaxRatio": 0.451537197841, "incomeTaxExpense": 354000000, "netIncome": 1570000000, "netIncomeRatio": 0.368458108425, "eps": 1.61, "epsdiluted": 1.57, "weightedAverageShsOut": 976000000, "weightedAverageShsOutDil": 997000000, "link": "https://www.sec.gov/Archives/edgar/data/97476/000156459018026405/0001564590-18-026405-index.htm", "finalLink": "https://www.sec.gov/Archives/edgar/data/97476/000156459018026405/txn-10q_20180930.htm"}, {"date": "2018-06-30", "symbol": "TXN", "fillingDate": "2018-08-02", "acceptedDate": "2018-08-02 11:20:59", "period": "Q2", "revenue": 4017000000, "costOfRevenue": 1398000000, "grossProfit": 2619000000, "grossProfitRatio": 0.6519790888722927, "researchAndDevelopmentExpenses": 384000000, "generalAndAdministrativeExpenses": 441000000, "sellingAndMarketingExpenses": 0.0, "otherExpenses": 24000000, "operatingExpenses": 825000000, "costAndExpenses": 2223000000, "interestExpense": 30000000, "depreciationAndAmortization": 233000000, "ebitda": 1945000000, "ebitdaratio": 0.484192183221, "operatingIncome": 1712000000, "operatingIncomeRatio": 0.426188698033, "totalOtherIncomeExpensesNet": 24000000, "incomeBeforeTax": 1706000000, "incomeBeforeTaxRatio": 0.424695046054, "incomeTaxExpense": 301000000, "netIncome": 1405000000, "netIncomeRatio": 0.349763505103, "eps": 1.42, "epsdiluted": 1.4, "weightedAverageShsOut": 980000000, "weightedAverageShsOutDil": 1001000000, "link": "https://www.sec.gov/Archives/edgar/data/97476/000156459018018753/0001564590-18-018753-index.htm", "finalLink": "https://www.sec.gov/Archives/edgar/data/97476/000156459018018753/txn-10q_20180630.htm"}, {"date": "2018-03-31", "symbol": "TXN", "fillingDate": "2018-05-03", "acceptedDate": "2018-05-03 10:59:44", "period": "Q1", "revenue": 3789000000, "costOfRevenue": 1342000000, "grossProfit": 2447000000, "grossProfitRatio": 0.6458168382158881, "researchAndDevelopmentExpenses": 385000000, "generalAndAdministrativeExpenses": 433000000, "sellingAndMarketingExpenses": 0.0, "otherExpenses": 28000000, "operatingExpenses": 818000000, "costAndExpenses": 2160000000, "interestExpense": 23000000, "depreciationAndAmortization": 229000000, "ebitda": 1777000000, "ebitdaratio": 0.468989179203, "operatingIncome": 1548000000, "operatingIncomeRatio": 0.408551068884, "totalOtherIncomeExpensesNet": 28000000, "incomeBeforeTax": 1553000000, "incomeBeforeTaxRatio": 0.409870678279, "incomeTaxExpense": 187000000, "netIncome": 1366000000, "netIncomeRatio": 0.360517286883, "eps": 1.38, "epsdiluted": 1.35, "weightedAverageShsOut": 983000000, "weightedAverageShsOutDil": 1005000000, "link": "https://www.sec.gov/Archives/edgar/data/97476/000156459018010545/0001564590-18-010545-index.htm", "finalLink": "https://www.sec.gov/Archives/edgar/data/97476/000156459018010545/txn-10q_20180331.htm"}, {"date": "2017-12-31", "symbol": "TXN", "fillingDate": "2018-02-22", "acceptedDate": "2018-02-22 13:58:19", "period": "FY", "revenue": 3750000000, "costOfRevenue": 1310000000, "grossProfit": 2440000000, "grossProfitRatio": 0.6506666666666666, "researchAndDevelopmentExpenses": 386000000, "generalAndAdministrativeExpenses": 409000000, "sellingAndMarketingExpenses": 0.0, "otherExpenses": 8000000.0, "operatingExpenses": 795000000, "costAndExpenses": 2105000000, "interestExpense": 21000000, "depreciationAndAmortization": 224000000, "ebitda": 1787000000, "ebitdaratio": 0.476533333333, "operatingIncome": 1563000000, "operatingIncomeRatio": 0.4168, "totalOtherIncomeExpensesNet": 8000000.0, "incomeBeforeTax": 1550000000, "incomeBeforeTaxRatio": 0.413333333333, "incomeTaxExpense": 1206000000, "netIncome": 344000000, "netIncomeRatio": 0.0917333333333, "eps": 0.35, "epsdiluted": 0.35, "weightedAverageShsOut": 991000000, "weightedAverageShsOutDil": 1012000000, "link": "https://www.sec.gov/Archives/edgar/data/97476/000156459018002832/0001564590-18-002832-index.htm", "finalLink": "https://www.sec.gov/Archives/edgar/data/97476/000156459018002832/txn-10k_20171231.htm"}, {"date": "2017-09-30", "symbol": "TXN", "fillingDate": "2017-11-02", "acceptedDate": "2017-11-02 11:22:00", "period": "Q3", "revenue": 4116000000, "costOfRevenue": 1460000000, "grossProfit": 2656000000, "grossProfitRatio": 0.6452866861030127, "researchAndDevelopmentExpenses": 375000000, "generalAndAdministrativeExpenses": 412000000, "sellingAndMarketingExpenses": 0.0, "otherExpenses": 20000000, "operatingExpenses": 787000000, "costAndExpenses": 2247000000, "interestExpense": 19000000, "depreciationAndAmortization": 225000000, "ebitda": 2013000000, "ebitdaratio": 0.489067055394, "operatingIncome": 1788000000, "operatingIncomeRatio": 0.434402332362, "totalOtherIncomeExpensesNet": 20000000, "incomeBeforeTax": 1789000000, "incomeBeforeTaxRatio": 0.434645286686, "incomeTaxExpense": 504000000, "netIncome": 1285000000, "netIncomeRatio": 0.312196307094, "eps": 1.29, "epsdiluted": 1.26, "weightedAverageShsOut": 993000000, "weightedAverageShsOutDil": 1014000000, "link": "https://www.sec.gov/Archives/edgar/data/97476/000156459017021032/0001564590-17-021032-index.htm", "finalLink": "https://www.sec.gov/Archives/edgar/data/97476/000156459017021032/txn-10q_20170930.htm"}, {"date": "2017-06-30", "symbol": "TXN", "fillingDate": "2017-08-03", "acceptedDate": "2017-08-03 09:58:34", "period": "Q2", "revenue": 3693000000, "costOfRevenue": 1319000000, "grossProfit": 2374000000, "grossProfitRatio": 0.6428378012455997, "researchAndDevelopmentExpenses": 378000000, "generalAndAdministrativeExpenses": 434000000, "sellingAndMarketingExpenses": 0.0, "otherExpenses": 26000000, "operatingExpenses": 812000000, "costAndExpenses": 2131000000, "interestExpense": 20000000, "depreciationAndAmortization": 225000000, "ebitda": 1705000000, "ebitdaratio": 0.461684267533, "operatingIncome": 1480000000, "operatingIncomeRatio": 0.400758191172, "totalOtherIncomeExpensesNet": 26000000, "incomeBeforeTax": 1486000000, "incomeBeforeTaxRatio": 0.402382886542, "incomeTaxExpense": 430000000, "netIncome": 1056000000, "netIncomeRatio": 0.285946385053, "eps": 1.05, "epsdiluted": 1.03, "weightedAverageShsOut": 996000000, "weightedAverageShsOutDil": 1017000000, "link": "https://www.sec.gov/Archives/edgar/data/97476/000156459017015153/0001564590-17-015153-index.htm", "finalLink": "https://www.sec.gov/Archives/edgar/data/97476/000156459017015153/txn-10q_20170630.htm"}, {"date": "2017-03-31", "symbol": "TXN", "fillingDate": "2017-05-03", "acceptedDate": "2017-05-03 11:32:46", "period": "Q1", "revenue": 3402000000, "costOfRevenue": 1258000000, "grossProfit": 2144000000, "grossProfitRatio": 0.630217519106408, "researchAndDevelopmentExpenses": 369000000, "generalAndAdministrativeExpenses": 439000000, "sellingAndMarketingExpenses": 0.0, "otherExpenses": 21000000, "operatingExpenses": 808000000, "costAndExpenses": 2066000000, "interestExpense": 18000000, "depreciationAndAmortization": 230000000, "ebitda": 1482000000, "ebitdaratio": 0.435626102293, "operatingIncome": 1252000000, "operatingIncomeRatio": 0.368018812463, "totalOtherIncomeExpensesNet": 21000000, "incomeBeforeTax": 1255000000, "incomeBeforeTaxRatio": 0.368900646678, "incomeTaxExpense": 258000000, "netIncome": 997000000, "netIncomeRatio": 0.293062904174, "eps": 0.99, "epsdiluted": 0.97, "weightedAverageShsOut": 998000000, "weightedAverageShsOutDil": 1019000000, "link": "https://www.sec.gov/Archives/edgar/data/97476/000156459017008260/0001564590-17-008260-index.htm", "finalLink": "https://www.sec.gov/Archives/edgar/data/97476/000156459017008260/txn-10q_20170331.htm"}, {"date": "2016-12-31", "symbol": "TXN", "fillingDate": "2017-02-23", "acceptedDate": "2017-02-23 13:00:41", "period": "FY", "revenue": 3414000000, "costOfRevenue": 1281000000, "grossProfit": 2133000000, "grossProfitRatio": 0.624780316344464, "researchAndDevelopmentExpenses": 343000000, "generalAndAdministrativeExpenses": 411000000, "sellingAndMarketingExpenses": 0.0, "otherExpenses": 197000000, "operatingExpenses": 754000000, "costAndExpenses": 2035000000, "interestExpense": 19000000, "depreciationAndAmortization": 227000000, "ebitda": 1546000000, "ebitdaratio": 0.452841241945, "operatingIncome": 1319000000, "operatingIncomeRatio": 0.386350322203, "totalOtherIncomeExpensesNet": 197000000, "incomeBeforeTax": 1497000000, "incomeBeforeTaxRatio": 0.43848857645, "incomeTaxExpense": 317000000, "netIncome": 1180000000, "netIncomeRatio": 0.345635618043, "eps": 1.17, "epsdiluted": 1.14, "weightedAverageShsOut": 1003000000, "weightedAverageShsOutDil": 1021000000, "link": "https://www.sec.gov/Archives/edgar/data/97476/000156459017002142/0001564590-17-002142-index.htm", "finalLink": "https://www.sec.gov/Archives/edgar/data/97476/000156459017002142/txn-10k_20161231.htm"}, {"date": "2016-09-30", "symbol": "TXN", "fillingDate": "2016-11-03", "acceptedDate": "2016-11-02 18:04:32", "period": "Q3", "revenue": 3675000000, "costOfRevenue": 1395000000, "grossProfit": 2280000000, "grossProfitRatio": 0.6204081632653061, "researchAndDevelopmentExpenses": 356000000, "generalAndAdministrativeExpenses": 448000000, "sellingAndMarketingExpenses": 0.0, "otherExpenses": 4000000.0, "operatingExpenses": 804000000, "costAndExpenses": 2199000000, "interestExpense": 18000000, "depreciationAndAmortization": 237000000, "ebitda": 1632000000, "ebitdaratio": 0.444081632653, "operatingIncome": 1395000000, "operatingIncomeRatio": 0.379591836735, "totalOtherIncomeExpensesNet": 4000000.0, "incomeBeforeTax": 1381000000, "incomeBeforeTaxRatio": 0.375782312925, "incomeTaxExpense": 413000000, "netIncome": 968000000, "netIncomeRatio": 0.263401360544, "eps": 0.95, "epsdiluted": 0.94, "weightedAverageShsOut": 1004000000, "weightedAverageShsOutDil": 1017000000, "link": "https://www.sec.gov/Archives/edgar/data/97476/000156459016027067/0001564590-16-027067-index.htm", "finalLink": "https://www.sec.gov/Archives/edgar/data/97476/000156459016027067/txn-10q_20160930.htm"}, {"date": "2016-06-30", "symbol": "TXN", "fillingDate": "2016-08-04", "acceptedDate": "2016-08-04 11:32:07", "period": "Q2", "revenue": 3273000000, "costOfRevenue": 1270000000, "grossProfit": 2003000000, "grossProfitRatio": 0.6119767797128017, "researchAndDevelopmentExpenses": 345000000, "generalAndAdministrativeExpenses": 460000000, "sellingAndMarketingExpenses": 0.0, "otherExpenses": 6000000.0, "operatingExpenses": 805000000, "costAndExpenses": 2075000000, "interestExpense": 21000000, "depreciationAndAmortization": 242000000, "ebitda": 1359000000, "ebitdaratio": 0.415215398717, "operatingIncome": 1117000000, "operatingIncomeRatio": 0.341277115796, "totalOtherIncomeExpensesNet": 6000000.0, "incomeBeforeTax": 1102000000, "incomeBeforeTaxRatio": 0.336694164375, "incomeTaxExpense": 323000000, "netIncome": 779000000, "netIncomeRatio": 0.238007943782, "eps": 0.77, "epsdiluted": 0.75, "weightedAverageShsOut": 1005000000, "weightedAverageShsOutDil": 1017000000, "link": "https://www.sec.gov/Archives/edgar/data/97476/000156459016022552/0001564590-16-022552-index.htm", "finalLink": "https://www.sec.gov/Archives/edgar/data/97476/000156459016022552/txn-10q_20160630.htm"}, {"date": "2016-03-31", "symbol": "TXN", "fillingDate": "2016-05-04", "acceptedDate": "2016-05-04 11:41:30", "period": "Q1", "revenue": 3008000000, "costOfRevenue": 1184000000, "grossProfit": 1824000000, "grossProfitRatio": 0.6063829787234043, "researchAndDevelopmentExpenses": 326000000, "generalAndAdministrativeExpenses": 448000000, "sellingAndMarketingExpenses": 0.0, "otherExpenses": 4000000.0, "operatingExpenses": 774000000, "costAndExpenses": 1958000000, "interestExpense": 22000000, "depreciationAndAmortization": 249000000, "ebitda": 1217000000, "ebitdaratio": 0.404587765957, "operatingIncome": 968000000, "operatingIncomeRatio": 0.321808510638, "totalOtherIncomeExpensesNet": 4000000.0, "incomeBeforeTax": 950000000, "incomeBeforeTaxRatio": 0.315824468085, "incomeTaxExpense": 282000000, "netIncome": 668000000, "netIncomeRatio": 0.222074468085, "eps": 0.65, "epsdiluted": 0.65, "weightedAverageShsOut": 1007000000, "weightedAverageShsOutDil": 1018000000, "link": "https://www.sec.gov/Archives/edgar/data/97476/000156459016017570/0001564590-16-017570-index.htm", "finalLink": "https://www.sec.gov/Archives/edgar/data/97476/000156459016017570/txn-10q_20160331.htm"}, {"date": "2015-12-31", "symbol": "TXN", "fillingDate": "2016-02-24", "acceptedDate": "2016-02-24 10:31:05", "period": "FY", "revenue": 3189000000, "costOfRevenue": 1323000000, "grossProfit": 1866000000, "grossProfitRatio": 0.5851364063969896, "researchAndDevelopmentExpenses": 306000000, "generalAndAdministrativeExpenses": 405000000, "sellingAndMarketingExpenses": 0.0, "otherExpenses": 19000000, "operatingExpenses": 711000000, "costAndExpenses": 2034000000, "interestExpense": 22000000, "depreciationAndAmortization": 261000000, "ebitda": 1403000000, "ebitdaratio": 0.439949827532, "operatingIncome": 1142000000, "operatingIncomeRatio": 0.358105989338, "totalOtherIncomeExpensesNet": 19000000, "incomeBeforeTax": 1139000000, "incomeBeforeTaxRatio": 0.357165255566, "incomeTaxExpense": 303000000, "netIncome": 836000000, "netIncomeRatio": 0.262151144559, "eps": 0.81, "epsdiluted": 0.8, "weightedAverageShsOut": 1030000000, "weightedAverageShsOutDil": 1043000000, "link": "https://www.sec.gov/Archives/edgar/data/97476/000156459016013126/0001564590-16-013126-index.htm", "finalLink": "https://www.sec.gov/Archives/edgar/data/97476/000156459016013126/txn-10k_20151231.htm"}, {"date": "2015-09-30", "symbol": "TXN", "fillingDate": "2015-11-05", "acceptedDate": "2015-11-05 10:41:32", "period": "Q3", "revenue": 3429000000, "costOfRevenue": 1432000000, "grossProfit": 1997000000, "grossProfitRatio": 0.5823855351414406, "researchAndDevelopmentExpenses": 316000000, "generalAndAdministrativeExpenses": 434000000, "sellingAndMarketingExpenses": 0.0, "otherExpenses": 6000000.0, "operatingExpenses": 750000000, "costAndExpenses": 2182000000, "interestExpense": 22000000, "depreciationAndAmortization": 285000000, "ebitda": 1449000000, "ebitdaratio": 0.422572178478, "operatingIncome": 1164000000, "operatingIncomeRatio": 0.339457567804, "totalOtherIncomeExpensesNet": 6000000.0, "incomeBeforeTax": 1148000000, "incomeBeforeTaxRatio": 0.334791484398, "incomeTaxExpense": 350000000, "netIncome": 798000000, "netIncomeRatio": 0.232720909886, "eps": 0.77, "epsdiluted": 0.76, "weightedAverageShsOut": 1036000000, "weightedAverageShsOutDil": 1049000000, "link": "https://www.sec.gov/Archives/edgar/data/97476/000156459015009541/0001564590-15-009541-index.htm", "finalLink": "https://www.sec.gov/Archives/edgar/data/97476/000156459015009541/txn-10q_20150930.htm"}, {"date": "2015-06-30", "symbol": "TXN", "fillingDate": "2015-08-04", "acceptedDate": "2015-08-04 10:40:29", "period": "Q2", "revenue": 3232000000, "costOfRevenue": 1351000000, "grossProfit": 1881000000, "grossProfitRatio": 0.5819925742574258, "researchAndDevelopmentExpenses": 320000000, "generalAndAdministrativeExpenses": 470000000, "sellingAndMarketingExpenses": 0.0, "otherExpenses": 3000000.0, "operatingExpenses": 790000000, "costAndExpenses": 2141000000, "interestExpense": 24000000, "depreciationAndAmortization": 291000000, "ebitda": 1301000000, "ebitdaratio": 0.402537128713, "operatingIncome": 1010000000, "operatingIncomeRatio": 0.3125, "totalOtherIncomeExpensesNet": 3000000.0, "incomeBeforeTax": 989000000, "incomeBeforeTaxRatio": 0.306002475248, "incomeTaxExpense": 293000000, "netIncome": 696000000, "netIncomeRatio": 0.215346534653, "eps": 0.66, "epsdiluted": 0.65, "weightedAverageShsOut": 1042000000, "weightedAverageShsOutDil": 1056000000, "link": "https://www.sec.gov/Archives/edgar/data/97476/000156459015006014/0001564590-15-006014-index.htm", "finalLink": "https://www.sec.gov/Archives/edgar/data/97476/000156459015006014/txn-10q_20150630.htm"}, {"date": "2015-03-31", "symbol": "TXN", "fillingDate": "2015-05-05", "acceptedDate": "2015-05-05 11:10:12", "period": "Q1", "revenue": 3150000000, "costOfRevenue": 1334000000, "grossProfit": 1816000000, "grossProfitRatio": 0.5765079365079365, "researchAndDevelopmentExpenses": 338000000, "generalAndAdministrativeExpenses": 439000000, "sellingAndMarketingExpenses": 0.0, "otherExpenses": 4000000.0, "operatingExpenses": 777000000, "costAndExpenses": 2111000000, "interestExpense": 22000000, "depreciationAndAmortization": 296000000, "ebitda": 1254000000, "ebitdaratio": 0.398095238095, "operatingIncome": 958000000, "operatingIncomeRatio": 0.304126984127, "totalOtherIncomeExpensesNet": 4000000.0, "incomeBeforeTax": 940000000, "incomeBeforeTaxRatio": 0.298412698413, "incomeTaxExpense": 284000000, "netIncome": 656000000, "netIncomeRatio": 0.208253968254, "eps": 0.62, "epsdiluted": 0.61, "weightedAverageShsOut": 1046000000, "weightedAverageShsOutDil": 1061000000, "link": "https://www.sec.gov/Archives/edgar/data/97476/000156459015003271/0001564590-15-003271-index.htm", "finalLink": "https://www.sec.gov/Archives/edgar/data/97476/000156459015003271/txn-10q_20150331.htm"}, {"date": "2014-12-31", "symbol": "TXN", "fillingDate": "2015-02-24", "acceptedDate": "2015-02-24 16:24:05", "period": "FY", "revenue": 3269000000, "costOfRevenue": 1374000000, "grossProfit": 1895000000, "grossProfitRatio": 0.5796879779749159, "researchAndDevelopmentExpenses": 311000000, "generalAndAdministrativeExpenses": 429000000, "sellingAndMarketingExpenses": 0.0, "otherExpenses": 9000000.0, "operatingExpenses": 740000000, "costAndExpenses": 2114000000, "interestExpense": 22000000, "depreciationAndAmortization": 395000000, "ebitda": 1495000000, "ebitdaratio": 0.457326399511, "operatingIncome": 1100000000, "operatingIncomeRatio": 0.336494340777, "totalOtherIncomeExpensesNet": 9000000.0, "incomeBeforeTax": 1087000000, "incomeBeforeTaxRatio": 0.332517589477, "incomeTaxExpense": 262000000, "netIncome": 825000000, "netIncomeRatio": 0.252370755583, "eps": 0.77, "epsdiluted": 0.76, "weightedAverageShsOut": 1065000000, "weightedAverageShsOutDil": 1080000000, "link": "https://www.sec.gov/Archives/edgar/data/97476/000009747615000003/0000097476-15-000003-index.htm", "finalLink": "https://www.sec.gov/Archives/edgar/data/97476/000009747615000003/txn-12312014x10xk.htm"}, {"date": "2014-09-30", "symbol": "TXN", "fillingDate": "2014-10-31", "acceptedDate": "2014-10-31 10:12:11", "period": "Q3", "revenue": 3501000000, "costOfRevenue": 1457000000, "grossProfit": 2044000000, "grossProfitRatio": 0.5838331905169951, "researchAndDevelopmentExpenses": 332000000, "generalAndAdministrativeExpenses": 463000000, "sellingAndMarketingExpenses": 0.0, "otherExpenses": 3000000.0, "operatingExpenses": 795000000, "costAndExpenses": 2252000000, "interestExpense": 23000000, "depreciationAndAmortization": 218000000, "ebitda": 1393000000, "ebitdaratio": 0.397886318195, "operatingIncome": 1175000000, "operatingIncomeRatio": 0.335618394744, "totalOtherIncomeExpensesNet": 3000000.0, "incomeBeforeTax": 1155000000, "incomeBeforeTaxRatio": 0.329905741217, "incomeTaxExpense": 329000000, "netIncome": 826000000, "netIncomeRatio": 0.235932590688, "eps": 0.77, "epsdiluted": 0.75, "weightedAverageShsOut": 1070000000, "weightedAverageShsOutDil": 1085000000, "link": "https://www.sec.gov/Archives/edgar/data/97476/000009747614000034/0000097476-14-000034-index.htm", "finalLink": "https://www.sec.gov/Archives/edgar/data/97476/000009747614000034/txn-2014930x10xq.htm"}, {"date": "2014-06-30", "symbol": "TXN", "fillingDate": "2014-07-31", "acceptedDate": "2014-07-31 11:54:07", "period": "Q2", "revenue": 3292000000, "costOfRevenue": 1411000000, "grossProfit": 1881000000, "grossProfitRatio": 0.5713851761846902, "researchAndDevelopmentExpenses": 349000000, "generalAndAdministrativeExpenses": 472000000, "sellingAndMarketingExpenses": 0.0, "otherExpenses": 3000000.0, "operatingExpenses": 821000000, "costAndExpenses": 2232000000, "interestExpense": 24000000, "depreciationAndAmortization": 307000000, "ebitda": 1289000000, "ebitdaratio": 0.391555285541, "operatingIncome": 982000000, "operatingIncomeRatio": 0.29829890644, "totalOtherIncomeExpensesNet": 3000000.0, "incomeBeforeTax": 961000000, "incomeBeforeTaxRatio": 0.291919805589, "incomeTaxExpense": 278000000, "netIncome": 683000000, "netIncomeRatio": 0.207472660996, "eps": 0.63, "epsdiluted": 0.62, "weightedAverageShsOut": 1076000000, "weightedAverageShsOutDil": 1091000000, "link": "https://www.sec.gov/Archives/edgar/data/97476/000009747614000027/0000097476-14-000027-index.htm", "finalLink": "https://www.sec.gov/Archives/edgar/data/97476/000009747614000027/txn-2014630x10q.htm"}, {"date": "2014-03-31", "symbol": "TXN", "fillingDate": "2014-05-02", "acceptedDate": "2014-05-02 11:27:34", "period": "Q1", "revenue": 2983000000, "costOfRevenue": 1376000000, "grossProfit": 1607000000, "grossProfitRatio": 0.538719409989943, "researchAndDevelopmentExpenses": 366000000, "generalAndAdministrativeExpenses": 479000000, "sellingAndMarketingExpenses": 0.0, "otherExpenses": 6000000.0, "operatingExpenses": 845000000, "costAndExpenses": 2221000000, "interestExpense": 25000000, "depreciationAndAmortization": 310000000, "ebitda": 1000000000, "ebitdaratio": 0.335232986926, "operatingIncome": 690000000, "operatingIncomeRatio": 0.231310760979, "totalOtherIncomeExpensesNet": 6000000.0, "incomeBeforeTax": 671000000, "incomeBeforeTaxRatio": 0.224941334227, "incomeTaxExpense": 184000000, "netIncome": 487000000, "netIncomeRatio": 0.163258464633, "eps": 0.44, "epsdiluted": 0.44, "weightedAverageShsOut": 1081000000, "weightedAverageShsOutDil": 1096000000, "link": "https://www.sec.gov/Archives/edgar/data/97476/000009747614000018/0000097476-14-000018-index.htm", "finalLink": "https://www.sec.gov/Archives/edgar/data/97476/000009747614000018/txn-2014331x10q.htm"}, {"date": "2013-12-31", "symbol": "TXN", "fillingDate": "2014-02-24", "acceptedDate": "2014-02-24 11:05:47", "period": "FY", "revenue": 3028000000, "costOfRevenue": 1388000000, "grossProfit": 1640000000, "grossProfitRatio": 0.5416116248348745, "researchAndDevelopmentExpenses": 346000000, "generalAndAdministrativeExpenses": 461000000, "sellingAndMarketingExpenses": 0.0, "otherExpenses": 19000000, "operatingExpenses": 807000000, "costAndExpenses": 2195000000, "interestExpense": 24000000, "depreciationAndAmortization": 378000000, "ebitda": 1065000000, "ebitdaratio": 0.351717305152, "operatingIncome": 687000000, "operatingIncomeRatio": 0.226882430647, "totalOtherIncomeExpensesNet": 19000000, "incomeBeforeTax": 682000000, "incomeBeforeTaxRatio": 0.225231175694, "incomeTaxExpense": 171000000, "netIncome": 511000000, "netIncomeRatio": 0.168758256275, "eps": 0.47, "epsdiluted": 0.46, "weightedAverageShsOut": 1098000000, "weightedAverageShsOutDil": 1113000000, "link": "https://www.sec.gov/Archives/edgar/data/97476/000009747614000007/0000097476-14-000007-index.htm", "finalLink": "https://www.sec.gov/Archives/edgar/data/97476/000009747614000007/txn-12312013x10xk.htm"}, {"date": "2013-09-30", "symbol": "TXN", "fillingDate": "2013-11-01", "acceptedDate": "2013-11-01 11:22:09", "period": "Q3", "revenue": 3245000000, "costOfRevenue": 1465000000, "grossProfit": 1780000000, "grossProfitRatio": 0.5485362095531587, "researchAndDevelopmentExpenses": 368000000, "generalAndAdministrativeExpenses": 466000000, "sellingAndMarketingExpenses": 0.0, "otherExpenses": -4000000.0, "operatingExpenses": 834000000, "costAndExpenses": 2299000000, "interestExpense": 24000000, "depreciationAndAmortization": 300000000, "ebitda": 1144000000, "ebitdaratio": 0.352542372881, "operatingIncome": 844000000, "operatingIncomeRatio": 0.260092449923, "totalOtherIncomeExpensesNet": -4000000.0, "incomeBeforeTax": 816000000, "incomeBeforeTaxRatio": 0.251463790447, "incomeTaxExpense": 187000000, "netIncome": 629000000, "netIncomeRatio": 0.193836671803, "eps": 0.56, "epsdiluted": 0.55, "weightedAverageShsOut": 1102000000, "weightedAverageShsOutDil": 1117000000, "link": "https://www.sec.gov/Archives/edgar/data/97476/000009747613000056/0000097476-13-000056-index.htm", "finalLink": "https://www.sec.gov/Archives/edgar/data/97476/000009747613000056/txn-2013930x10q.htm"}, {"date": "2013-06-30", "symbol": "TXN", "fillingDate": "2013-08-02", "acceptedDate": "2013-08-02 10:58:35", "period": "Q2", "revenue": 3047000000, "costOfRevenue": 1477000000, "grossProfit": 1570000000, "grossProfitRatio": 0.5152609123728258, "researchAndDevelopmentExpenses": 389000000, "generalAndAdministrativeExpenses": 472000000, "sellingAndMarketingExpenses": 0.0, "otherExpenses": 0.0, "operatingExpenses": 861000000, "costAndExpenses": 2338000000, "interestExpense": 24000000, "depreciationAndAmortization": 306000000, "ebitda": 1212000000, "ebitdaratio": 0.397768296685, "operatingIncome": 906000000, "operatingIncomeRatio": 0.297341647522, "totalOtherIncomeExpensesNet": 0.0, "incomeBeforeTax": 882000000, "incomeBeforeTaxRatio": 0.289465047588, "incomeTaxExpense": 222000000, "netIncome": 660000000, "netIncomeRatio": 0.216606498195, "eps": 0.59, "epsdiluted": 0.58, "weightedAverageShsOut": 1105000000, "weightedAverageShsOutDil": 1120000000, "link": "https://www.sec.gov/Archives/edgar/data/97476/000009747613000044/0000097476-13-000044-index.htm", "finalLink": "https://www.sec.gov/Archives/edgar/data/97476/000009747613000044/txn-2013630x10q.htm"}, {"date": "2013-03-31", "symbol": "TXN", "fillingDate": "2013-05-03", "acceptedDate": "2013-05-03 09:27:09", "period": "Q1", "revenue": 2885000000, "costOfRevenue": 1511000000, "grossProfit": 1374000000, "grossProfitRatio": 0.47625649913344886, "researchAndDevelopmentExpenses": 419000000, "generalAndAdministrativeExpenses": 459000000, "sellingAndMarketingExpenses": 0.0, "otherExpenses": 2000000.0, "operatingExpenses": 878000000, "costAndExpenses": 2389000000, "interestExpense": 23000000, "depreciationAndAmortization": 313000000, "ebitda": 708000000, "ebitdaratio": 0.245407279029, "operatingIncome": 395000000, "operatingIncomeRatio": 0.13691507799, "totalOtherIncomeExpensesNet": 2000000.0, "incomeBeforeTax": 374000000, "incomeBeforeTaxRatio": 0.129636048527, "incomeTaxExpense": 12000000, "netIncome": 362000000, "netIncomeRatio": 0.12547660312, "eps": 0.32, "epsdiluted": 0.32, "weightedAverageShsOut": 1107000000, "weightedAverageShsOutDil": 1123000000, "link": "https://www.sec.gov/Archives/edgar/data/97476/000009747613000028/0000097476-13-000028-index.htm", "finalLink": "https://www.sec.gov/Archives/edgar/data/97476/000009747613000028/txn-2013331x10q.htm"}, {"date": "2012-12-31", "symbol": "TXN", "fillingDate": "2013-02-22", "acceptedDate": "2013-02-22 11:49:48", "period": "FY", "revenue": 2979000000, "costOfRevenue": 1533000000, "grossProfit": 1446000000, "grossProfitRatio": 0.48539778449144005, "researchAndDevelopmentExpenses": 425000000, "generalAndAdministrativeExpenses": 432000000, "sellingAndMarketingExpenses": 0.0, "otherExpenses": 39000000, "operatingExpenses": 857000000, "costAndExpenses": 2390000000, "interestExpense": 23000000, "depreciationAndAmortization": 317000000, "ebitda": 456000000, "ebitdaratio": 0.153071500504, "operatingIncome": 139000000, "operatingIncomeRatio": 0.0466599530044, "totalOtherIncomeExpensesNet": 39000000, "incomeBeforeTax": 155000000, "incomeBeforeTaxRatio": 0.0520308828466, "incomeTaxExpense": -109000000, "netIncome": 264000000, "netIncomeRatio": 0.0886203423968, "eps": 0.24, "epsdiluted": 0.24, "weightedAverageShsOut": 1132000000, "weightedAverageShsOutDil": 1146000000, "link": "https://www.sec.gov/Archives/edgar/data/97476/000009747613000009/0000097476-13-000009-index.htm", "finalLink": "https://www.sec.gov/Archives/edgar/data/97476/000009747613000009/txn-12312012x10xk.htm"}, {"date": "2012-09-30", "symbol": "TXN", "fillingDate": "2012-11-02", "acceptedDate": "2012-11-02 13:03:30", "period": "Q3", "revenue": 3390000000, "costOfRevenue": 1650000000, "grossProfit": 1740000000, "grossProfitRatio": 0.5132743362831859, "researchAndDevelopmentExpenses": 463000000, "generalAndAdministrativeExpenses": 454000000, "sellingAndMarketingExpenses": 0.0, "otherExpenses": 25000000, "operatingExpenses": 917000000, "costAndExpenses": 2567000000, "interestExpense": 21000000, "depreciationAndAmortization": 327000000, "ebitda": 1166000000, "ebitdaratio": 0.34395280236, "operatingIncome": 839000000, "operatingIncomeRatio": 0.247492625369, "totalOtherIncomeExpensesNet": 25000000, "incomeBeforeTax": 843000000, "incomeBeforeTaxRatio": 0.248672566372, "incomeTaxExpense": 59000000, "netIncome": 784000000, "netIncomeRatio": 0.231268436578, "eps": 0.68, "epsdiluted": 0.67, "weightedAverageShsOut": 1138000000, "weightedAverageShsOutDil": 1153000000, "link": "https://www.sec.gov/Archives/edgar/data/97476/000009747612000056/0000097476-12-000056-index.htm", "finalLink": "https://www.sec.gov/Archives/edgar/data/97476/000009747612000056/txn-2012930x10q.htm"}, {"date": "2012-06-30", "symbol": "TXN", "fillingDate": "2012-08-03", "acceptedDate": "2012-08-03 11:54:45", "period": "Q2", "revenue": 3335000000, "costOfRevenue": 1684000000, "grossProfit": 1651000000, "grossProfitRatio": 0.49505247376311845, "researchAndDevelopmentExpenses": 480000000, "generalAndAdministrativeExpenses": 456000000, "sellingAndMarketingExpenses": 0.0, "otherExpenses": -3000000.0, "operatingExpenses": 936000000, "costAndExpenses": 2620000000, "interestExpense": 20000000, "depreciationAndAmortization": 326000000, "ebitda": 924000000, "ebitdaratio": 0.277061469265, "operatingIncome": 598000000, "operatingIncomeRatio": 0.179310344828, "totalOtherIncomeExpensesNet": -3000000.0, "incomeBeforeTax": 575000000, "incomeBeforeTaxRatio": 0.172413793103, "incomeTaxExpense": 129000000, "netIncome": 446000000, "netIncomeRatio": 0.133733133433, "eps": 0.38, "epsdiluted": 0.38, "weightedAverageShsOut": 1142000000, "weightedAverageShsOutDil": 1159000000, "link": "https://www.sec.gov/Archives/edgar/data/97476/000009747612000042/0000097476-12-000042-index.htm", "finalLink": "https://www.sec.gov/Archives/edgar/data/97476/000009747612000042/txn-2012630x10q.htm"}, {"date": "2012-03-31", "symbol": "TXN", "fillingDate": "2012-05-04", "acceptedDate": "2012-05-04 12:35:07", "period": "Q1", "revenue": 3121000000, "costOfRevenue": 1590000000, "grossProfit": 1531000000, "grossProfitRatio": 0.49054790131368153, "researchAndDevelopmentExpenses": 509000000, "generalAndAdministrativeExpenses": 462000000, "sellingAndMarketingExpenses": 0.0, "otherExpenses": -14000000, "operatingExpenses": 971000000, "costAndExpenses": 2561000000, "interestExpense": 21000000, "depreciationAndAmortization": 329000000, "ebitda": 726000000, "ebitdaratio": 0.232617750721, "operatingIncome": 397000000, "operatingIncomeRatio": 0.127202819609, "totalOtherIncomeExpensesNet": -14000000, "incomeBeforeTax": 362000000, "incomeBeforeTaxRatio": 0.115988465236, "incomeTaxExpense": 97000000, "netIncome": 265000000, "netIncomeRatio": 0.0849086831144, "eps": 0.23, "epsdiluted": 0.22, "weightedAverageShsOut": 1143000000, "weightedAverageShsOutDil": 1165000000, "link": "https://www.sec.gov/Archives/edgar/data/97476/000009747612000027/0000097476-12-000027-index.htm", "finalLink": "https://www.sec.gov/Archives/edgar/data/97476/000009747612000027/txn-2012331x10q.htm"}, {"date": "2011-12-31", "symbol": "TXN", "fillingDate": "2012-02-24", "acceptedDate": "2012-02-24 12:13:07", "period": "FY", "revenue": 3420000000, "costOfRevenue": 1872000000, "grossProfit": 1548000000, "grossProfitRatio": 0.45263157894736844, "researchAndDevelopmentExpenses": 474000000, "generalAndAdministrativeExpenses": 444000000, "sellingAndMarketingExpenses": 0.0, "otherExpenses": 4000000.0, "operatingExpenses": 918000000, "costAndExpenses": 2790000000, "interestExpense": 21000000, "depreciationAndAmortization": 332000000, "ebitda": 697000000, "ebitdaratio": 0.203801169591, "operatingIncome": 365000000, "operatingIncomeRatio": 0.106725146199, "totalOtherIncomeExpensesNet": 4000000.0, "incomeBeforeTax": 348000000, "incomeBeforeTaxRatio": 0.101754385965, "incomeTaxExpense": 50000000, "netIncome": 298000000, "netIncomeRatio": 0.087134502924, "eps": 0.26, "epsdiluted": 0.26, "weightedAverageShsOut": 1151000000, "weightedAverageShsOutDil": 1171000000, "link": "https://www.sec.gov/Archives/edgar/data/97476/000009747612000010/0000097476-12-000010-index.htm", "finalLink": "https://www.sec.gov/Archives/edgar/data/97476/000009747612000010/txn-12312011x10xk.htm"}, {"date": "2011-09-30", "symbol": "TXN", "fillingDate": "2011-11-04", "acceptedDate": "2011-11-04 13:18:14", "period": "Q3", "revenue": 3466000000, "costOfRevenue": 1722000000, "grossProfit": 1744000000, "grossProfitRatio": 0.5031736872475476, "researchAndDevelopmentExpenses": 395000000, "generalAndAdministrativeExpenses": 388000000, "sellingAndMarketingExpenses": 0.0, "otherExpenses": -18000000, "operatingExpenses": 783000000, "costAndExpenses": 2505000000, "interestExpense": 15000000, "depreciationAndAmortization": 226000000, "ebitda": 1040000000, "ebitdaratio": 0.300057703405, "operatingIncome": 814000000, "operatingIncomeRatio": 0.234852856319, "totalOtherIncomeExpensesNet": -18000000, "incomeBeforeTax": 781000000, "incomeBeforeTaxRatio": 0.225331794576, "incomeTaxExpense": 181000000, "netIncome": 600000000, "netIncomeRatio": 0.173110213503, "eps": 0.52, "epsdiluted": 0.51, "weightedAverageShsOut": 1156000000, "weightedAverageShsOutDil": 1177000000, "link": "https://www.sec.gov/Archives/edgar/data/97476/000009747611000055/0000097476-11-000055-index.htm", "finalLink": "https://www.sec.gov/Archives/edgar/data/97476/000009747611000055/txn-2011930x10q.htm"}, {"date": "2011-06-30", "symbol": "TXN", "fillingDate": "2011-08-05", "acceptedDate": "2011-08-05 12:59:03", "period": "Q2", "revenue": 3457000000, "costOfRevenue": 1705000000, "grossProfit": 1752000000, "grossProfitRatio": 0.506797801562048, "researchAndDevelopmentExpenses": 424000000, "generalAndAdministrativeExpenses": 410000000, "sellingAndMarketingExpenses": 0.0, "otherExpenses": 9000000.0, "operatingExpenses": 834000000, "costAndExpenses": 2539000000, "interestExpense": 6000000.0, "depreciationAndAmortization": 226000000, "ebitda": 1131000000, "ebitdaratio": 0.327162279433, "operatingIncome": 905000000, "operatingIncomeRatio": 0.261787677177, "totalOtherIncomeExpensesNet": 9000000.0, "incomeBeforeTax": 908000000, "incomeBeforeTaxRatio": 0.262655481631, "incomeTaxExpense": 236000000, "netIncome": 672000000, "netIncomeRatio": 0.194388197859, "eps": 0.57, "epsdiluted": 0.56, "weightedAverageShsOut": 1161000000, "weightedAverageShsOutDil": 1187000000, "link": "https://www.sec.gov/Archives/edgar/data/97476/000009747611000030/0000097476-11-000030-index.htm", "finalLink": "https://www.sec.gov/Archives/edgar/data/97476/000009747611000030/txn-2011630x10q.htm"}, {"date": "2011-03-31", "symbol": "TXN", "fillingDate": "2011-05-05", "acceptedDate": "2011-05-05 12:58:58", "period": "Q1", "revenue": 3392000000, "costOfRevenue": 1664000000, "grossProfit": 1728000000, "grossProfitRatio": 0.5094339622641509, "researchAndDevelopmentExpenses": 422000000, "generalAndAdministrativeExpenses": 396000000, "sellingAndMarketingExpenses": 0.0, "otherExpenses": 10000000, "operatingExpenses": 818000000, "costAndExpenses": 2482000000, "interestExpense": 0.0, "depreciationAndAmortization": 231000000, "ebitda": 1139000000, "ebitdaratio": 0.33579009434, "operatingIncome": 908000000, "operatingIncomeRatio": 0.267688679245, "totalOtherIncomeExpensesNet": 10000000, "incomeBeforeTax": 918000000, "incomeBeforeTaxRatio": 0.270636792453, "incomeTaxExpense": 252000000, "netIncome": 666000000, "netIncomeRatio": 0.196344339623, "eps": 0.56, "epsdiluted": 0.55, "weightedAverageShsOut": 1167.0, "weightedAverageShsOutDil": 1194.0, "link": "https://www.sec.gov/Archives/edgar/data/97476/000114036111025120/0001140361-11-025120-index.htm", "finalLink": "https://www.sec.gov/Archives/edgar/data/97476/000114036111025120/form10q.htm"}, {"date": "2010-12-31", "symbol": "TXN", "fillingDate": "2011-02-25", "acceptedDate": "2011-02-25 17:10:14", "period": "FY", "revenue": 3525000000, "costOfRevenue": 1655000000, "grossProfit": 1870000000, "grossProfitRatio": 0.5304964539007092, "researchAndDevelopmentExpenses": 392000000, "generalAndAdministrativeExpenses": 390000000, "sellingAndMarketingExpenses": 0.0, "otherExpenses": 18000000, "operatingExpenses": 782000000, "costAndExpenses": 2437000000, "interestExpense": 0.0, "depreciationAndAmortization": 238000000, "ebitda": 1468000000, "ebitdaratio": 0.416453900709, "operatingIncome": 1230000000, "operatingIncomeRatio": 0.348936170213, "totalOtherIncomeExpensesNet": 18000000, "incomeBeforeTax": 1248000000, "incomeBeforeTaxRatio": 0.354042553191, "incomeTaxExpense": 306000000, "netIncome": 942000000, "netIncomeRatio": 0.267234042553, "eps": 0.79, "epsdiluted": 0.77, "weightedAverageShsOut": 1199000000, "weightedAverageShsOutDil": 1213000000, "link": "https://www.sec.gov/Archives/edgar/data/97476/000114036111012312/0001140361-11-012312-index.htm", "finalLink": "https://www.sec.gov/Archives/edgar/data/97476/000114036111012312/form10-k.htm"}, {"date": "2010-09-30", "symbol": "TXN", "fillingDate": "2010-11-04", "acceptedDate": "2010-11-04 13:17:35", "period": "Q3", "revenue": 3740000000, "costOfRevenue": 1701000000, "grossProfit": 2039000000, "grossProfitRatio": 0.545187165775401, "researchAndDevelopmentExpenses": 417000000, "generalAndAdministrativeExpenses": 392000000, "sellingAndMarketingExpenses": 0.0, "otherExpenses": 8000000.0, "operatingExpenses": 809000000, "costAndExpenses": 2510000000, "interestExpense": 0.0, "depreciationAndAmortization": 224000000, "ebitda": 1451000000, "ebitdaratio": 0.387967914439, "operatingIncome": 1227000000, "operatingIncomeRatio": 0.32807486631, "totalOtherIncomeExpensesNet": 8000000.0, "incomeBeforeTax": 1235000000, "incomeBeforeTaxRatio": 0.330213903743, "incomeTaxExpense": 376000000, "netIncome": 859000000, "netIncomeRatio": 0.229679144385, "eps": 0.72, "epsdiluted": 0.71, "weightedAverageShsOut": 1208.0, "weightedAverageShsOutDil": 1221.0, "link": "https://www.sec.gov/Archives/edgar/data/97476/000114036110043558/0001140361-10-043558-index.htm", "finalLink": "https://www.sec.gov/Archives/edgar/data/97476/000114036110043558/form10q.htm"}, {"date": "2010-06-30", "symbol": "TXN", "fillingDate": "2010-07-22", "acceptedDate": "2010-07-21 17:58:03", "period": "Q2", "revenue": 3496000000, "costOfRevenue": 1602000000, "grossProfit": 1894000000, "grossProfitRatio": 0.5417620137299771, "researchAndDevelopmentExpenses": 391000000, "generalAndAdministrativeExpenses": 378000000, "sellingAndMarketingExpenses": 0.0, "otherExpenses": 4000000.0, "operatingExpenses": 769000000, "costAndExpenses": 2371000000, "interestExpense": 0.0, "depreciationAndAmortization": 227000000, "ebitda": 1334000000, "ebitdaratio": 0.381578947368, "operatingIncome": 1107000000, "operatingIncomeRatio": 0.316647597254, "totalOtherIncomeExpensesNet": 4000000.0, "incomeBeforeTax": 1111000000, "incomeBeforeTaxRatio": 0.317791762014, "incomeTaxExpense": 342000000, "netIncome": 769000000, "netIncomeRatio": 0.219965675057, "eps": 0.62, "epsdiluted": 0.62, "weightedAverageShsOut": 1221000000, "weightedAverageShsOutDil": 1234000000, "link": "https://www.sec.gov/Archives/edgar/data/97476/000114036110029928/0001140361-10-029928-index.htm", "finalLink": "https://www.sec.gov/Archives/edgar/data/97476/000114036110029928/form10q.htm"}, {"date": "2010-03-31", "symbol": "TXN", "fillingDate": "2010-04-30", "acceptedDate": "2010-04-30 15:44:08", "period": "Q1", "revenue": 3205000000, "costOfRevenue": 1516000000, "grossProfit": 1689000000, "grossProfitRatio": 0.5269890795631825, "researchAndDevelopmentExpenses": 370000000, "generalAndAdministrativeExpenses": 359000000, "sellingAndMarketingExpenses": 0.0, "otherExpenses": 7000000.0, "operatingExpenses": 729000000, "costAndExpenses": 2245000000, "interestExpense": 0.0, "depreciationAndAmortization": 224000000, "ebitda": 1174000000, "ebitdaratio": 0.366302652106, "operatingIncome": 950000000, "operatingIncomeRatio": 0.296411856474, "totalOtherIncomeExpensesNet": 7000000.0, "incomeBeforeTax": 957000000, "incomeBeforeTaxRatio": 0.298595943838, "incomeTaxExpense": 299000000, "netIncome": 658000000, "netIncomeRatio": 0.205304212168, "eps": 0.53, "epsdiluted": 0.52, "weightedAverageShsOut": 1233000000, "weightedAverageShsOutDil": 1246000000, "link": "https://www.sec.gov/Archives/edgar/data/97476/000114036110018271/0001140361-10-018271-index.htm", "finalLink": "https://www.sec.gov/Archives/edgar/data/97476/000114036110018271/form10-q.htm"}, {"date": "2009-12-31", "symbol": "TXN", "fillingDate": "2010-02-23", "acceptedDate": "2010-02-23 14:25:33", "period": "FY", "revenue": 3005000000, "costOfRevenue": 1416000000, "grossProfit": 1589000000, "grossProfitRatio": 0.5287853577371048, "researchAndDevelopmentExpenses": 354000000, "generalAndAdministrativeExpenses": 348000000, "sellingAndMarketingExpenses": 0.0, "otherExpenses": 6000000.0, "operatingExpenses": 702000000, "costAndExpenses": 2118000000, "interestExpense": 0.0, "depreciationAndAmortization": 209000000, "ebitda": 543000000, "ebitdaratio": 0.18069883527454242, "operatingIncome": 334000000, "operatingIncomeRatio": 0.11114808652246257, "totalOtherIncomeExpensesNet": 6000000.0, "incomeBeforeTax": 881000000, "incomeBeforeTaxRatio": 0.2931780366056572, "incomeTaxExpense": 226000000, "netIncome": 655000000, "netIncomeRatio": 0.21797004991680533, "eps": 1.16, "epsdiluted": 1.16, "weightedAverageShsOut": 1260000000, "weightedAverageShsOutDil": 1269000000, "link": "https://www.sec.gov/Archives/edgar/data/97476/000114036110007923/0001140361-10-007923-index.htm", "finalLink": "https://www.sec.gov/Archives/edgar/data/97476/000114036110007923/form10k.htm"}, {"date": "2009-09-30", "symbol": "TXN", "fillingDate": "2009-10-30", "acceptedDate": "2009-10-30 17:21:15", "period": "Q3", "revenue": 2880000000, "costOfRevenue": 1399000000, "grossProfit": 1481000000, "grossProfitRatio": 0.5142361111111111, "researchAndDevelopmentExpenses": 367000000, "generalAndAdministrativeExpenses": 341000000, "sellingAndMarketingExpenses": 0.0, "otherExpenses": 1000000.0, "operatingExpenses": 708000000, "costAndExpenses": 2107000000, "interestExpense": 0.0, "depreciationAndAmortization": 217000000, "ebitda": 981000000, "ebitdaratio": 0.340625, "operatingIncome": 764000000, "operatingIncomeRatio": 0.2652777777777778, "totalOtherIncomeExpensesNet": 1000000.0, "incomeBeforeTax": 764000000, "incomeBeforeTaxRatio": 0.2652777777777778, "incomeTaxExpense": 226000000, "netIncome": 538000000, "netIncomeRatio": 0.18680555555555556, "eps": 0.64, "epsdiluted": 0.63, "weightedAverageShsOut": 1260000000, "weightedAverageShsOutDil": 1269000000, "link": "https://www.sec.gov/Archives/edgar/data/97476/000009747609000041/0000097476-09-000041-index.htm", "finalLink": "https://www.sec.gov/Archives/edgar/data/97476/000009747609000041/d10q.htm"}, {"date": "2009-06-30", "symbol": "TXN", "fillingDate": "2009-07-29", "acceptedDate": "2009-07-29 17:24:22", "period": "Q2", "revenue": 2456000000, "costOfRevenue": 1333000000, "grossProfit": 1123000000, "grossProfitRatio": 0.4572475570032573, "researchAndDevelopmentExpenses": 369000000, "generalAndAdministrativeExpenses": 326000000, "sellingAndMarketingExpenses": 0.0, "otherExpenses": 14000000, "operatingExpenses": 695000000, "costAndExpenses": 2028000000, "interestExpense": 0.0, "depreciationAndAmortization": 221000000, "ebitda": 578000000, "ebitdaratio": 0.23534201954397393, "operatingIncome": 357000000, "operatingIncomeRatio": 0.1453583061889251, "totalOtherIncomeExpensesNet": 14000000, "incomeBeforeTax": 357000000, "incomeBeforeTaxRatio": 0.1453583061889251, "incomeTaxExpense": 97000000, "netIncome": 260000000, "netIncomeRatio": 0.10586319218241043, "eps": 0.22, "epsdiluted": 0.22, "weightedAverageShsOut": 1260000000, "weightedAverageShsOutDil": 1269000000, "link": "https://www.sec.gov/Archives/edgar/data/97476/000114036109017223/0001140361-09-017223-index.htm", "finalLink": "https://www.sec.gov/Archives/edgar/data/97476/000114036109017223/form10q.htm"}, {"date": "2009-03-31", "symbol": "TXN", "fillingDate": "2009-04-29", "acceptedDate": "2009-04-29 13:06:29", "period": "Q1", "revenue": 2086000000, "costOfRevenue": 1280000000, "grossProfit": 806000000, "grossProfitRatio": 0.38638542665388304, "researchAndDevelopmentExpenses": 386000000, "generalAndAdministrativeExpenses": 305000000, "sellingAndMarketingExpenses": 0.0, "otherExpenses": 5000000.0, "operatingExpenses": 691000000, "costAndExpenses": 1971000000, "interestExpense": 0.0, "depreciationAndAmortization": 230000000, "ebitda": 245000000, "ebitdaratio": 0.1174496644295302, "operatingIncome": 15000000, "operatingIncomeRatio": 0.007190795781399808, "totalOtherIncomeExpensesNet": 5000000.0, "incomeBeforeTax": 15000000, "incomeBeforeTaxRatio": 0.007190795781399808, "incomeTaxExpense": -2000000.0, "netIncome": 17000000, "netIncomeRatio": 0.008149568552253116, "eps": 0.01, "epsdiluted": 0.01, "weightedAverageShsOut": 1700000000, "weightedAverageShsOutDil": 1700000000, "link": "https://www.sec.gov/Archives/edgar/data/97476/000009747609000021/0000097476-09-000021-index.htm", "finalLink": "https://www.sec.gov/Archives/edgar/data/97476/000009747609000021/d10q.htm"}, {"date": "2008-12-31", "symbol": "TXN", "fillingDate": "2009-02-24", "acceptedDate": "2009-02-24 10:57:45", "period": "FY", "revenue": 2491000000, "costOfRevenue": 1394000000, "grossProfit": 1097000000, "grossProfitRatio": 0.44038538739462063, "researchAndDevelopmentExpenses": 431000000, "generalAndAdministrativeExpenses": 362000000, "sellingAndMarketingExpenses": 0.0, "otherExpenses": -14000000, "operatingExpenses": 793000000, "costAndExpenses": 2187000000, "interestExpense": 0.0, "depreciationAndAmortization": 284000000, "ebitda": 391000000, "ebitdaratio": 0.1569650742673625, "operatingIncome": 107000000, "operatingIncomeRatio": 0.04295463669209153, "totalOtherIncomeExpensesNet": -14000000, "incomeBeforeTax": 36000000, "incomeBeforeTaxRatio": 0.014452027298273785, "incomeTaxExpense": -71000000, "netIncome": 107000000, "netIncomeRatio": 0.04295463669209153, "eps": 1.47, "epsdiluted": 1.47, "weightedAverageShsOut": 1306122448, "weightedAverageShsOutDil": 1306122448, "link": "https://www.sec.gov/Archives/edgar/data/97476/000120677409000314/0001206774-09-000314-index.htm", "finalLink": "https://www.sec.gov/Archives/edgar/data/97476/000120677409000314/texas_10k.htm"}, {"date": "2008-09-30", "symbol": "TXN", "fillingDate": "2008-10-31", "acceptedDate": "2008-10-30 18:37:53", "period": "Q3", "revenue": 3387000000, "costOfRevenue": 1744000000, "grossProfit": 1643000000, "grossProfitRatio": 0.48509005019191026, "researchAndDevelopmentExpenses": 507000000, "generalAndAdministrativeExpenses": 389000000, "sellingAndMarketingExpenses": 0.0, "otherExpenses": 9000000.0, "operatingExpenses": 896000000, "costAndExpenses": 2640000000, "interestExpense": 0.0, "depreciationAndAmortization": 251000000, "ebitda": 813000000, "ebitdaratio": 0.2400354295837024, "operatingIncome": 562000000, "operatingIncomeRatio": 0.16592855033953352, "totalOtherIncomeExpensesNet": 9000000.0, "incomeBeforeTax": 756000000, "incomeBeforeTaxRatio": 0.22320637732506643, "incomeTaxExpense": 194000000, "netIncome": 562000000, "netIncomeRatio": 0.16592855033953352, "eps": 1.38, "epsdiluted": 1.38, "weightedAverageShsOut": 1313768115, "weightedAverageShsOutDil": 1313768115, "link": "https://www.sec.gov/Archives/edgar/data/97476/000009747608000217/0000097476-08-000217-index.htm", "finalLink": "https://www.sec.gov/Archives/edgar/data/97476/000009747608000217/d10q.htm"}, {"date": "2008-06-30", "symbol": "TXN", "fillingDate": "2008-07-31", "acceptedDate": "2008-07-31 09:39:18", "period": "Q2", "revenue": 3351000000, "costOfRevenue": 1602000000, "grossProfit": 1749000000, "grossProfitRatio": 0.5219337511190689, "researchAndDevelopmentExpenses": 488000000, "generalAndAdministrativeExpenses": 428000000, "sellingAndMarketingExpenses": 0.0, "otherExpenses": 16000000, "operatingExpenses": 916000000, "costAndExpenses": 2518000000, "interestExpense": 0.0, "depreciationAndAmortization": 246000000, "ebitda": 690000000, "ebitdaratio": 0.20590868397493287, "operatingIncome": 444000000, "operatingIncomeRatio": 0.13249776186213072, "totalOtherIncomeExpensesNet": 16000000, "incomeBeforeTax": 849000000, "incomeBeforeTaxRatio": 0.25335720680393914, "incomeTaxExpense": 260000000, "netIncome": 589000000, "netIncomeRatio": 0.17576842733512385, "eps": 0.95, "epsdiluted": 0.95, "weightedAverageShsOut": 1316842105, "weightedAverageShsOutDil": 1316842105, "link": "https://www.sec.gov/Archives/edgar/data/97476/000009747608000194/0000097476-08-000194-index.htm", "finalLink": "https://www.sec.gov/Archives/edgar/data/97476/000009747608000194/d10q.htm"}, {"date": "2008-03-31", "symbol": "TXN", "fillingDate": "2008-05-01", "acceptedDate": "2008-04-30 19:52:13", "period": "Q1", "revenue": 3272000000, "costOfRevenue": 1516000000, "grossProfit": 1756000000, "grossProfitRatio": 0.5366748166259169, "researchAndDevelopmentExpenses": 514000000, "generalAndAdministrativeExpenses": 435000000, "sellingAndMarketingExpenses": 0.0, "otherExpenses": 33000000, "operatingExpenses": 949000000, "costAndExpenses": 2465000000, "interestExpense": 0.0, "depreciationAndAmortization": 241000000, "ebitda": 1048000000, "ebitdaratio": 0.3202933985330073, "operatingIncome": 807000000, "operatingIncomeRatio": 0.24663814180929094, "totalOtherIncomeExpensesNet": 33000000, "incomeBeforeTax": 840000000, "incomeBeforeTaxRatio": 0.2567237163814181, "incomeTaxExpense": 178000000, "netIncome": 662000000, "netIncomeRatio": 0.20232273838630807, "eps": 0.5, "epsdiluted": 0.5, "weightedAverageShsOut": 1324000000, "weightedAverageShsOutDil": 1324000000, "link": "https://www.sec.gov/Archives/edgar/data/97476/000009747608000141/0000097476-08-000141-index.htm", "finalLink": "https://www.sec.gov/Archives/edgar/data/97476/000009747608000141/d10q.htm"}, {"date": "2007-12-31", "symbol": "TXN", "fillingDate": "2008-02-26", "acceptedDate": "2008-02-26 15:01:17", "period": "FY", "revenue": 3556000000, "costOfRevenue": 1629000000, "grossProfit": 1927000000, "grossProfitRatio": 0.5419010123734533, "researchAndDevelopmentExpenses": 509000000, "generalAndAdministrativeExpenses": 422000000, "sellingAndMarketingExpenses": 0.0, "otherExpenses": 46000000, "operatingExpenses": 931000000, "costAndExpenses": 2560000000, "interestExpense": 0.0, "depreciationAndAmortization": 252000000, "ebitda": 1248000000, "ebitdaratio": 0.35095613048368957, "operatingIncome": 996000000, "operatingIncomeRatio": 0.28008998875140606, "totalOtherIncomeExpensesNet": 46000000, "incomeBeforeTax": 1042000000, "incomeBeforeTaxRatio": 0.29302587176602923, "incomeTaxExpense": 289000000, "netIncome": 755000000, "netIncomeRatio": 0.2123172103487064, "eps": 1.86, "epsdiluted": 1.86, "weightedAverageShsOut": 1428494623, "weightedAverageShsOutDil": 1428494623, "link": "https://www.sec.gov/Archives/edgar/data/97476/000119312508038572/0001193125-08-038572-index.htm", "finalLink": "https://www.sec.gov/Archives/edgar/data/97476/000119312508038572/d10k.htm"}, {"date": "2007-09-30", "symbol": "TXN", "fillingDate": "2007-11-01", "acceptedDate": "2007-11-01 15:44:26", "period": "Q3", "revenue": 3664000000, "costOfRevenue": 1679000000, "grossProfit": 1985000000, "grossProfitRatio": 0.5417576419213974, "researchAndDevelopmentExpenses": 542000000, "generalAndAdministrativeExpenses": 431000000, "sellingAndMarketingExpenses": 0.0, "otherExpenses": 54000000, "operatingExpenses": 973000000, "costAndExpenses": 2652000000, "interestExpense": 0.0, "depreciationAndAmortization": 262000000, "ebitda": 1274000000, "ebitdaratio": 0.34770742358078605, "operatingIncome": 1012000000, "operatingIncomeRatio": 0.2762008733624454, "totalOtherIncomeExpensesNet": 54000000, "incomeBeforeTax": 1066000000, "incomeBeforeTaxRatio": 0.29093886462882096, "incomeTaxExpense": 308000000, "netIncome": 776000000, "netIncomeRatio": 0.21179039301310043, "eps": 1.32, "epsdiluted": 1.32, "weightedAverageShsOut": 1440909090, "weightedAverageShsOutDil": 1440909090, "link": "https://www.sec.gov/Archives/edgar/data/97476/000009747607000255/0000097476-07-000255-index.htm", "finalLink": "https://www.sec.gov/Archives/edgar/data/97476/000009747607000255/d10q.htm"}, {"date": "2007-06-30", "symbol": "TXN", "fillingDate": "2007-08-01", "acceptedDate": "2007-08-01 12:27:42", "period": "Q2", "revenue": 3424000000, "costOfRevenue": 1640000000, "grossProfit": 1784000000, "grossProfitRatio": 0.5210280373831776, "researchAndDevelopmentExpenses": 552000000, "generalAndAdministrativeExpenses": 423000000, "sellingAndMarketingExpenses": 0.0, "otherExpenses": -1459000000, "operatingExpenses": -579000000, "costAndExpenses": 2615000000, "interestExpense": 1000000.0, "depreciationAndAmortization": 256000000, "ebitda": 1065000000, "ebitdaratio": 0.3110397196261682, "operatingIncome": 809000000, "operatingIncomeRatio": 0.2362733644859813, "totalOtherIncomeExpensesNet": 55000000, "incomeBeforeTax": 865000000, "incomeBeforeTaxRatio": 0.2526285046728972, "incomeTaxExpense": 251000000, "netIncome": 610000000, "netIncomeRatio": 0.17815420560747663, "eps": 0.79, "epsdiluted": 0.79, "weightedAverageShsOut": 1425316455, "weightedAverageShsOutDil": 1425316455, "link": "https://www.sec.gov/Archives/edgar/data/97476/000009747607000187/0000097476-07-000187-index.htm", "finalLink": "https://www.sec.gov/Archives/edgar/data/97476/000009747607000187/d10q.htm"}, {"date": "2007-03-31", "symbol": "TXN", "fillingDate": "2007-05-03", "acceptedDate": "2007-05-03 10:41:40", "period": "Q1", "revenue": 3191000000, "costOfRevenue": 1554000000, "grossProfit": 1637000000, "grossProfitRatio": 0.5130053274835474, "researchAndDevelopmentExpenses": 552000000, "generalAndAdministrativeExpenses": 405000000, "sellingAndMarketingExpenses": 0.0, "otherExpenses": 1554000000, "operatingExpenses": 2511000000, "costAndExpenses": 2511000000, "interestExpense": -1000000.0, "depreciationAndAmortization": 252000000, "ebitda": 932000000, "ebitdaratio": 0.2920714509558132, "operatingIncome": 680000000, "operatingIncomeRatio": 0.2130993418990912, "totalOtherIncomeExpensesNet": 40000000, "incomeBeforeTax": 719000000, "incomeBeforeTaxRatio": 0.22532121591977436, "incomeTaxExpense": 203000000, "netIncome": 516000000, "netIncomeRatio": 0.16170479473519273, "eps": 0.36, "epsdiluted": 0.36, "weightedAverageShsOut": 1433333333, "weightedAverageShsOutDil": 1433333333, "link": "https://www.sec.gov/Archives/edgar/data/97476/000009747607000134/0000097476-07-000134-index.htm", "finalLink": "https://www.sec.gov/Archives/edgar/data/97476/000009747607000134/d10q.htm"}, {"date": "2006-12-31", "symbol": "TXN", "fillingDate": "2007-02-28", "acceptedDate": "2007-02-28 15:04:28", "period": "FY", "revenue": 3463000000, "costOfRevenue": 1715000000, "grossProfit": 1748000000, "grossProfitRatio": 0.5047646549234768, "researchAndDevelopmentExpenses": 556000000, "generalAndAdministrativeExpenses": 426000000, "sellingAndMarketingExpenses": 0.0, "otherExpenses": 71000000, "operatingExpenses": 982000000, "costAndExpenses": 2697000000, "interestExpense": -1000000.0, "depreciationAndAmortization": 249000000, "ebitda": 1015000000, "ebitdaratio": 0.29309846953508517, "operatingIncome": 766000000, "operatingIncomeRatio": 0.22119549523534507, "totalOtherIncomeExpensesNet": 71000000, "incomeBeforeTax": 836000000, "incomeBeforeTaxRatio": 0.2414091827894889, "incomeTaxExpense": 166000000, "netIncome": 668000000, "netIncomeRatio": 0.19289633265954376, "eps": 1.73, "epsdiluted": 1.73, "weightedAverageShsOut": 2509248554, "weightedAverageShsOutDil": 2509248554, "link": "https://www.sec.gov/Archives/edgar/data/97476/000119312507042451/0001193125-07-042451-index.htm", "finalLink": "https://www.sec.gov/Archives/edgar/data/97476/000119312507042451/d10k.htm"}, {"date": "2006-09-30", "symbol": "TXN", "fillingDate": "2006-10-30", "acceptedDate": "2006-10-30 06:05:31", "period": "Q3", "revenue": 3761000000, "costOfRevenue": 1829000000, "grossProfit": 1932000000, "grossProfitRatio": 0.5136931667109811, "researchAndDevelopmentExpenses": 570000000, "generalAndAdministrativeExpenses": 432000000, "sellingAndMarketingExpenses": 0.0, "otherExpenses": 54000000, "operatingExpenses": 1002000000, "costAndExpenses": 2831000000, "interestExpense": -1000000.0, "depreciationAndAmortization": 266000000, "ebitda": 1196000000, "ebitdaratio": 0.3180005317734645, "operatingIncome": 930000000, "operatingIncomeRatio": 0.2472746609944164, "totalOtherIncomeExpensesNet": 54000000, "incomeBeforeTax": 983000000, "incomeBeforeTaxRatio": 0.2613666578037756, "incomeTaxExpense": 297000000, "netIncome": 701000000, "netIncomeRatio": 0.1863865993086945, "eps": 1.27, "epsdiluted": 1.27, "weightedAverageShsOut": 2892125984, "weightedAverageShsOutDil": 2892125984, "link": "https://www.sec.gov/Archives/edgar/data/97476/000009747606000251/0000097476-06-000251-index.htm", "finalLink": "https://www.sec.gov/Archives/edgar/data/97476/000009747606000251/d10q.htm"}, {"date": "2006-06-30", "symbol": "TXN", "fillingDate": "2006-08-02", "acceptedDate": "2006-08-02 12:03:45", "period": "Q2", "revenue": 3697000000, "costOfRevenue": 1790000000, "grossProfit": 1907000000, "grossProfitRatio": 0.5158236407898296, "researchAndDevelopmentExpenses": 536000000, "generalAndAdministrativeExpenses": 418000000, "sellingAndMarketingExpenses": 0.0, "otherExpenses": 88000000, "operatingExpenses": 954000000, "costAndExpenses": 2744000000, "interestExpense": -2000000.0, "depreciationAndAmortization": 267000000, "ebitda": 1220000000, "ebitdaratio": 0.3299972951041385, "operatingIncome": 953000000, "operatingIncomeRatio": 0.2577765756018393, "totalOtherIncomeExpensesNet": 88000000, "incomeBeforeTax": 1039000000, "incomeBeforeTaxRatio": 0.2810386800108196, "incomeTaxExpense": 299000000, "netIncome": 2387000000, "netIncomeRatio": 0.6456586421422775, "eps": 0.82, "epsdiluted": 0.82, "weightedAverageShsOut": 3624390243, "weightedAverageShsOutDil": 3624390243, "link": "https://www.sec.gov/Archives/edgar/data/97476/000009747606000198/0000097476-06-000198-index.htm", "finalLink": "https://www.sec.gov/Archives/edgar/data/97476/000009747606000198/d10q.htm"}, {"date": "2006-03-31", "symbol": "TXN", "fillingDate": "2006-05-02", "acceptedDate": "2006-05-02 14:13:57", "period": "Q1", "revenue": 3334000000, "costOfRevenue": 1662000000, "grossProfit": 1672000000, "grossProfitRatio": 0.501499700059988, "researchAndDevelopmentExpenses": 533000000, "generalAndAdministrativeExpenses": 421000000, "sellingAndMarketingExpenses": 0.0, "otherExpenses": 52000000, "operatingExpenses": 954000000, "costAndExpenses": 2616000000, "interestExpense": -3000000.0, "depreciationAndAmortization": 270000000, "ebitda": 988000000, "ebitdaratio": 0.29634073185362925, "operatingIncome": 718000000, "operatingIncomeRatio": 0.21535692861427713, "totalOtherIncomeExpensesNet": 52000000, "incomeBeforeTax": 767000000, "incomeBeforeTaxRatio": 0.23005398920215958, "incomeTaxExpense": 225000000, "netIncome": 585000000, "netIncomeRatio": 0.1754649070185963, "eps": 0.34, "epsdiluted": 0.34, "weightedAverageShsOut": 1720588235, "weightedAverageShsOutDil": 1720588235, "link": "https://www.sec.gov/Archives/edgar/data/97476/000009747606000141/0000097476-06-000141-index.htm", "finalLink": "https://www.sec.gov/Archives/edgar/data/97476/000009747606000141/d10q.htm"}, {"date": "2005-12-31", "symbol": "TXN", "fillingDate": "2006-02-28", "acceptedDate": "2006-02-28 16:19:07", "period": "FY", "revenue": 3592000000, "costOfRevenue": 1857000000, "grossProfit": 1735000000, "grossProfitRatio": 0.48301781737193766, "researchAndDevelopmentExpenses": -1515000000, "generalAndAdministrativeExpenses": 425000000, "sellingAndMarketingExpenses": 0.0, "otherExpenses": 206000000, "operatingExpenses": -1090000000, "costAndExpenses": 767000000, "interestExpense": -9000000.0, "depreciationAndAmortization": 344000000, "ebitda": 1154000000, "ebitdaratio": 0.3212694877505568, "operatingIncome": 810000000, "operatingIncomeRatio": 0.2255011135857461, "totalOtherIncomeExpensesNet": 53000000, "incomeBeforeTax": 860000000, "incomeBeforeTaxRatio": 0.23942093541202672, "incomeTaxExpense": 205000000, "netIncome": 655000000, "netIncomeRatio": 0.18234966592427618, "eps": 1.42, "epsdiluted": 1.39, "weightedAverageShsOut": 1636619718, "weightedAverageShsOutDil": 1671942446, "link": "https://www.sec.gov/Archives/edgar/data/97476/000119312506041333/0001193125-06-041333-index.htm", "finalLink": "https://www.sec.gov/Archives/edgar/data/97476/000119312506041333/d10k.htm"}, {"date": "2005-09-30", "symbol": "TXN", "fillingDate": "2005-11-03", "acceptedDate": "2005-11-03 17:21:55", "period": "Q3", "revenue": 3589000000, "costOfRevenue": 1818000000, "grossProfit": 1771000000, "grossProfitRatio": 0.4934522151016996, "researchAndDevelopmentExpenses": 527000000, "generalAndAdministrativeExpenses": 429000000, "sellingAndMarketingExpenses": 0.0, "otherExpenses": 0.0, "operatingExpenses": 956000000, "costAndExpenses": 2774000000, "interestExpense": 0.0, "depreciationAndAmortization": 339000000, "ebitda": 1154000000, "ebitdaratio": 0.32153803287823907, "operatingIncome": 815000000, "operatingIncomeRatio": 0.22708275285594873, "totalOtherIncomeExpensesNet": 49000000, "incomeBeforeTax": 862000000, "incomeBeforeTaxRatio": 0.24017832265254946, "incomeTaxExpense": 231000000, "netIncome": 631000000, "netIncomeRatio": 0.17581499024797995, "eps": 1.01, "epsdiluted": 1.01, "weightedAverageShsOut": 1652475247, "weightedAverageShsOutDil": 1652475247, "link": "https://www.sec.gov/Archives/edgar/data/97476/000119312505215792/0001193125-05-215792-index.htm", "finalLink": "https://www.sec.gov/Archives/edgar/data/97476/000119312505215792/d10q.htm"}, {"date": "2005-06-30", "symbol": "TXN", "fillingDate": "2005-08-04", "acceptedDate": "2005-08-04 16:42:32", "period": "Q2", "revenue": 3239000000, "costOfRevenue": 1718000000, "grossProfit": 1521000000, "grossProfitRatio": 0.4695893794380982, "researchAndDevelopmentExpenses": 493000000, "generalAndAdministrativeExpenses": 359000000, "sellingAndMarketingExpenses": 0.0, "otherExpenses": -48000000, "operatingExpenses": 852000000, "costAndExpenses": 2570000000, "interestExpense": 0.0, "depreciationAndAmortization": 345000000, "ebitda": 1014000000, "ebitdaratio": 0.31305958629206543, "operatingIncome": 669000000, "operatingIncomeRatio": 0.20654523000926212, "totalOtherIncomeExpensesNet": 56000000, "incomeBeforeTax": 723000000, "incomeBeforeTaxRatio": 0.22321704229700526, "incomeTaxExpense": 96000000, "netIncome": 627000000, "netIncomeRatio": 0.193578264896573, "eps": 0.62, "epsdiluted": 0.62, "weightedAverageShsOut": 1674193548, "weightedAverageShsOutDil": 1674193548, "link": "https://www.sec.gov/Archives/edgar/data/97476/000119312505157836/0001193125-05-157836-index.htm", "finalLink": "https://www.sec.gov/Archives/edgar/data/97476/000119312505157836/d10q.htm"}, {"date": "2005-03-31", "symbol": "TXN", "fillingDate": "2005-05-05", "acceptedDate": "2005-05-05 10:12:03", "period": "Q1", "revenue": 2972000000, "costOfRevenue": 1636000000, "grossProfit": 1336000000, "grossProfitRatio": 0.44952893674293404, "researchAndDevelopmentExpenses": 495000000, "generalAndAdministrativeExpenses": 344000000, "sellingAndMarketingExpenses": 0.0, "otherExpenses": 48000000, "operatingExpenses": 839000000, "costAndExpenses": 2475000000, "interestExpense": 0.0, "depreciationAndAmortization": 347000000, "ebitda": 844000000, "ebitdaratio": 0.2839838492597577, "operatingIncome": 497000000, "operatingIncomeRatio": 0.16722745625841184, "totalOtherIncomeExpensesNet": 48000000, "incomeBeforeTax": 543000000, "incomeBeforeTaxRatio": 0.18270524899057874, "incomeTaxExpense": 132000000, "netIncome": 411000000, "netIncomeRatio": 0.1382907133243607, "eps": 0.24, "epsdiluted": 0.24, "weightedAverageShsOut": 1712500000, "weightedAverageShsOutDil": 1712500000, "link": "https://www.sec.gov/Archives/edgar/data/97476/000119312505096765/0001193125-05-096765-index.htm", "finalLink": "https://www.sec.gov/Archives/edgar/data/97476/000119312505096765/d10q.htm"}, {"date": "2004-12-31", "symbol": "TXN", "fillingDate": "2005-02-28", "acceptedDate": "2005-02-28 16:11:59", "period": "FY", "revenue": 3153000000, "costOfRevenue": 1819000000, "grossProfit": 1334000000, "grossProfitRatio": 0.4230891214716143, "researchAndDevelopmentExpenses": 487000000, "generalAndAdministrativeExpenses": 363000000, "sellingAndMarketingExpenses": 0.0, "otherExpenses": 86000000, "operatingExpenses": 850000000, "costAndExpenses": 2669000000, "interestExpense": -21000000, "depreciationAndAmortization": 390000000, "ebitda": 874000000, "ebitdaratio": 0.27719632096416114, "operatingIncome": 484000000, "operatingIncomeRatio": 0.1535045987947986, "totalOtherIncomeExpensesNet": 86000000, "incomeBeforeTax": 568000000, "incomeBeforeTaxRatio": 0.18014589280050744, "incomeTaxExpense": 78000000, "netIncome": 490000000, "netIncomeRatio": 0.15540754836663495, "eps": 1.08, "epsdiluted": 1.08, "weightedAverageShsOut": 1723148148, "weightedAverageShsOutDil": 1723148148, "link": "https://www.sec.gov/Archives/edgar/data/97476/000119312505038623/0001193125-05-038623-index.htm", "finalLink": "https://www.sec.gov/Archives/edgar/data/97476/000119312505038623/d10k.htm"}, {"date": "2004-09-30", "symbol": "TXN", "fillingDate": "2004-11-04", "acceptedDate": "2004-11-04 17:09:18", "period": "Q3", "revenue": 3250000000, "costOfRevenue": 1761000000, "grossProfit": 1489000000, "grossProfitRatio": 0.45815384615384613, "researchAndDevelopmentExpenses": 484000000, "generalAndAdministrativeExpenses": 348000000, "sellingAndMarketingExpenses": 0.0, "otherExpenses": 62000000, "operatingExpenses": 832000000, "costAndExpenses": 2593000000, "interestExpense": 0.0, "depreciationAndAmortization": 378000000, "ebitda": 1035000000, "ebitdaratio": 0.31846153846153846, "operatingIncome": 657000000, "operatingIncomeRatio": 0.20215384615384616, "totalOtherIncomeExpensesNet": 62000000, "incomeBeforeTax": 715000000, "incomeBeforeTaxRatio": 0.22, "incomeTaxExpense": 152000000, "netIncome": 563000000, "netIncomeRatio": 0.17323076923076924, "eps": 0.77, "epsdiluted": 0.77, "weightedAverageShsOut": 1780519480, "weightedAverageShsOutDil": 1780519480, "link": "https://www.sec.gov/Archives/edgar/data/97476/000119312504186448/0001193125-04-186448-index.htm", "finalLink": "https://www.sec.gov/Archives/edgar/data/97476/000119312504186448/d10q.htm"}, {"date": "2004-06-30", "symbol": "TXN", "fillingDate": "2004-07-30", "acceptedDate": "2004-07-30 16:24:00", "period": "Q2", "revenue": 3241000000, "costOfRevenue": 1760000000, "grossProfit": 1481000000, "grossProfitRatio": 0.45695772909595805, "researchAndDevelopmentExpenses": 513000000, "generalAndAdministrativeExpenses": 376000000, "sellingAndMarketingExpenses": 0.0, "otherExpenses": 37000000, "operatingExpenses": 889000000, "costAndExpenses": 2649000000, "interestExpense": 0.0, "depreciationAndAmortization": 363000000, "ebitda": 955000000, "ebitdaratio": 0.29466214131440915, "operatingIncome": 592000000, "operatingIncomeRatio": 0.1826596729404505, "totalOtherIncomeExpensesNet": 37000000, "incomeBeforeTax": 622000000, "incomeBeforeTaxRatio": 0.19191607528540575, "incomeTaxExpense": 181000000, "netIncome": 441000000, "netIncomeRatio": 0.13606911447084233, "eps": 0.45, "epsdiluted": 0.45, "weightedAverageShsOut": 1795555555, "weightedAverageShsOutDil": 1795555555, "link": "https://www.sec.gov/Archives/edgar/data/97476/000119312504128207/0001193125-04-128207-index.htm", "finalLink": "https://www.sec.gov/Archives/edgar/data/97476/000119312504128207/d10q.htm"}, {"date": "2004-03-31", "symbol": "TXN", "fillingDate": "2004-04-28", "acceptedDate": "2004-04-28 11:42:59", "period": "Q1", "revenue": 2936000000, "costOfRevenue": 1614000000, "grossProfit": 1322000000, "grossProfitRatio": 0.4502724795640327, "researchAndDevelopmentExpenses": 494000000, "generalAndAdministrativeExpenses": 354000000, "sellingAndMarketingExpenses": 0.0, "otherExpenses": 50000000, "operatingExpenses": 848000000, "costAndExpenses": 2462000000, "interestExpense": 0.0, "depreciationAndAmortization": 348000000, "ebitda": 822000000, "ebitdaratio": 0.27997275204359673, "operatingIncome": 474000000, "operatingIncomeRatio": 0.1614441416893733, "totalOtherIncomeExpensesNet": 50000000, "incomeBeforeTax": 516000000, "incomeBeforeTaxRatio": 0.17574931880108993, "incomeTaxExpense": 149000000, "netIncome": 367000000, "netIncomeRatio": 0.125, "eps": 0.21, "epsdiluted": 0.21, "weightedAverageShsOut": 1747619047, "weightedAverageShsOutDil": 1747619047, "link": "https://www.sec.gov/Archives/edgar/data/97476/000119312504071834/0001193125-04-071834-index.htm", "finalLink": "https://www.sec.gov/Archives/edgar/data/97476/000119312504071834/d10q.htm"}, {"date": "2003-12-31", "symbol": "TXN", "fillingDate": "2004-02-27", "acceptedDate": "2004-02-27 16:28:29", "period": "FY", "revenue": 2770000000, "costOfRevenue": 1576000000, "grossProfit": 1194000000, "grossProfitRatio": 0.43104693140794226, "researchAndDevelopmentExpenses": 448000000, "generalAndAdministrativeExpenses": 308000000, "sellingAndMarketingExpenses": 0.0, "otherExpenses": 131000000, "operatingExpenses": 756000000, "costAndExpenses": 2332000000, "interestExpense": 0.0, "depreciationAndAmortization": 371000000, "ebitda": 809000000, "ebitdaratio": 0.292057761732852, "operatingIncome": 438000000, "operatingIncomeRatio": 0.15812274368231047, "totalOtherIncomeExpensesNet": 131000000, "incomeBeforeTax": 561000000, "incomeBeforeTaxRatio": 0.20252707581227436, "incomeTaxExpense": 48000000, "netIncome": 513000000, "netIncomeRatio": 0.1851985559566787, "eps": 0.68, "epsdiluted": 0.68, "weightedAverageShsOut": 1761764705, "weightedAverageShsOutDil": 1761764705, "link": "https://www.sec.gov/Archives/edgar/data/97476/000119312504031317/0001193125-04-031317-index.htm", "finalLink": "https://www.sec.gov/Archives/edgar/data/97476/000119312504031317/d10k.htm"}, {"date": "2003-09-30", "symbol": "TXN", "fillingDate": "2003-10-27", "acceptedDate": "2003-10-27 12:41:13", "period": "Q3", "revenue": 2533000000, "costOfRevenue": 1503000000, "grossProfit": 1030000000, "grossProfitRatio": 0.40663245163837347, "researchAndDevelopmentExpenses": 468000000, "generalAndAdministrativeExpenses": 312000000, "sellingAndMarketingExpenses": 0.0, "otherExpenses": 142000000, "operatingExpenses": 780000000, "costAndExpenses": 2283000000, "interestExpense": 0.0, "depreciationAndAmortization": 356000000, "ebitda": 606000000, "ebitdaratio": 0.23924200552704303, "operatingIncome": 250000000, "operatingIncomeRatio": 0.0986971969996052, "totalOtherIncomeExpensesNet": 142000000, "incomeBeforeTax": 384000000, "incomeBeforeTaxRatio": 0.1515988945913936, "incomeTaxExpense": -63000000, "netIncome": 447000000, "netIncomeRatio": 0.17647058823529413, "eps": 0.39, "epsdiluted": 0.39, "weightedAverageShsOut": 1756410256, "weightedAverageShsOutDil": 1756410256, "link": "https://www.sec.gov/Archives/edgar/data/97476/000119312503067434/0001193125-03-067434-index.htm", "finalLink": "https://www.sec.gov/Archives/edgar/data/97476/000119312503067434/d10q.htm"}, {"date": "2003-06-30", "symbol": "TXN", "fillingDate": "2003-07-28", "acceptedDate": "2003-07-28 16:41:12", "period": "Q2", "revenue": 2339000000, "costOfRevenue": 1463000000, "grossProfit": 876000000, "grossProfitRatio": 0.3745190252244549, "researchAndDevelopmentExpenses": 424000000, "generalAndAdministrativeExpenses": 328000000, "sellingAndMarketingExpenses": 0.0, "otherExpenses": 37000000, "operatingExpenses": 752000000, "costAndExpenses": 2215000000, "interestExpense": 0.0, "depreciationAndAmortization": 356000000, "ebitda": 480000000, "ebitdaratio": 0.20521590423257802, "operatingIncome": 124000000, "operatingIncomeRatio": 0.05301410859341599, "totalOtherIncomeExpensesNet": 37000000, "incomeBeforeTax": 151000000, "incomeBeforeTaxRatio": 0.0645575032064985, "incomeTaxExpense": 30000000, "netIncome": 121000000, "netIncomeRatio": 0.05173150919196238, "eps": 0.14, "epsdiluted": 0.14, "weightedAverageShsOut": 1699999999, "weightedAverageShsOutDil": 1699999999, "link": "https://www.sec.gov/Archives/edgar/data/97476/000119312503024778/0001193125-03-024778-index.htm", "finalLink": "https://www.sec.gov/Archives/edgar/data/97476/000119312503024778/d10q.htm"}, {"date": "2003-03-31", "symbol": "TXN", "fillingDate": "2003-04-25", "acceptedDate": "2003-04-25 14:32:44", "period": "Q1", "revenue": 2192000000, "costOfRevenue": 1330000000, "grossProfit": 862000000, "grossProfitRatio": 0.39324817518248173, "researchAndDevelopmentExpenses": 408000000, "generalAndAdministrativeExpenses": 301000000, "sellingAndMarketingExpenses": 0.0, "otherExpenses": 14000000, "operatingExpenses": 709000000, "costAndExpenses": 2039000000, "interestExpense": 0.0, "depreciationAndAmortization": 346000000, "ebitda": 499000000, "ebitdaratio": 0.22764598540145986, "operatingIncome": 153000000, "operatingIncomeRatio": 0.0697992700729927, "totalOtherIncomeExpensesNet": 14000000, "incomeBeforeTax": 154000000, "incomeBeforeTaxRatio": 0.07025547445255474, "incomeTaxExpense": 37000000, "netIncome": 117000000, "netIncomeRatio": 0.05337591240875912, "eps": 0.07, "epsdiluted": 0.07, "weightedAverageShsOut": 1671428571, "weightedAverageShsOutDil": 1671428571, "link": "https://www.sec.gov/Archives/edgar/data/97476/000119312503002021/0001193125-03-002021-index.htm", "finalLink": "https://www.sec.gov/Archives/edgar/data/97476/000119312503002021/d10q.htm"}, {"date": "2002-12-31", "symbol": "TXN", "fillingDate": "2003-03-03", "acceptedDate": "2003-03-03 08:42:46", "period": "FY", "revenue": 2146000000, "costOfRevenue": 1377000000, "grossProfit": 769000000, "grossProfitRatio": 0.35834109972041006, "researchAndDevelopmentExpenses": 412000000, "generalAndAdministrativeExpenses": 290000000, "sellingAndMarketingExpenses": 0.0, "otherExpenses": -620000000, "operatingExpenses": 702000000, "costAndExpenses": 2079000000, "interestExpense": 0.0, "depreciationAndAmortization": 397000000, "ebitda": 464000000, "ebitdaratio": 0.21621621621621623, "operatingIncome": 67000000, "operatingIncomeRatio": 0.031220876048462257, "totalOtherIncomeExpensesNet": -620000000, "incomeBeforeTax": -567000000, "incomeBeforeTaxRatio": -0.2642124883504194, "incomeTaxExpense": 22000000, "netIncome": -589000000, "netIncomeRatio": -0.2744641192917055, "eps": -0.2, "epsdiluted": -0.2, "weightedAverageShsOut": 1720000000, "weightedAverageShsOutDil": 1720000000, "link": "https://www.sec.gov/Archives/edgar/data/97476/000093066103000885/0000930661-03-000885-index.htm", "finalLink": "https://www.sec.gov/Archives/edgar/data/97476/000093066103000885/d10k.htm"}]