[{"date": "2020-03-31", "symbol": "UAL", "fillingDate": "2020-05-04", "acceptedDate": "2020-05-04 08:41:11", "period": "Q1", "revenue": 7979000000, "costOfRevenue": 1726000000, "grossProfit": 6253000000, "grossProfitRatio": 0.7836821656849229, "researchAndDevelopmentExpenses": 0.0, "generalAndAdministrativeExpenses": 2955000000, "sellingAndMarketingExpenses": 0.0, "otherExpenses": 1748000000, "operatingExpenses": 4703000000, "costAndExpenses": 8951000000, "interestExpense": 0.0, "depreciationAndAmortization": 0.0, "ebitda": -972000000, "ebitdaratio": -0.1218197769144003, "operatingIncome": -972000000, "operatingIncomeRatio": -0.1218197769144003, "totalOtherIncomeExpensesNet": -1142000000, "incomeBeforeTax": -2114000000, "incomeBeforeTaxRatio": -0.26494548188996114, "incomeTaxExpense": -410000000, "netIncome": -1704000000, "netIncomeRatio": -0.21356059656598572, "eps": -6.86, "epsdiluted": -6.86, "weightedAverageShsOut": 248500000, "weightedAverageShsOutDil": 248500000, "link": "https://www.sec.gov/Archives/edgar/data/100517/000010051720000037/0000100517-20-000037-index.htm", "finalLink": "https://www.sec.gov/Archives/edgar/data/100517/000010051720000037/ual10q03312020.htm"}, {"date": "2019-12-31", "symbol": "UAL", "fillingDate": "2020-02-25", "acceptedDate": "2020-02-24 21:53:59", "period": "FY", "revenue": 10888000000, "costOfRevenue": 2249000000, "grossProfit": 8639000000, "grossProfitRatio": 0.7934423218221895, "researchAndDevelopmentExpenses": 0.0, "generalAndAdministrativeExpenses": 3078000000, "sellingAndMarketingExpenses": 0.0, "otherExpenses": 2047000000, "operatingExpenses": 5125000000, "costAndExpenses": 10027000000, "interestExpense": -570000000, "depreciationAndAmortization": 2288000000, "ebitda": 3149000000, "ebitdaratio": 0.289217487142, "operatingIncome": 861000000, "operatingIncomeRatio": 0.0790778839089, "totalOtherIncomeExpensesNet": -17000000, "incomeBeforeTax": 844000000, "incomeBeforeTaxRatio": 0.0775165319618, "incomeTaxExpense": 203000000, "netIncome": 641000000, "netIncomeRatio": 0.0588721528288, "eps": 2.56, "epsdiluted": 2.54, "weightedAverageShsOut": 258800000, "weightedAverageShsOutDil": 259900000, "link": "https://www.sec.gov/Archives/edgar/data/100517/000010051720000010/0000100517-20-000010-index.htm", "finalLink": "https://www.sec.gov/Archives/edgar/data/100517/000010051720000010/ual201910k.htm"}, {"date": "2019-09-30", "symbol": "UAL", "fillingDate": "2019-10-16", "acceptedDate": "2019-10-16 16:24:41", "period": "Q3", "revenue": 11380000000, "costOfRevenue": 2296000000, "grossProfit": 9084000000, "grossProfitRatio": 0.7982425307557117, "researchAndDevelopmentExpenses": 0.0, "generalAndAdministrativeExpenses": 3063000000, "sellingAndMarketingExpenses": 0.0, "otherExpenses": 2023000000, "operatingExpenses": 5086000000, "costAndExpenses": 9907000000, "interestExpense": 191000000, "depreciationAndAmortization": 0.0, "ebitda": 1473000000, "ebitdaratio": 0.129437609842, "operatingIncome": 1473000000, "operatingIncomeRatio": 0.129437609842, "totalOtherIncomeExpensesNet": -124000000, "incomeBeforeTax": 1349000000, "incomeBeforeTaxRatio": 0.118541300527, "incomeTaxExpense": 325000000, "netIncome": 1024000000, "netIncomeRatio": 0.0899824253076, "eps": 3.98, "epsdiluted": 3.97, "weightedAverageShsOut": 261000000, "weightedAverageShsOutDil": 262000000, "link": "https://www.sec.gov/Archives/edgar/data/100517/000010051719000026/0000100517-19-000026-index.htm", "finalLink": "https://www.sec.gov/Archives/edgar/data/100517/000010051719000026/ual09301910q.htm"}, {"date": "2019-06-30", "symbol": "UAL", "fillingDate": "2019-07-17", "acceptedDate": "2019-07-17 16:46:41", "period": "Q2", "revenue": 11402000000, "costOfRevenue": 2385000000, "grossProfit": 9017000000, "grossProfitRatio": 0.7908261708472197, "researchAndDevelopmentExpenses": 0.0, "generalAndAdministrativeExpenses": 3057000000, "sellingAndMarketingExpenses": 0.0, "otherExpenses": 1988000000, "operatingExpenses": 5045000000, "costAndExpenses": 9930000000, "interestExpense": 191000000, "depreciationAndAmortization": 0.0, "ebitda": 1472000000, "ebitdaratio": 0.129100157867, "operatingIncome": 1472000000, "operatingIncomeRatio": 0.129100157867, "totalOtherIncomeExpensesNet": -118000000, "incomeBeforeTax": 1354000000, "incomeBeforeTaxRatio": 0.118751096299, "incomeTaxExpense": 302000000, "netIncome": 1052000000, "netIncomeRatio": 0.0922645149974, "eps": 4.0, "epsdiluted": 3.98, "weightedAverageShsOut": 263900000, "weightedAverageShsOutDil": 264900000, "link": "https://www.sec.gov/Archives/edgar/data/100517/000010051719000021/0000100517-19-000021-index.htm", "finalLink": "https://www.sec.gov/Archives/edgar/data/100517/000010051719000021/ual06301910q.htm"}, {"date": "2019-03-31", "symbol": "UAL", "fillingDate": "2019-04-17", "acceptedDate": "2019-04-17 17:03:52", "period": "Q1", "revenue": 9589000000, "costOfRevenue": 2023000000, "grossProfit": 7566000000, "grossProfitRatio": 0.7890290958389822, "researchAndDevelopmentExpenses": 0.0, "generalAndAdministrativeExpenses": 2873000000, "sellingAndMarketingExpenses": 0.0, "otherExpenses": 1868000000, "operatingExpenses": 4741000000, "costAndExpenses": 9094000000, "interestExpense": 188000000, "depreciationAndAmortization": 0.0, "ebitda": 495000000, "ebitdaratio": 0.0516216498071, "operatingIncome": 495000000, "operatingIncomeRatio": 0.0516216498071, "totalOtherIncomeExpensesNet": -128000000, "incomeBeforeTax": 367000000, "incomeBeforeTaxRatio": 0.0382730211701, "incomeTaxExpense": 75000000, "netIncome": 292000000, "netIncomeRatio": 0.0304515590781, "eps": 1.09, "epsdiluted": 1.09, "weightedAverageShsOut": 267000000, "weightedAverageShsOutDil": 268300000, "link": "https://www.sec.gov/Archives/edgar/data/100517/000010051719000014/0000100517-19-000014-index.htm", "finalLink": "https://www.sec.gov/Archives/edgar/data/100517/000010051719000014/ual_03311910q.htm"}, {"date": "2018-12-31", "symbol": "UAL", "fillingDate": "2019-02-28", "acceptedDate": "2019-02-28 16:23:37", "period": "FY", "revenue": 10491000000, "costOfRevenue": 2380000000, "grossProfit": 8111000000, "grossProfitRatio": 0.7731388809455724, "researchAndDevelopmentExpenses": 0.0, "generalAndAdministrativeExpenses": 2924000000, "sellingAndMarketingExpenses": 0.0, "otherExpenses": 1904000000, "operatingExpenses": 4828000000, "costAndExpenses": 9839000000, "interestExpense": 189000000, "depreciationAndAmortization": 2240000000, "ebitda": 2892000000, "ebitdaratio": 0.275664855591, "operatingIncome": 652000000, "operatingIncomeRatio": 0.0621485082452, "totalOtherIncomeExpensesNet": -96000000, "incomeBeforeTax": 556000000, "incomeBeforeTaxRatio": 0.0529978076446, "incomeTaxExpense": 94000000, "netIncome": 462000000, "netIncomeRatio": 0.04403774664, "eps": 1.71, "epsdiluted": 1.71, "weightedAverageShsOut": 275500000, "weightedAverageShsOutDil": 276700000, "link": "https://www.sec.gov/Archives/edgar/data/100517/000010051719000009/0000100517-19-000009-index.htm", "finalLink": "https://www.sec.gov/Archives/edgar/data/100517/000010051719000009/ual_201810k.htm"}, {"date": "2018-09-30", "symbol": "UAL", "fillingDate": "2018-10-17", "acceptedDate": "2018-10-17 16:19:49", "period": "Q3", "revenue": 11003000000, "costOfRevenue": 2572000000, "grossProfit": 8431000000, "grossProfitRatio": 0.7662455693901663, "researchAndDevelopmentExpenses": 0.0, "generalAndAdministrativeExpenses": 2930000000, "sellingAndMarketingExpenses": 0.0, "otherExpenses": 1894000000, "operatingExpenses": 4824000000, "costAndExpenses": 9800000000, "interestExpense": 187000000, "depreciationAndAmortization": 0.0, "ebitda": 1203000000, "ebitdaratio": 0.10933381805, "operatingIncome": 1203000000, "operatingIncomeRatio": 0.10933381805, "totalOtherIncomeExpensesNet": -142000000, "incomeBeforeTax": 1061000000, "incomeBeforeTaxRatio": 0.0964282468418, "incomeTaxExpense": 225000000, "netIncome": 836000000, "netIncomeRatio": 0.0759792783786, "eps": 3.05, "epsdiluted": 3.03, "weightedAverageShsOut": 277000000, "weightedAverageShsOutDil": 278000000, "link": "https://www.sec.gov/Archives/edgar/data/100517/000010051718000028/0000100517-18-000028-index.htm", "finalLink": "https://www.sec.gov/Archives/edgar/data/100517/000010051718000028/ual_09301810q.htm"}, {"date": "2018-06-30", "symbol": "UAL", "fillingDate": "2018-07-18", "acceptedDate": "2018-07-18 16:23:51", "period": "Q2", "revenue": 10777000000, "costOfRevenue": 2390000000, "grossProfit": 8387000000, "grossProfitRatio": 0.7782314187621787, "researchAndDevelopmentExpenses": 0.0, "generalAndAdministrativeExpenses": 2878000000, "sellingAndMarketingExpenses": 0.0, "otherExpenses": 1821000000, "operatingExpenses": 4699000000, "costAndExpenses": 9616000000, "interestExpense": 177000000, "depreciationAndAmortization": 0.0, "ebitda": 1161000000, "ebitdaratio": 0.107729423773, "operatingIncome": 1161000000, "operatingIncomeRatio": 0.107729423773, "totalOtherIncomeExpensesNet": -304000000, "incomeBeforeTax": 857000000, "incomeBeforeTaxRatio": 0.079521202561, "incomeTaxExpense": 173000000, "netIncome": 684000000, "netIncomeRatio": 0.0634684977266, "eps": 2.45, "epsdiluted": 2.44, "weightedAverageShsOut": 279300000, "weightedAverageShsOutDil": 280200000, "link": "https://www.sec.gov/Archives/edgar/data/100517/000010051718000012/0000100517-18-000012-index.htm", "finalLink": "https://www.sec.gov/Archives/edgar/data/100517/000010051718000012/ual_06301810q.htm"}, {"date": "2018-03-31", "symbol": "UAL", "fillingDate": "2018-04-18", "acceptedDate": "2018-04-18 16:46:58", "period": "Q1", "revenue": 9032000000, "costOfRevenue": 1965000000, "grossProfit": 7067000000, "grossProfitRatio": 0.7824402125775022, "researchAndDevelopmentExpenses": 0.0, "generalAndAdministrativeExpenses": 2726000000, "sellingAndMarketingExpenses": 0.0, "otherExpenses": 1740000000, "operatingExpenses": 4466000000, "costAndExpenses": 8756000000, "interestExpense": 176000000, "depreciationAndAmortization": 0.0, "ebitda": 276000000, "ebitdaratio": 0.0305580159433, "operatingIncome": 276000000, "operatingIncomeRatio": 0.0305580159433, "totalOtherIncomeExpensesNet": -92000000, "incomeBeforeTax": 184000000, "incomeBeforeTaxRatio": 0.0203720106289, "incomeTaxExpense": 37000000, "netIncome": 147000000, "netIncomeRatio": 0.0162754650133, "eps": 0.52, "epsdiluted": 0.52, "weightedAverageShsOut": 283900000, "weightedAverageShsOutDil": 284900000, "link": "https://www.sec.gov/Archives/edgar/data/100517/000119312518121112/0001193125-18-121112-index.htm", "finalLink": "https://www.sec.gov/Archives/edgar/data/100517/000119312518121112/d558908d10q.htm"}, {"date": "2017-12-31", "symbol": "UAL", "fillingDate": "2018-02-22", "acceptedDate": "2018-02-22 16:59:42", "period": "FY", "revenue": 9438000000, "costOfRevenue": 1875000000, "grossProfit": 7563000000, "grossProfitRatio": 0.8013350286077559, "researchAndDevelopmentExpenses": 0.0, "generalAndAdministrativeExpenses": 2704000000, "sellingAndMarketingExpenses": 0.0, "otherExpenses": 1786000000, "operatingExpenses": 4490000000, "costAndExpenses": 8709000000, "interestExpense": 171000000, "depreciationAndAmortization": 2149000000, "ebitda": 2878000000, "ebitdaratio": 0.304937486756, "operatingIncome": 729000000, "operatingIncomeRatio": 0.0772409408773, "totalOtherIncomeExpensesNet": -129000000, "incomeBeforeTax": 600000000, "incomeBeforeTaxRatio": 0.0635727908455, "incomeTaxExpense": 20000000, "netIncome": 580000000, "netIncomeRatio": 0.0614536978173, "eps": 1.98, "epsdiluted": 1.98, "weightedAverageShsOut": 302700000, "weightedAverageShsOutDil": 303600000, "link": "https://www.sec.gov/Archives/edgar/data/100517/000119312518054235/0001193125-18-054235-index.htm", "finalLink": "https://www.sec.gov/Archives/edgar/data/100517/000119312518054235/d471340d10k.htm"}, {"date": "2017-09-30", "symbol": "UAL", "fillingDate": "2017-10-19", "acceptedDate": "2017-10-19 16:07:08", "period": "Q3", "revenue": 9878000000, "costOfRevenue": 1809000000, "grossProfit": 8069000000, "grossProfitRatio": 0.8168657623000607, "researchAndDevelopmentExpenses": 0.0, "generalAndAdministrativeExpenses": 2812000000, "sellingAndMarketingExpenses": 0.0, "otherExpenses": 1811000000, "operatingExpenses": 4623000000, "costAndExpenses": 8786000000, "interestExpense": 164000000, "depreciationAndAmortization": 0.0, "ebitda": 1092000000, "ebitdaratio": 0.110548694068, "operatingIncome": 1092000000, "operatingIncomeRatio": 0.110548694068, "totalOtherIncomeExpensesNet": -112000000, "incomeBeforeTax": 980000000, "incomeBeforeTaxRatio": 0.0992103664709, "incomeTaxExpense": 343000000, "netIncome": 637000000, "netIncomeRatio": 0.0644867382061, "eps": 2.11, "epsdiluted": 2.1, "weightedAverageShsOut": 306800000, "weightedAverageShsOutDil": 307600000, "link": "https://www.sec.gov/Archives/edgar/data/100517/000119312517313831/0001193125-17-313831-index.htm", "finalLink": "https://www.sec.gov/Archives/edgar/data/100517/000119312517313831/d437791d10q.htm"}, {"date": "2017-06-30", "symbol": "UAL", "fillingDate": "2017-07-19", "acceptedDate": "2017-07-19 16:07:13", "period": "Q2", "revenue": 10000000000, "costOfRevenue": 1669000000, "grossProfit": 8331000000, "grossProfitRatio": 0.8331, "researchAndDevelopmentExpenses": 0.0, "generalAndAdministrativeExpenses": 2868000000, "sellingAndMarketingExpenses": 0.0, "otherExpenses": 1770000000, "operatingExpenses": 4638000000, "costAndExpenses": 8601000000, "interestExpense": 158000000, "depreciationAndAmortization": 0.0, "ebitda": 1399000000, "ebitdaratio": 0.1399, "operatingIncome": 1399000000, "operatingIncomeRatio": 0.1399, "totalOtherIncomeExpensesNet": -125000000, "incomeBeforeTax": 1274000000, "incomeBeforeTaxRatio": 0.1274, "incomeTaxExpense": 456000000, "netIncome": 818000000, "netIncomeRatio": 0.0818, "eps": 2.64, "epsdiluted": 2.63, "weightedAverageShsOut": 310300000, "weightedAverageShsOutDil": 311100000, "link": "https://www.sec.gov/Archives/edgar/data/100517/000119312517231250/0001193125-17-231250-index.htm", "finalLink": "https://www.sec.gov/Archives/edgar/data/100517/000119312517231250/d414345d10q.htm"}, {"date": "2017-03-31", "symbol": "UAL", "fillingDate": "2017-04-18", "acceptedDate": "2017-04-18 16:37:07", "period": "Q1", "revenue": 8420000000, "costOfRevenue": 1560000000, "grossProfit": 6860000000, "grossProfitRatio": 0.8147268408551069, "researchAndDevelopmentExpenses": 0.0, "generalAndAdministrativeExpenses": 2661000000, "sellingAndMarketingExpenses": 0.0, "otherExpenses": 1639000000, "operatingExpenses": 4300000000, "costAndExpenses": 8142000000, "interestExpense": 150000000, "depreciationAndAmortization": 0.0, "ebitda": 278000000, "ebitdaratio": 0.0330166270784, "operatingIncome": 278000000, "operatingIncomeRatio": 0.0330166270784, "totalOtherIncomeExpensesNet": -133000000, "incomeBeforeTax": 145000000, "incomeBeforeTaxRatio": 0.0172209026128, "incomeTaxExpense": 49000000, "netIncome": 96000000, "netIncomeRatio": 0.0114014251781, "eps": 0.31, "epsdiluted": 0.31, "weightedAverageShsOut": 313700000, "weightedAverageShsOutDil": 314600000, "link": "https://www.sec.gov/Archives/edgar/data/100517/000119312517127429/0001193125-17-127429-index.htm", "finalLink": "https://www.sec.gov/Archives/edgar/data/100517/000119312517127429/d334701d10q.htm"}, {"date": "2016-12-31", "symbol": "UAL", "fillingDate": "2017-02-23", "acceptedDate": "2017-02-23 16:58:35", "period": "FY", "revenue": 9052000000, "costOfRevenue": 1555000000, "grossProfit": 7497000000, "grossProfitRatio": 0.8282147591692444, "researchAndDevelopmentExpenses": 0.0, "generalAndAdministrativeExpenses": 2568000000, "sellingAndMarketingExpenses": 0.0, "otherExpenses": 1739000000, "operatingExpenses": 4307000000, "costAndExpenses": 8047000000, "interestExpense": 148000000, "depreciationAndAmortization": 1977000000, "ebitda": 2982000000, "ebitdaratio": 0.32942996023, "operatingIncome": 1005000000, "operatingIncomeRatio": 0.111025187804, "totalOtherIncomeExpensesNet": -121000000, "incomeBeforeTax": 884000000, "incomeBeforeTaxRatio": 0.0976579761379, "incomeTaxExpense": 487000000, "netIncome": 397000000, "netIncomeRatio": 0.0438577110031, "eps": 1.29, "epsdiluted": 1.28, "weightedAverageShsOut": 329900000, "weightedAverageShsOutDil": 330300000, "link": "https://www.sec.gov/Archives/edgar/data/100517/000119312517054129/0001193125-17-054129-index.htm", "finalLink": "https://www.sec.gov/Archives/edgar/data/100517/000119312517054129/d300268d10k.htm"}, {"date": "2016-09-30", "symbol": "UAL", "fillingDate": "2016-10-17", "acceptedDate": "2016-10-17 17:18:08", "period": "Q3", "revenue": 9913000000, "costOfRevenue": 1603000000, "grossProfit": 8310000000, "grossProfitRatio": 0.8382931504085545, "researchAndDevelopmentExpenses": 0.0, "generalAndAdministrativeExpenses": 2625000000, "sellingAndMarketingExpenses": 0.0, "otherExpenses": 1776000000, "operatingExpenses": 4401000000, "costAndExpenses": 8289000000, "interestExpense": 150000000, "depreciationAndAmortization": 0.0, "ebitda": 1624000000, "ebitdaratio": 0.163825279935, "operatingIncome": 1624000000, "operatingIncomeRatio": 0.163825279935, "totalOtherIncomeExpensesNet": -114000000, "incomeBeforeTax": 1510000000, "incomeBeforeTaxRatio": 0.152325229497, "incomeTaxExpense": 545000000, "netIncome": 965000000, "netIncomeRatio": 0.0973469181882, "eps": 2.94, "epsdiluted": 2.94, "weightedAverageShsOut": 335000000, "weightedAverageShsOutDil": 335000000, "link": "https://www.sec.gov/Archives/edgar/data/100517/000119312516739859/0001193125-16-739859-index.htm", "finalLink": "https://www.sec.gov/Archives/edgar/data/100517/000119312516739859/d259980d10q.htm"}, {"date": "2016-06-30", "symbol": "UAL", "fillingDate": "2016-07-19", "acceptedDate": "2016-07-19 16:33:18", "period": "Q2", "revenue": 9396000000, "costOfRevenue": 1437000000, "grossProfit": 7959000000, "grossProfitRatio": 0.8470625798212005, "researchAndDevelopmentExpenses": 0.0, "generalAndAdministrativeExpenses": 2592000000, "sellingAndMarketingExpenses": 0.0, "otherExpenses": 1667000000, "operatingExpenses": 4259000000, "costAndExpenses": 8336000000, "interestExpense": 157000000, "depreciationAndAmortization": 0.0, "ebitda": 1060000000, "ebitdaratio": 0.112813963389, "operatingIncome": 1060000000, "operatingIncomeRatio": 0.112813963389, "totalOtherIncomeExpensesNet": -129000000, "incomeBeforeTax": 931000000, "incomeBeforeTaxRatio": 0.0990847169008, "incomeTaxExpense": 343000000, "netIncome": 588000000, "netIncomeRatio": 0.0625798212005, "eps": 1.75, "epsdiluted": 1.75, "weightedAverageShsOut": 342000000, "weightedAverageShsOutDil": 343000000, "link": "https://www.sec.gov/Archives/edgar/data/100517/000119312516651221/0001193125-16-651221-index.htm", "finalLink": "https://www.sec.gov/Archives/edgar/data/100517/000119312516651221/d188420d10q.htm"}, {"date": "2016-03-31", "symbol": "UAL", "fillingDate": "2016-04-21", "acceptedDate": "2016-04-21 17:23:39", "period": "Q1", "revenue": 8195000000, "costOfRevenue": 1218000000, "grossProfit": 6977000000, "grossProfitRatio": 0.85137278828554, "researchAndDevelopmentExpenses": 0.0, "generalAndAdministrativeExpenses": 2490000000, "sellingAndMarketingExpenses": 0.0, "otherExpenses": 1542000000, "operatingExpenses": 4032000000, "costAndExpenses": 7546000000, "interestExpense": 159000000, "depreciationAndAmortization": 0.0, "ebitda": 649000000, "ebitdaratio": 0.0791946308725, "operatingIncome": 649000000, "operatingIncomeRatio": 0.0791946308725, "totalOtherIncomeExpensesNet": -155000000, "incomeBeforeTax": 494000000, "incomeBeforeTaxRatio": 0.0602806589384, "incomeTaxExpense": 181000000, "netIncome": 313000000, "netIncomeRatio": 0.0381940207444, "eps": 0.88, "epsdiluted": 0.88, "weightedAverageShsOut": 354000000, "weightedAverageShsOutDil": 355000000, "link": "https://www.sec.gov/Archives/edgar/data/100517/000119312516550432/0001193125-16-550432-index.htm", "finalLink": "https://www.sec.gov/Archives/edgar/data/100517/000119312516550432/d116267d10q.htm"}, {"date": "2015-12-31", "symbol": "UAL", "fillingDate": "2016-02-18", "acceptedDate": "2016-02-18 17:09:20", "period": "FY", "revenue": 9036000000, "costOfRevenue": 1618000000, "grossProfit": 7418000000, "grossProfitRatio": 0.8209384683488269, "researchAndDevelopmentExpenses": 0.0, "generalAndAdministrativeExpenses": 2424000000, "sellingAndMarketingExpenses": 0.0, "otherExpenses": 1612000000, "operatingExpenses": 4036000000, "costAndExpenses": 7955000000, "interestExpense": 165000000, "depreciationAndAmortization": 1819000000, "ebitda": 2900000000, "ebitdaratio": 0.320938468349, "operatingIncome": 1081000000, "operatingIncomeRatio": 0.119632580788, "totalOtherIncomeExpensesNet": -176000000, "incomeBeforeTax": 905000000, "incomeBeforeTaxRatio": 0.100154935812, "incomeTaxExpense": 82000000, "netIncome": 823000000, "netIncomeRatio": 0.0910801239486, "eps": 2.33, "epsdiluted": 2.32, "weightedAverageShsOut": 376000000, "weightedAverageShsOutDil": 377000000, "link": "https://www.sec.gov/Archives/edgar/data/100517/000119312516468479/0001193125-16-468479-index.htm", "finalLink": "https://www.sec.gov/Archives/edgar/data/100517/000119312516468479/d13806d10k.htm"}, {"date": "2015-09-30", "symbol": "UAL", "fillingDate": "2015-10-22", "acceptedDate": "2015-10-22 09:01:19", "period": "Q3", "revenue": 10306000000, "costOfRevenue": 1934000000, "grossProfit": 8372000000, "grossProfitRatio": 0.8123423248593052, "researchAndDevelopmentExpenses": 0.0, "generalAndAdministrativeExpenses": 2534000000, "sellingAndMarketingExpenses": 0.0, "otherExpenses": 1662000000, "operatingExpenses": 4196000000, "costAndExpenses": 8407000000, "interestExpense": 164000000, "depreciationAndAmortization": 0.0, "ebitda": 1899000000, "ebitdaratio": 0.184261595187, "operatingIncome": 1899000000, "operatingIncomeRatio": 0.184261595187, "totalOtherIncomeExpensesNet": -293000000, "incomeBeforeTax": 1606000000, "incomeBeforeTaxRatio": 0.155831554434, "incomeTaxExpense": -3210000000, "netIncome": 4816000000, "netIncomeRatio": 0.467300601591, "eps": 12.73, "epsdiluted": 12.7, "weightedAverageShsOut": 379000000, "weightedAverageShsOutDil": 380000000, "link": "https://www.sec.gov/Archives/edgar/data/100517/000119312515350093/0001193125-15-350093-index.htm", "finalLink": "https://www.sec.gov/Archives/edgar/data/100517/000119312515350093/d63220d10q.htm"}, {"date": "2015-06-30", "symbol": "UAL", "fillingDate": "2015-07-23", "acceptedDate": "2015-07-23 16:45:06", "period": "Q2", "revenue": 9914000000, "costOfRevenue": 2106000000, "grossProfit": 7808000000, "grossProfitRatio": 0.7875731289086141, "researchAndDevelopmentExpenses": 0.0, "generalAndAdministrativeExpenses": 2454000000, "sellingAndMarketingExpenses": 0.0, "otherExpenses": 1648000000, "operatingExpenses": 4102000000, "costAndExpenses": 8469000000, "interestExpense": 167000000, "depreciationAndAmortization": 0.0, "ebitda": 1445000000, "ebitdaratio": 0.145753479927, "operatingIncome": 1445000000, "operatingIncomeRatio": 0.145753479927, "totalOtherIncomeExpensesNet": -248000000, "incomeBeforeTax": 1197000000, "incomeBeforeTaxRatio": 0.120738349808, "incomeTaxExpense": 4000000.0, "netIncome": 1193000000, "netIncomeRatio": 0.120334879968, "eps": 3.13, "epsdiluted": 3.13, "weightedAverageShsOut": 381000000, "weightedAverageShsOutDil": 382000000, "link": "https://www.sec.gov/Archives/edgar/data/100517/000119312515261239/0001193125-15-261239-index.htm", "finalLink": "https://www.sec.gov/Archives/edgar/data/100517/000119312515261239/d941677d10q.htm"}, {"date": "2015-03-31", "symbol": "UAL", "fillingDate": "2015-04-23", "acceptedDate": "2015-04-23 16:32:03", "period": "Q1", "revenue": 8608000000, "costOfRevenue": 1864000000, "grossProfit": 6744000000, "grossProfitRatio": 0.783457249070632, "researchAndDevelopmentExpenses": 0.0, "generalAndAdministrativeExpenses": 2301000000, "sellingAndMarketingExpenses": 0.0, "otherExpenses": 1498000000, "operatingExpenses": 3799000000, "costAndExpenses": 7867000000, "interestExpense": 173000000, "depreciationAndAmortization": 0.0, "ebitda": 741000000, "ebitdaratio": 0.0860827137546, "operatingIncome": 741000000, "operatingIncomeRatio": 0.0860827137546, "totalOtherIncomeExpensesNet": -230000000, "incomeBeforeTax": 511000000, "incomeBeforeTaxRatio": 0.0593633828996, "incomeTaxExpense": 3000000.0, "netIncome": 508000000, "netIncomeRatio": 0.0590148698885, "eps": 1.33, "epsdiluted": 1.32, "weightedAverageShsOut": 382000000, "weightedAverageShsOutDil": 384000000, "link": "https://www.sec.gov/Archives/edgar/data/100517/000119312515144255/0001193125-15-144255-index.htm", "finalLink": "https://www.sec.gov/Archives/edgar/data/100517/000119312515144255/d891332d10q.htm"}, {"date": "2014-12-31", "symbol": "UAL", "fillingDate": "2015-02-20", "acceptedDate": "2015-02-20 17:01:57", "period": "FY", "revenue": 9313000000, "costOfRevenue": 2530000000, "grossProfit": 6783000000, "grossProfitRatio": 0.7283367335981961, "researchAndDevelopmentExpenses": 0.0, "generalAndAdministrativeExpenses": 2251000000, "sellingAndMarketingExpenses": 0.0, "otherExpenses": 1502000000, "operatingExpenses": 3753000000, "costAndExpenses": 8688000000, "interestExpense": 176000000, "depreciationAndAmortization": 1679000000, "ebitda": 2304000000, "ebitdaratio": 0.24739611296, "operatingIncome": 625000000, "operatingIncomeRatio": 0.0671104907119, "totalOtherIncomeExpensesNet": -602000000, "incomeBeforeTax": 23000000, "incomeBeforeTaxRatio": 0.0024696660582, "incomeTaxExpense": -5000000.0, "netIncome": 28000000, "netIncomeRatio": 0.00300654998389, "eps": 0.08, "epsdiluted": 0.09, "weightedAverageShsOut": 371000000, "weightedAverageShsOutDil": 390000000, "link": "https://www.sec.gov/Archives/edgar/data/100517/000119312515056493/0001193125-15-056493-index.htm", "finalLink": "https://www.sec.gov/Archives/edgar/data/100517/000119312515056493/d820060d10k.htm"}, {"date": "2014-09-30", "symbol": "UAL", "fillingDate": "2014-10-23", "acceptedDate": "2014-10-23 16:06:10", "period": "Q3", "revenue": 10563000000, "costOfRevenue": 3127000000, "grossProfit": 7436000000, "grossProfitRatio": 0.7039666761336741, "researchAndDevelopmentExpenses": 0.0, "generalAndAdministrativeExpenses": 2344000000, "sellingAndMarketingExpenses": 0.0, "otherExpenses": 1615000000, "operatingExpenses": 3959000000, "costAndExpenses": 9372000000, "interestExpense": 186000000, "depreciationAndAmortization": 0.0, "ebitda": 1191000000, "ebitdaratio": 0.112752059074, "operatingIncome": 1191000000, "operatingIncomeRatio": 0.112752059074, "totalOtherIncomeExpensesNet": -271000000, "incomeBeforeTax": 920000000, "incomeBeforeTaxRatio": 0.0870964688062, "incomeTaxExpense": -4000000.0, "netIncome": 924000000, "netIncomeRatio": 0.0874751491054, "eps": 2.49, "epsdiluted": 2.37, "weightedAverageShsOut": 370000000, "weightedAverageShsOutDil": 395000000, "link": "https://www.sec.gov/Archives/edgar/data/100517/000119312514380216/0001193125-14-380216-index.htm", "finalLink": "https://www.sec.gov/Archives/edgar/data/100517/000119312514380216/d787177d10q.htm"}, {"date": "2014-06-30", "symbol": "UAL", "fillingDate": "2014-07-24", "acceptedDate": "2014-07-24 16:31:24", "period": "Q2", "revenue": 10329000000, "costOfRevenue": 3101000000, "grossProfit": 7228000000, "grossProfitRatio": 0.6997773259754091, "researchAndDevelopmentExpenses": 0.0, "generalAndAdministrativeExpenses": 2187000000, "sellingAndMarketingExpenses": 0.0, "otherExpenses": 1698000000, "operatingExpenses": 3885000000, "costAndExpenses": 9423000000, "interestExpense": 186000000, "depreciationAndAmortization": 0.0, "ebitda": 906000000, "ebitdaratio": 0.0877142027302, "operatingIncome": 906000000, "operatingIncomeRatio": 0.0877142027302, "totalOtherIncomeExpensesNet": -115000000, "incomeBeforeTax": 791000000, "incomeBeforeTaxRatio": 0.0765805015006, "incomeTaxExpense": 2000000.0, "netIncome": 789000000, "netIncomeRatio": 0.076386871914, "eps": 2.14, "epsdiluted": 2.13, "weightedAverageShsOut": 371000000, "weightedAverageShsOutDil": 392000000, "link": "https://www.sec.gov/Archives/edgar/data/100517/000119312514278970/0001193125-14-278970-index.htm", "finalLink": "https://www.sec.gov/Archives/edgar/data/100517/000119312514278970/d732259d10q.htm"}, {"date": "2014-03-31", "symbol": "UAL", "fillingDate": "2014-04-24", "acceptedDate": "2014-04-24 16:10:02", "period": "Q1", "revenue": 8696000000, "costOfRevenue": 2917000000, "grossProfit": 5779000000, "grossProfitRatio": 0.6645584176632935, "researchAndDevelopmentExpenses": 0.0, "generalAndAdministrativeExpenses": 2153000000, "sellingAndMarketingExpenses": 0.0, "otherExpenses": 1701000000, "operatingExpenses": 3854000000, "costAndExpenses": 9045000000, "interestExpense": 187000000, "depreciationAndAmortization": 0.0, "ebitda": -606000000, "ebitdaratio": -0.08206933911159263, "operatingIncome": -606000000, "operatingIncomeRatio": -0.08206933911159263, "totalOtherIncomeExpensesNet": -257000000, "incomeBeforeTax": -606000000, "incomeBeforeTaxRatio": -0.08206933911159263, "incomeTaxExpense": 3000000.0, "netIncome": -609000000, "netIncomeRatio": -0.08247562296858071, "eps": -1.66, "epsdiluted": -1.66, "weightedAverageShsOut": 371000000, "weightedAverageShsOutDil": 368000000, "link": "https://www.sec.gov/Archives/edgar/data/100517/000119312514157115/0001193125-14-157115-index.htm", "finalLink": "https://www.sec.gov/Archives/edgar/data/100517/000119312514157115/d695457d10q.htm"}, {"date": "2013-12-31", "symbol": "UAL", "fillingDate": "2014-02-20", "acceptedDate": "2014-02-20 16:12:24", "period": "FY", "revenue": 9329000000, "costOfRevenue": 2965000000, "grossProfit": 6364000000, "grossProfitRatio": 0.682173866437989, "researchAndDevelopmentExpenses": 0.0, "generalAndAdministrativeExpenses": 2114000000, "sellingAndMarketingExpenses": 0.0, "otherExpenses": 1640000000, "operatingExpenses": 3754000000, "costAndExpenses": 9094000000, "interestExpense": 193000000, "depreciationAndAmortization": 1616000000, "ebitda": 1851000000, "ebitdaratio": 0.198413549148, "operatingIncome": 235000000, "operatingIncomeRatio": 0.0251902669096, "totalOtherIncomeExpensesNet": -123000000, "incomeBeforeTax": 112000000, "incomeBeforeTaxRatio": 0.0120055740165, "incomeTaxExpense": -28000000, "netIncome": 140000000, "netIncomeRatio": 0.0150069675206, "eps": 0.39, "epsdiluted": 0.38, "weightedAverageShsOut": 348000000, "weightedAverageShsOutDil": 390000000, "link": "https://www.sec.gov/Archives/edgar/data/100517/000119312514060695/0001193125-14-060695-index.htm", "finalLink": "https://www.sec.gov/Archives/edgar/data/100517/000119312514060695/d624298d10k.htm"}, {"date": "2013-09-30", "symbol": "UAL", "fillingDate": "2013-10-24", "acceptedDate": "2013-10-24 16:26:08", "period": "Q3", "revenue": 10228000000, "costOfRevenue": 3262000000, "grossProfit": 6966000000, "grossProfitRatio": 0.681071568244036, "researchAndDevelopmentExpenses": 0.0, "generalAndAdministrativeExpenses": 2209000000, "sellingAndMarketingExpenses": 0.0, "otherExpenses": 1739000000, "operatingExpenses": 3948000000, "costAndExpenses": 9720000000, "interestExpense": 195000000, "depreciationAndAmortization": 0.0, "ebitda": 508000000, "ebitdaratio": 0.0496675791944, "operatingIncome": 508000000, "operatingIncomeRatio": 0.0496675791944, "totalOtherIncomeExpensesNet": -126000000, "incomeBeforeTax": 382000000, "incomeBeforeTaxRatio": 0.037348455221, "incomeTaxExpense": 3000000.0, "netIncome": 379000000, "netIncomeRatio": 0.0370551427454, "eps": 1.1, "epsdiluted": 1.0, "weightedAverageShsOut": 343000000, "weightedAverageShsOutDil": 390000000, "link": "https://www.sec.gov/Archives/edgar/data/100517/000119312513409916/0001193125-13-409916-index.htm", "finalLink": "https://www.sec.gov/Archives/edgar/data/100517/000119312513409916/d578285d10q.htm"}, {"date": "2013-06-30", "symbol": "UAL", "fillingDate": "2013-07-25", "acceptedDate": "2013-07-25 16:12:21", "period": "Q2", "revenue": 10001000000, "costOfRevenue": 3068000000, "grossProfit": 6933000000, "grossProfitRatio": 0.6932306769323068, "researchAndDevelopmentExpenses": 0.0, "generalAndAdministrativeExpenses": 2175000000, "sellingAndMarketingExpenses": 0.0, "otherExpenses": 1661000000, "operatingExpenses": 3836000000, "costAndExpenses": 9231000000, "interestExpense": 194000000, "depreciationAndAmortization": 0.0, "ebitda": 770000000, "ebitdaratio": 0.0769923007699, "operatingIncome": 770000000, "operatingIncomeRatio": 0.0769923007699, "totalOtherIncomeExpensesNet": -299000000, "incomeBeforeTax": 471000000, "incomeBeforeTaxRatio": 0.047095290471, "incomeTaxExpense": 2000000.0, "netIncome": 469000000, "netIncomeRatio": 0.046895310469, "eps": 1.41, "epsdiluted": 1.41, "weightedAverageShsOut": 337000000, "weightedAverageShsOutDil": 337000000, "link": "https://www.sec.gov/Archives/edgar/data/100517/000119312513302696/0001193125-13-302696-index.htm", "finalLink": "https://www.sec.gov/Archives/edgar/data/100517/000119312513302696/d552832d10q.htm"}, {"date": "2013-03-31", "symbol": "UAL", "fillingDate": "2013-04-25", "acceptedDate": "2013-04-25 16:10:17", "period": "Q1", "revenue": 8721000000, "costOfRevenue": 3050000000, "grossProfit": 5671000000, "grossProfitRatio": 0.6502694645109506, "researchAndDevelopmentExpenses": 0.0, "generalAndAdministrativeExpenses": 2127000000, "sellingAndMarketingExpenses": 0.0, "otherExpenses": 1545000000, "operatingExpenses": 3672000000, "costAndExpenses": 8985000000, "interestExpense": 201000000, "depreciationAndAmortization": 0.0, "ebitda": -426000000, "ebitdaratio": -0.056356660933985975, "operatingIncome": -426000000, "operatingIncomeRatio": -0.056356660933985975, "totalOtherIncomeExpensesNet": -162000000, "incomeBeforeTax": -426000000, "incomeBeforeTaxRatio": -0.056356660933985975, "incomeTaxExpense": -9000000.0, "netIncome": -417000000, "netIncomeRatio": -0.05516602725228205, "eps": -1.26, "epsdiluted": -1.26, "weightedAverageShsOut": 337000000, "weightedAverageShsOutDil": 332000000, "link": "https://www.sec.gov/Archives/edgar/data/100517/000119312513173707/0001193125-13-173707-index.htm", "finalLink": "https://www.sec.gov/Archives/edgar/data/100517/000119312513173707/d507587d10q.htm"}, {"date": "2012-12-31", "symbol": "UAL", "fillingDate": "2013-02-25", "acceptedDate": "2013-02-25 17:26:52", "period": "FY", "revenue": 8702000000, "costOfRevenue": 5709000000, "grossProfit": 2993000000, "grossProfitRatio": 0.3439439209377155, "researchAndDevelopmentExpenses": 0.0, "generalAndAdministrativeExpenses": 1986000000, "sellingAndMarketingExpenses": 0.0, "otherExpenses": 1528000000, "operatingExpenses": 3514000000, "costAndExpenses": 9167000000, "interestExpense": 204000000, "depreciationAndAmortization": 334000000, "ebitda": 1088000000, "ebitdaratio": 0.07257687946100994, "operatingIncome": 754000000, "operatingIncomeRatio": 0.05029684477353079, "totalOtherIncomeExpensesNet": -167000000, "incomeBeforeTax": 522000000, "incomeBeforeTaxRatio": 0.034820892535521314, "incomeTaxExpense": -5000000.0, "netIncome": 527000000, "netIncomeRatio": 0.03515442598892669, "eps": -1.87, "epsdiluted": -1.87, "weightedAverageShsOut": 331000000, "weightedAverageShsOutDil": 331000000, "link": "https://www.sec.gov/Archives/edgar/data/100517/000119312513074391/0001193125-13-074391-index.htm", "finalLink": "https://www.sec.gov/Archives/edgar/data/100517/000119312513074391/d436512d10k.htm"}, {"date": "2012-09-30", "symbol": "UAL", "fillingDate": "2012-10-25", "acceptedDate": "2012-10-25 17:04:22", "period": "Q3", "revenue": 9909000000, "costOfRevenue": 6272000000, "grossProfit": 3637000000, "grossProfitRatio": 0.3670400645877485, "researchAndDevelopmentExpenses": 0.0, "generalAndAdministrativeExpenses": 2038000000, "sellingAndMarketingExpenses": 0.0, "otherExpenses": 1526000000, "operatingExpenses": 3564000000, "costAndExpenses": 9709000000, "interestExpense": 202000000, "depreciationAndAmortization": 334000000, "ebitda": 534000000, "ebitdaratio": 0.0538904026642, "operatingIncome": 200000000, "operatingIncomeRatio": 0.0201836714098, "totalOtherIncomeExpensesNet": -185000000, "incomeBeforeTax": 15000000, "incomeBeforeTaxRatio": 0.00151377535574, "incomeTaxExpense": 9000000.0, "netIncome": 6000000.0, "netIncomeRatio": 0.000605510142295, "eps": 0.02, "epsdiluted": 0.02, "weightedAverageShsOut": 331000000, "weightedAverageShsOutDil": 331000000, "link": "https://www.sec.gov/Archives/edgar/data/100517/000119312512435658/0001193125-12-435658-index.htm", "finalLink": "https://www.sec.gov/Archives/edgar/data/100517/000119312512435658/d408868d10q.htm"}, {"date": "2012-06-30", "symbol": "UAL", "fillingDate": "2012-07-26", "acceptedDate": "2012-07-26 16:53:16", "period": "Q2", "revenue": 9939000000, "costOfRevenue": 2384000000, "grossProfit": 7555000000, "grossProfitRatio": 0.7601368346916189, "researchAndDevelopmentExpenses": 0.0, "generalAndAdministrativeExpenses": 2024000000, "sellingAndMarketingExpenses": 0.0, "otherExpenses": 1519000000, "operatingExpenses": 3543000000, "costAndExpenses": 9364000000, "interestExpense": 213000000, "depreciationAndAmortization": 297000000, "ebitda": 872000000, "ebitdaratio": 0.0877351846262, "operatingIncome": 575000000, "operatingIncomeRatio": 0.0578529027065, "totalOtherIncomeExpensesNet": -235000000, "incomeBeforeTax": 340000000, "incomeBeforeTaxRatio": 0.0342086729047, "incomeTaxExpense": 1000000.0, "netIncome": 339000000, "netIncomeRatio": 0.0341080591609, "eps": -0.33, "epsdiluted": -0.33, "weightedAverageShsOut": 331000000, "weightedAverageShsOutDil": 331000000, "link": "https://www.sec.gov/Archives/edgar/data/100517/000119312512316988/0001193125-12-316988-index.htm", "finalLink": "https://www.sec.gov/Archives/edgar/data/100517/000119312512316988/d362561d10q.htm"}, {"date": "2012-03-31", "symbol": "UAL", "fillingDate": "2012-04-27", "acceptedDate": "2012-04-26 18:00:30", "period": "Q1", "revenue": 8602000000, "costOfRevenue": 1387000000, "grossProfit": 7215000000, "grossProfitRatio": 0.8387584282724948, "researchAndDevelopmentExpenses": 0.0, "generalAndAdministrativeExpenses": 1897000000, "sellingAndMarketingExpenses": 0.0, "otherExpenses": 1460000000, "operatingExpenses": 3357000000, "costAndExpenses": 8873000000, "interestExpense": 216000000, "depreciationAndAmortization": 310000000, "ebitda": 39000000, "ebitdaratio": 0.00453382934201, "operatingIncome": 40000000, "operatingIncomeRatio": 0.011514104778353483, "totalOtherIncomeExpensesNet": -176000000, "incomeBeforeTax": -9000000.0, "incomeBeforeTaxRatio": -0.0025906735751295338, "incomeTaxExpense": 1000000.0, "netIncome": -8000000.0, "netIncomeRatio": -0.002302820955670697, "eps": 0.0, "epsdiluted": 0.0, "weightedAverageShsOut": 331000000, "weightedAverageShsOutDil": 330000000, "link": "https://www.sec.gov/Archives/edgar/data/100517/000119312512186734/0001193125-12-186734-index.htm", "finalLink": "https://www.sec.gov/Archives/edgar/data/100517/000119312512186734/d316621d10q.htm"}, {"date": "2011-12-31", "symbol": "UAL", "fillingDate": "2012-02-22", "acceptedDate": "2012-02-22 17:19:36", "period": "FY", "revenue": 8928000000, "costOfRevenue": 3105000000, "grossProfit": 5823000000, "grossProfitRatio": 0.6522177419354839, "researchAndDevelopmentExpenses": 0.0, "generalAndAdministrativeExpenses": 1910000000, "sellingAndMarketingExpenses": 0.0, "otherExpenses": 1493000000, "operatingExpenses": 3403000000, "costAndExpenses": 8883000000, "interestExpense": 218000000, "depreciationAndAmortization": 375000000, "ebitda": 420000000, "ebitdaratio": 0.0470430107527, "operatingIncome": 45000000, "operatingIncomeRatio": 0.00504032258065, "totalOtherIncomeExpensesNet": -191000000, "incomeBeforeTax": -146000000, "incomeBeforeTaxRatio": -0.019025280166796978, "incomeTaxExpense": -8000000.0, "netIncome": -138000000, "netIncomeRatio": -0.017982799061767005, "eps": -0.42, "epsdiluted": -0.33, "weightedAverageShsOut": 329000000, "weightedAverageShsOutDil": 383000000, "link": "https://www.sec.gov/Archives/edgar/data/100517/000119312512073010/0001193125-12-073010-index.htm", "finalLink": "https://www.sec.gov/Archives/edgar/data/100517/000119312512073010/d260625d10k.htm"}, {"date": "2011-09-30", "symbol": "UAL", "fillingDate": "2011-10-27", "acceptedDate": "2011-10-27 16:40:51", "period": "Q3", "revenue": 10171000000, "costOfRevenue": 3371000000, "grossProfit": 6800000000, "grossProfitRatio": 0.6685674958214531, "researchAndDevelopmentExpenses": 0.0, "generalAndAdministrativeExpenses": 2020000000, "sellingAndMarketingExpenses": 0.0, "otherExpenses": 1544000000, "operatingExpenses": 3564000000, "costAndExpenses": 9236000000, "interestExpense": 227000000, "depreciationAndAmortization": 332000000, "ebitda": 1267000000, "ebitdaratio": 0.124569855471, "operatingIncome": 935000000, "operatingIncomeRatio": 0.0919280306754, "totalOtherIncomeExpensesNet": -275000000, "incomeBeforeTax": 660000000, "incomeBeforeTaxRatio": 0.0648903745944, "incomeTaxExpense": 7000000.0, "netIncome": 653000000, "netIncomeRatio": 0.0642021433487, "eps": 1.98, "epsdiluted": 1.71, "weightedAverageShsOut": 329000000, "weightedAverageShsOutDil": 396000000, "link": "https://www.sec.gov/Archives/edgar/data/100517/000119312511284246/0001193125-11-284246-index.htm", "finalLink": "https://www.sec.gov/Archives/edgar/data/100517/000119312511284246/d238585d10q.htm"}, {"date": "2011-06-30", "symbol": "UAL", "fillingDate": "2011-07-26", "acceptedDate": "2011-07-25 21:43:05", "period": "Q2", "revenue": 9809000000, "costOfRevenue": 3227000000, "grossProfit": 6582000000, "grossProfitRatio": 0.6710164134978082, "researchAndDevelopmentExpenses": 0.0, "generalAndAdministrativeExpenses": 1916000000, "sellingAndMarketingExpenses": 0.0, "otherExpenses": 1514000000, "operatingExpenses": 3430000000, "costAndExpenses": 9001000000, "interestExpense": 250000000, "depreciationAndAmortization": 266000000, "ebitda": 1074000000, "ebitdaratio": 0.109491283515, "operatingIncome": 808000000, "operatingIncomeRatio": 0.0823733306147, "totalOtherIncomeExpensesNet": -266000000, "incomeBeforeTax": 542000000, "incomeBeforeTaxRatio": 0.0552553777143, "incomeTaxExpense": 4000000.0, "netIncome": 538000000, "netIncomeRatio": 0.0548475889489, "eps": 1.63, "epsdiluted": 1.53, "weightedAverageShsOut": 329000000, "weightedAverageShsOutDil": 383000000, "link": "https://www.sec.gov/Archives/edgar/data/100517/000119312511196459/0001193125-11-196459-index.htm", "finalLink": "https://www.sec.gov/Archives/edgar/data/100517/000119312511196459/d10q.htm"}, {"date": "2011-03-31", "symbol": "UAL", "fillingDate": "2011-04-21", "acceptedDate": "2011-04-21 17:02:48", "period": "Q1", "revenue": 8202000000, "costOfRevenue": 2672000000, "grossProfit": 5530000000, "grossProfitRatio": 0.6742257985857109, "researchAndDevelopmentExpenses": 0.0, "generalAndAdministrativeExpenses": 1806000000, "sellingAndMarketingExpenses": 0.0, "otherExpenses": 1487000000, "operatingExpenses": 3293000000, "costAndExpenses": 8168000000, "interestExpense": 254000000, "depreciationAndAmortization": 388000000, "ebitda": 422000000, "ebitdaratio": 0.0514508656425, "operatingIncome": 34000000, "operatingIncomeRatio": 0.00414533040722, "totalOtherIncomeExpensesNet": -245000000, "incomeBeforeTax": -211000000, "incomeBeforeTaxRatio": -0.029358564074022542, "incomeTaxExpense": 2000000.0, "netIncome": -213000000, "netIncomeRatio": -0.029636844302212327, "eps": -0.65, "epsdiluted": -0.65, "weightedAverageShsOut": 329000000, "weightedAverageShsOutDil": 383000000, "link": "https://www.sec.gov/Archives/edgar/data/100517/000119312511105320/0001193125-11-105320-index.htm", "finalLink": "https://www.sec.gov/Archives/edgar/data/100517/000119312511105320/d10q.htm"}, {"date": "2010-12-31", "symbol": "UAL", "fillingDate": "2011-02-22", "acceptedDate": "2011-02-22 17:26:02", "period": "FY", "revenue": 8433000000, "costOfRevenue": 6505000000, "grossProfit": 1928000000, "grossProfitRatio": 0.22862563737697142, "researchAndDevelopmentExpenses": 0.0, "generalAndAdministrativeExpenses": 1949000000, "sellingAndMarketingExpenses": 0.0, "otherExpenses": 2479000000, "operatingExpenses": 1949000000, "costAndExpenses": 1949000000, "interestExpense": 278000000, "depreciationAndAmortization": 463000000, "ebitda": 401000000, "ebitdaratio": 0.0475512866121, "operatingIncome": -62000000, "operatingIncomeRatio": -0.043878273177636234, "totalOtherIncomeExpensesNet": -263000000, "incomeBeforeTax": -325000000, "incomeBeforeTaxRatio": -0.2300070771408351, "incomeTaxExpense": 7000000.0, "netIncome": -325000000, "netIncomeRatio": -0.2300070771408351, "eps": -2.22, "epsdiluted": -1.7, "weightedAverageShsOut": 329000000, "weightedAverageShsOutDil": 383000000, "link": "https://www.sec.gov/Archives/edgar/data/100517/000119312511042335/0001193125-11-042335-index.htm", "finalLink": "https://www.sec.gov/Archives/edgar/data/100517/000119312511042335/d10k.htm"}, {"date": "2010-09-30", "symbol": "UAL", "fillingDate": "2010-10-21", "acceptedDate": "2010-10-21 16:57:48", "period": "Q3", "revenue": 5394000000, "costOfRevenue": 64000000, "grossProfit": 5330000000, "grossProfitRatio": 0.9881349647756766, "researchAndDevelopmentExpenses": 0.0, "generalAndAdministrativeExpenses": 1085000000, "sellingAndMarketingExpenses": 0.0, "otherExpenses": 244000000, "operatingExpenses": 1085000000, "costAndExpenses": 1085000000, "interestExpense": 171000000, "depreciationAndAmortization": 224000000, "ebitda": 759000000, "ebitdaratio": 0.140711902113, "operatingIncome": 535000000, "operatingIncomeRatio": 0.0991842788283, "totalOtherIncomeExpensesNet": -149000000, "incomeBeforeTax": 386000000, "incomeBeforeTaxRatio": 0.0715609936967, "incomeTaxExpense": 0.0, "netIncome": 387000000, "netIncomeRatio": 0.0717463848721, "eps": 2.3, "epsdiluted": 1.82, "weightedAverageShsOut": 329000000, "weightedAverageShsOutDil": 383000000, "link": "https://www.sec.gov/Archives/edgar/data/100517/000119312510233734/0001193125-10-233734-index.htm", "finalLink": "https://www.sec.gov/Archives/edgar/data/100517/000119312510233734/d10q.htm"}, {"date": "2010-06-30", "symbol": "UAL", "fillingDate": "2010-07-20", "acceptedDate": "2010-07-20 16:35:09", "period": "Q2", "revenue": 4134868000, "costOfRevenue": 61000000, "grossProfit": 4073868000, "grossProfitRatio": 0.9852474129766657, "researchAndDevelopmentExpenses": 0.0, "generalAndAdministrativeExpenses": -265763000, "sellingAndMarketingExpenses": 0.0, "otherExpenses": 239000000, "operatingExpenses": 239000000, "costAndExpenses": 300000000, "interestExpense": 349000000, "depreciationAndAmortization": 241321000, "ebitda": 507551000, "ebitdaratio": 0.12274902125, "operatingIncome": 266230000, "operatingIncomeRatio": 0.0643865777577, "totalOtherIncomeExpensesNet": -314000000, "incomeBeforeTax": 271000000, "incomeBeforeTaxRatio": 1.138655462184874, "incomeTaxExpense": -1000000.0, "netIncome": 98861000, "netIncomeRatio": 0.023909106651, "eps": 0.94, "epsdiluted": 0.76, "weightedAverageShsOut": 329000000, "weightedAverageShsOutDil": 383000000, "link": "https://www.sec.gov/Archives/edgar/data/100517/000119312510161812/0001193125-10-161812-index.htm", "finalLink": "https://www.sec.gov/Archives/edgar/data/100517/000119312510161812/d10q.htm"}, {"date": "2010-03-31", "symbol": "UAL", "fillingDate": "2010-04-27", "acceptedDate": "2010-04-27 16:47:43", "period": "Q1", "revenue": 218000000, "costOfRevenue": 57000000, "grossProfit": 161000000, "grossProfitRatio": 0.7385321100917431, "researchAndDevelopmentExpenses": 0.0, "generalAndAdministrativeExpenses": 0.0, "sellingAndMarketingExpenses": 0.0, "otherExpenses": 208000000, "operatingExpenses": 208000000, "costAndExpenses": 265000000, "interestExpense": 178000000, "depreciationAndAmortization": 213000000, "ebitda": 282000000, "ebitdaratio": 1.2935779816513762, "operatingIncome": 69000000, "operatingIncomeRatio": 0.3165137614678899, "totalOtherIncomeExpensesNet": 0.0, "incomeBeforeTax": -82000000, "incomeBeforeTaxRatio": -0.3761467889908257, "incomeTaxExpense": 1000000.0, "netIncome": -82000000, "netIncomeRatio": -0.3761467889908257, "eps": -0.49, "epsdiluted": -0.49, "weightedAverageShsOut": 167346938, "weightedAverageShsOutDil": 167346938, "link": "https://www.sec.gov/Archives/edgar/data/100517/000119312510094960/0001193125-10-094960-index.htm", "finalLink": "https://www.sec.gov/Archives/edgar/data/100517/000119312510094960/d10q.htm"}, {"date": "2009-12-31", "symbol": "UAL", "fillingDate": "2010-02-26", "acceptedDate": "2010-02-26 06:09:09", "period": "FY", "revenue": 214000000, "costOfRevenue": 58000000, "grossProfit": 156000000, "grossProfitRatio": 0.7289719626168224, "researchAndDevelopmentExpenses": 0.0, "generalAndAdministrativeExpenses": 0.0, "sellingAndMarketingExpenses": 0.0, "otherExpenses": 257000000, "operatingExpenses": 257000000, "costAndExpenses": 315000000, "interestExpense": 162000000, "depreciationAndAmortization": 227000000, "ebitda": 153000000, "ebitdaratio": 0.7149532710280374, "operatingIncome": -74000000, "operatingIncomeRatio": -0.34579439252336447, "totalOtherIncomeExpensesNet": 0.0, "incomeBeforeTax": -212000000, "incomeBeforeTaxRatio": -0.9906542056074766, "incomeTaxExpense": -17000000, "netIncome": -240000000, "netIncomeRatio": -1.1214953271028036, "eps": -4.32, "epsdiluted": -4.32, "weightedAverageShsOut": 150694444, "weightedAverageShsOutDil": 150694444, "link": "https://www.sec.gov/Archives/edgar/data/100517/000119312510041523/0001193125-10-041523-index.htm", "finalLink": "https://www.sec.gov/Archives/edgar/data/100517/000119312510041523/d10k.htm"}, {"date": "2009-09-30", "symbol": "UAL", "fillingDate": "2009-10-21", "acceptedDate": "2009-10-21 17:14:03", "period": "Q3", "revenue": 197000000, "costOfRevenue": 59000000, "grossProfit": 138000000, "grossProfitRatio": 0.700507614213198, "researchAndDevelopmentExpenses": 0.0, "generalAndAdministrativeExpenses": 0.0, "sellingAndMarketingExpenses": 0.0, "otherExpenses": 239000000, "operatingExpenses": 239000000, "costAndExpenses": 298000000, "interestExpense": 146000000, "depreciationAndAmortization": 220000000, "ebitda": 308000000, "ebitdaratio": 1.5634517766497462, "operatingIncome": 88000000, "operatingIncomeRatio": 0.4467005076142132, "totalOtherIncomeExpensesNet": 0.0, "incomeBeforeTax": -62000000, "incomeBeforeTaxRatio": -0.3147208121827411, "incomeTaxExpense": 0.0, "netIncome": -57000000, "netIncomeRatio": -0.2893401015228426, "eps": -2.83, "epsdiluted": -2.83, "weightedAverageShsOut": 145229681, "weightedAverageShsOutDil": 145229681, "link": "https://www.sec.gov/Archives/edgar/data/100517/000114036109023635/0001140361-09-023635-index.htm", "finalLink": "https://www.sec.gov/Archives/edgar/data/100517/000114036109023635/form10q.htm"}, {"date": "2009-06-30", "symbol": "UAL", "fillingDate": "2009-07-23", "acceptedDate": "2009-07-22 18:31:21", "period": "Q2", "revenue": 204000000, "costOfRevenue": 60000000, "grossProfit": 144000000, "grossProfitRatio": 0.7058823529411765, "researchAndDevelopmentExpenses": 0.0, "generalAndAdministrativeExpenses": 0.0, "sellingAndMarketingExpenses": 0.0, "otherExpenses": 222000000, "operatingExpenses": 222000000, "costAndExpenses": 282000000, "interestExpense": 135000000, "depreciationAndAmortization": 222000000, "ebitda": 328000000, "ebitdaratio": 1.607843137254902, "operatingIncome": 106000000, "operatingIncomeRatio": 0.5196078431372549, "totalOtherIncomeExpensesNet": 0.0, "incomeBeforeTax": 13000000, "incomeBeforeTaxRatio": 0.06372549019607843, "incomeTaxExpense": 29000000, "netIncome": 27000000, "netIncomeRatio": 0.1323529411764706, "eps": -2.44, "epsdiluted": -2.44, "weightedAverageShsOut": 145081967, "weightedAverageShsOutDil": 145081967, "link": "https://www.sec.gov/Archives/edgar/data/100517/000095012309024435/0000950123-09-024435-index.htm", "finalLink": "https://www.sec.gov/Archives/edgar/data/100517/000095012309024435/c88119e10vq.htm"}, {"date": "2009-03-31", "symbol": "UAL", "fillingDate": "2009-04-27", "acceptedDate": "2009-04-24 18:00:32", "period": "Q1", "revenue": 210000000, "costOfRevenue": 53000000, "grossProfit": 157000000, "grossProfitRatio": 0.7476190476190476, "researchAndDevelopmentExpenses": 0.0, "generalAndAdministrativeExpenses": 0.0, "sellingAndMarketingExpenses": 0.0, "otherExpenses": 238000000, "operatingExpenses": 238000000, "costAndExpenses": 291000000, "interestExpense": 134000000, "depreciationAndAmortization": 233000000, "ebitda": -48000000, "ebitdaratio": -0.22857142857142856, "operatingIncome": -281000000, "operatingIncomeRatio": -1.338095238095238, "totalOtherIncomeExpensesNet": 0.0, "incomeBeforeTax": -411000000, "incomeBeforeTaxRatio": -1.957142857142857, "incomeTaxExpense": -29000000, "netIncome": -381000000, "netIncomeRatio": -1.8142857142857143, "eps": 0.0, "epsdiluted": 0.0, "weightedAverageShsOut": 126699834000, "weightedAverageShsOutDil": 126699834000, "link": "https://www.sec.gov/Archives/edgar/data/100517/000136231009005843/0001362310-09-005843-index.htm", "finalLink": "https://www.sec.gov/Archives/edgar/data/100517/000136231009005843/c84219e10vq.htm"}, {"date": "2008-12-31", "symbol": "UAL", "fillingDate": "2009-03-02", "acceptedDate": "2009-03-02 17:13:27", "period": "FY", "revenue": 202000000, "costOfRevenue": 68000000, "grossProfit": 134000000, "grossProfitRatio": 0.6633663366336634, "researchAndDevelopmentExpenses": 0.0, "generalAndAdministrativeExpenses": 0.0, "sellingAndMarketingExpenses": 0.0, "otherExpenses": 263000000, "operatingExpenses": 263000000, "costAndExpenses": 331000000, "interestExpense": 131000000, "depreciationAndAmortization": 262000000, "ebitda": -550000000, "ebitdaratio": -2.722772277227723, "operatingIncome": -812000000, "operatingIncomeRatio": -4.01980198019802, "totalOtherIncomeExpensesNet": 0.0, "incomeBeforeTax": -1300000000, "incomeBeforeTaxRatio": -6.435643564356436, "incomeTaxExpense": 5000000.0, "netIncome": -1303000000, "netIncomeRatio": -6.4504950495049505, "eps": -0.04221, "epsdiluted": -0.04221, "weightedAverageShsOut": 126699834000, "weightedAverageShsOutDil": 126699834000, "link": "https://www.sec.gov/Archives/edgar/data/100517/000095013709001460/0000950137-09-001460-index.htm", "finalLink": "https://www.sec.gov/Archives/edgar/data/100517/000095013709001460/c49215e10vk.htm"}, {"date": "2008-09-30", "symbol": "UAL", "fillingDate": "2008-10-24", "acceptedDate": "2008-10-24 17:07:47", "period": "Q3", "revenue": 232000000, "costOfRevenue": 75000000, "grossProfit": 157000000, "grossProfitRatio": 0.6767241379310345, "researchAndDevelopmentExpenses": 0.0, "generalAndAdministrativeExpenses": 0.0, "sellingAndMarketingExpenses": 0.0, "otherExpenses": 275000000, "operatingExpenses": 275000000, "costAndExpenses": 350000000, "interestExpense": 131000000, "depreciationAndAmortization": 234000000, "ebitda": -257000000, "ebitdaratio": -1.1077586206896552, "operatingIncome": -491000000, "operatingIncomeRatio": -2.1163793103448274, "totalOtherIncomeExpensesNet": 0.0, "incomeBeforeTax": -778000000, "incomeBeforeTaxRatio": -3.353448275862069, "incomeTaxExpense": 2000000.0, "netIncome": -779000000, "netIncomeRatio": -3.3577586206896552, "eps": -0.03234, "epsdiluted": -0.03234, "weightedAverageShsOut": 125077303000, "weightedAverageShsOutDil": 125077303000, "link": "https://www.sec.gov/Archives/edgar/data/100517/000136231008006184/0001362310-08-006184-index.htm", "finalLink": "https://www.sec.gov/Archives/edgar/data/100517/000136231008006184/c76278e10vq.htm"}, {"date": "2008-06-30", "symbol": "UAL", "fillingDate": "2008-07-24", "acceptedDate": "2008-07-23 18:57:14", "period": "Q2", "revenue": 238000000, "costOfRevenue": 65000000, "grossProfit": 173000000, "grossProfitRatio": 0.726890756302521, "researchAndDevelopmentExpenses": 0.0, "generalAndAdministrativeExpenses": 0.0, "sellingAndMarketingExpenses": 0.0, "otherExpenses": 252000000, "operatingExpenses": 252000000, "costAndExpenses": 317000000, "interestExpense": 126000000, "depreciationAndAmortization": 216000000, "ebitda": -2478000000, "ebitdaratio": -10.411764705882353, "operatingIncome": -2694000000, "operatingIncomeRatio": -11.319327731092438, "totalOtherIncomeExpensesNet": 0.0, "incomeBeforeTax": -2759000000, "incomeBeforeTaxRatio": -11.592436974789916, "incomeTaxExpense": -32000000, "netIncome": -2729000000, "netIncomeRatio": -11.466386554621849, "eps": -0.02633, "epsdiluted": -0.02633, "weightedAverageShsOut": 124041017000, "weightedAverageShsOutDil": 124041017000, "link": "https://www.sec.gov/Archives/edgar/data/100517/000104746908008342/0001047469-08-008342-index.htm", "finalLink": "https://www.sec.gov/Archives/edgar/data/100517/000104746908008342/a2186941z10-q.htm"}, {"date": "2008-03-31", "symbol": "UAL", "fillingDate": "2008-05-09", "acceptedDate": "2008-05-09 16:45:35", "period": "Q1", "revenue": 233000000, "costOfRevenue": 64000000, "grossProfit": 169000000, "grossProfitRatio": 0.7253218884120172, "researchAndDevelopmentExpenses": 0.0, "generalAndAdministrativeExpenses": 0.0, "sellingAndMarketingExpenses": 0.0, "otherExpenses": 289000000, "operatingExpenses": 289000000, "costAndExpenses": 353000000, "interestExpense": 135000000, "depreciationAndAmortization": 220000000, "ebitda": -221000000, "ebitdaratio": -0.9484978540772532, "operatingIncome": -441000000, "operatingIncomeRatio": -1.8927038626609443, "totalOtherIncomeExpensesNet": 0.0, "incomeBeforeTax": -542000000, "incomeBeforeTaxRatio": -2.3261802575107295, "incomeTaxExpense": 0.0, "netIncome": -537000000, "netIncomeRatio": -2.3047210300429186, "eps": -4.45, "epsdiluted": -4.45, "weightedAverageShsOut": 120674157, "weightedAverageShsOutDil": 120674157, "link": "https://www.sec.gov/Archives/edgar/data/100517/000104746908006315/0001047469-08-006315-index.htm", "finalLink": "https://www.sec.gov/Archives/edgar/data/100517/000104746908006315/a2185598z10-q.htm"}, {"date": "2007-12-31", "symbol": "UAL", "fillingDate": "2008-02-29", "acceptedDate": "2008-02-28 19:00:19", "period": "FY", "revenue": 245000000, "costOfRevenue": 78000000, "grossProfit": 167000000, "grossProfitRatio": 0.6816326530612244, "researchAndDevelopmentExpenses": 0.0, "generalAndAdministrativeExpenses": 0.0, "sellingAndMarketingExpenses": 0.0, "otherExpenses": 300000000, "operatingExpenses": 300000000, "costAndExpenses": 378000000, "interestExpense": 155000000, "depreciationAndAmortization": 231000000, "ebitda": 167000000, "ebitdaratio": 0.6816326530612244, "operatingIncome": -64000000, "operatingIncomeRatio": -0.2612244897959184, "totalOtherIncomeExpensesNet": 0.0, "incomeBeforeTax": -101000000, "incomeBeforeTaxRatio": -0.4122448979591837, "incomeTaxExpense": -43000000, "netIncome": -53000000, "netIncomeRatio": -0.2163265306122449, "eps": 3.34, "epsdiluted": 3.34, "weightedAverageShsOut": 120658682, "weightedAverageShsOutDil": 120658682, "link": "https://www.sec.gov/Archives/edgar/data/100517/000104746908001951/0001047469-08-001951-index.htm", "finalLink": "https://www.sec.gov/Archives/edgar/data/100517/000104746908001951/a2182991z10-k.htm"}, {"date": "2007-10-08", "symbol": "UAL", "fillingDate": "2007-10-31", "acceptedDate": "2007-10-31 16:32:03", "period": "Q3", "revenue": 240000000, "costOfRevenue": 68000000, "grossProfit": 172000000, "grossProfitRatio": 0.7166666666666667, "researchAndDevelopmentExpenses": 0.0, "generalAndAdministrativeExpenses": 0.0, "sellingAndMarketingExpenses": 0.0, "otherExpenses": 290000000, "operatingExpenses": 290000000, "costAndExpenses": 358000000, "interestExpense": 161000000, "depreciationAndAmortization": 245000000, "ebitda": 901000000, "ebitdaratio": 3.754166666666667, "operatingIncome": 656000000, "operatingIncomeRatio": 2.7333333333333334, "totalOtherIncomeExpensesNet": 0.0, "incomeBeforeTax": 566000000, "incomeBeforeTaxRatio": 2.3583333333333334, "incomeTaxExpense": 232000000, "netIncome": 334000000, "netIncomeRatio": 1.3916666666666666, "eps": 3.82, "epsdiluted": 3.82, "weightedAverageShsOut": 119371727, "weightedAverageShsOutDil": 119371727, "link": "https://www.sec.gov/Archives/edgar/data/100517/000010051707000030/0000100517-07-000030-index.htm", "finalLink": "https://www.sec.gov/Archives/edgar/data/100517/000010051707000030/body.htm"}, {"date": "2007-06-30", "symbol": "UAL", "fillingDate": "2007-07-31", "acceptedDate": "2007-07-30 18:27:01", "period": "Q2", "revenue": 260000000, "costOfRevenue": 77000000, "grossProfit": 183000000, "grossProfitRatio": 0.7038461538461539, "researchAndDevelopmentExpenses": 0.0, "generalAndAdministrativeExpenses": 0.0, "sellingAndMarketingExpenses": 0.0, "otherExpenses": 276000000, "operatingExpenses": 276000000, "costAndExpenses": 353000000, "interestExpense": 139000000, "depreciationAndAmortization": 229000000, "ebitda": 766000000, "ebitdaratio": 2.9461538461538463, "operatingIncome": 537000000, "operatingIncomeRatio": 2.0653846153846156, "totalOtherIncomeExpensesNet": 0.0, "incomeBeforeTax": 467000000, "incomeBeforeTaxRatio": 1.7961538461538462, "incomeTaxExpense": 108000000, "netIncome": 274000000, "netIncomeRatio": 1.0538461538461539, "eps": 1.0, "epsdiluted": 1.0, "weightedAverageShsOut": 122000000, "weightedAverageShsOutDil": 122000000, "link": "https://www.sec.gov/Archives/edgar/data/100517/000010051707000027/0000100517-07-000027-index.htm", "finalLink": "https://www.sec.gov/Archives/edgar/data/100517/000010051707000027/body.htm"}, {"date": "2007-03-31", "symbol": "UAL", "fillingDate": "2007-05-09", "acceptedDate": "2007-05-09 17:17:48", "period": "Q1", "revenue": 266000000, "costOfRevenue": 93000000, "grossProfit": 173000000, "grossProfitRatio": 0.650375939849624, "researchAndDevelopmentExpenses": 0.0, "generalAndAdministrativeExpenses": 0.0, "sellingAndMarketingExpenses": 0.0, "otherExpenses": 265000000, "operatingExpenses": 265000000, "costAndExpenses": 358000000, "interestExpense": 206000000, "depreciationAndAmortization": 220000000, "ebitda": 128000000, "ebitdaratio": 0.48120300751879697, "operatingIncome": -92000000, "operatingIncomeRatio": -0.3458646616541353, "totalOtherIncomeExpensesNet": 0.0, "incomeBeforeTax": -237000000, "incomeBeforeTaxRatio": -0.8909774436090225, "incomeTaxExpense": 0.0, "netIncome": -152000000, "netIncomeRatio": -0.5714285714285714, "eps": -1.32, "epsdiluted": -1.32, "weightedAverageShsOut": 115151515, "weightedAverageShsOutDil": 115151515, "link": "https://www.sec.gov/Archives/edgar/data/100517/000110465907037655/0001104659-07-037655-index.htm", "finalLink": "https://www.sec.gov/Archives/edgar/data/100517/000110465907037655/a07-11218_110q.htm"}, {"date": "2006-12-31", "symbol": "UAL", "fillingDate": "2007-03-16", "acceptedDate": "2007-03-16 14:40:24", "period": "FY", "revenue": 306000000, "costOfRevenue": 143000000, "grossProfit": 163000000, "grossProfitRatio": 0.5326797385620915, "researchAndDevelopmentExpenses": 0.0, "generalAndAdministrativeExpenses": 0.0, "sellingAndMarketingExpenses": 0.0, "otherExpenses": 244000000, "operatingExpenses": 244000000, "costAndExpenses": 387000000, "interestExpense": 212000000, "depreciationAndAmortization": 228000000, "ebitda": 251000000, "ebitdaratio": 0.8202614379084967, "operatingIncome": 23000000, "operatingIncomeRatio": 0.07516339869281045, "totalOtherIncomeExpensesNet": 0.0, "incomeBeforeTax": -99000000, "incomeBeforeTaxRatio": -0.3235294117647059, "incomeTaxExpense": 21000000, "netIncome": -61000000, "netIncomeRatio": -0.19934640522875818, "eps": 0.14, "epsdiluted": 0.14, "weightedAverageShsOut": 178571428, "weightedAverageShsOutDil": 178571428, "link": "https://www.sec.gov/Archives/edgar/data/100517/000110465907019919/0001104659-07-019919-index.htm", "finalLink": "https://www.sec.gov/Archives/edgar/data/100517/000110465907019919/a06-25698_210k.htm"}, {"date": "2006-09-30", "symbol": "UAL", "fillingDate": "2006-11-08", "acceptedDate": "2006-11-07 20:37:19", "period": "Q3", "revenue": 304000000, "costOfRevenue": 153000000, "grossProfit": 151000000, "grossProfitRatio": 0.4967105263157895, "researchAndDevelopmentExpenses": 0.0, "generalAndAdministrativeExpenses": 0.0, "sellingAndMarketingExpenses": 0.0, "otherExpenses": 279000000, "operatingExpenses": 279000000, "costAndExpenses": 432000000, "interestExpense": 164000000, "depreciationAndAmortization": 226000000, "ebitda": 561000000, "ebitdaratio": 1.8453947368421053, "operatingIncome": 335000000, "operatingIncomeRatio": 1.1019736842105263, "totalOtherIncomeExpensesNet": 0.0, "incomeBeforeTax": 249000000, "incomeBeforeTaxRatio": 0.819078947368421, "incomeTaxExpense": 0.0, "netIncome": 190000000, "netIncomeRatio": 0.625, "eps": 0.69, "epsdiluted": 0.69, "weightedAverageShsOut": 124637681, "weightedAverageShsOutDil": 124637681, "link": "https://www.sec.gov/Archives/edgar/data/100517/000110465906072339/0001104659-06-072339-index.htm", "finalLink": "https://www.sec.gov/Archives/edgar/data/100517/000110465906072339/a06-22144_110q.htm"}, {"date": "2006-06-30", "symbol": "UAL", "fillingDate": "2006-08-02", "acceptedDate": "2006-08-01 21:28:42", "period": "Q2", "revenue": 352000000, "costOfRevenue": 190000000, "grossProfit": 162000000, "grossProfitRatio": 0.4602272727272727, "researchAndDevelopmentExpenses": 0.0, "generalAndAdministrativeExpenses": 0.0, "sellingAndMarketingExpenses": 0.0, "otherExpenses": 289000000, "operatingExpenses": 289000000, "costAndExpenses": 479000000, "interestExpense": 211000000, "depreciationAndAmortization": 218000000, "ebitda": 478000000, "ebitdaratio": 1.3579545454545454, "operatingIncome": 260000000, "operatingIncomeRatio": 0.7386363636363636, "totalOtherIncomeExpensesNet": 0.0, "incomeBeforeTax": 116000000, "incomeBeforeTaxRatio": 0.32954545454545453, "incomeTaxExpense": 0.0, "netIncome": 119000000, "netIncomeRatio": 0.3380681818181818, "eps": -0.94, "epsdiluted": -0.94, "weightedAverageShsOut": 110638297, "weightedAverageShsOutDil": 110638297, "link": "https://www.sec.gov/Archives/edgar/data/100517/000110465906050400/0001104659-06-050400-index.htm", "finalLink": "https://www.sec.gov/Archives/edgar/data/100517/000110465906050400/a06-17108_110q.htm"}, {"date": "2006-03-31", "symbol": "UAL", "fillingDate": "2006-05-10", "acceptedDate": "2006-05-10 17:08:54", "period": "Q1", "revenue": 236000000, "costOfRevenue": 128000000, "grossProfit": 108000000, "grossProfitRatio": 0.4576271186440678, "researchAndDevelopmentExpenses": 0.0, "generalAndAdministrativeExpenses": 0.0, "sellingAndMarketingExpenses": 0.0, "otherExpenses": 205000000, "operatingExpenses": 205000000, "costAndExpenses": 333000000, "interestExpense": 141000000, "depreciationAndAmortization": 148000000, "ebitda": 29000000, "ebitdaratio": 0.1228813559322034, "operatingIncome": -119000000, "operatingIncomeRatio": -0.5042372881355932, "totalOtherIncomeExpensesNet": 0.0, "incomeBeforeTax": -223000000, "incomeBeforeTaxRatio": -0.9449152542372882, "incomeTaxExpense": 0.0, "netIncome": -223000000, "netIncomeRatio": -0.9449152542372882, "eps": -1.95, "epsdiluted": -1.95, "weightedAverageShsOut": 114358974, "weightedAverageShsOutDil": 114358974, "link": "https://www.sec.gov/Archives/edgar/data/100517/000010051706000031/0000100517-06-000031-index.htm", "finalLink": "https://www.sec.gov/Archives/edgar/data/100517/000010051706000031/tenq.htm"}, {"date": "2005-12-31", "symbol": "UAL", "fillingDate": "2006-03-31", "acceptedDate": "2006-03-31 08:22:56", "period": "FY", "revenue": 1307000000, "costOfRevenue": 685000000, "grossProfit": 622000000, "grossProfitRatio": 0.47589900535577656, "researchAndDevelopmentExpenses": 0.0, "generalAndAdministrativeExpenses": 0.0, "sellingAndMarketingExpenses": 0.0, "otherExpenses": 1207000000, "operatingExpenses": 1207000000, "costAndExpenses": 1892000000, "interestExpense": 482000000, "depreciationAndAmortization": 873000000, "ebitda": 654000000, "ebitdaratio": 0.5003825554705432, "operatingIncome": -219000000, "operatingIncomeRatio": -0.1675592960979342, "totalOtherIncomeExpensesNet": 0.0, "incomeBeforeTax": -21176000000, "incomeBeforeTaxRatio": -16.201989288446825, "incomeTaxExpense": 0.0, "netIncome": -21176000000, "netIncomeRatio": -16.201989288446825, "eps": 0.0, "epsdiluted": 0.0, "weightedAverageShsOut": 116023900000, "weightedAverageShsOutDil": 116023900000, "link": "https://www.sec.gov/Archives/edgar/data/100517/000010051706000021/0000100517-06-000021-index.htm", "finalLink": "https://www.sec.gov/Archives/edgar/data/100517/000010051706000021/ualtenk.htm"}, {"date": "2005-11-09", "symbol": "UAL", "fillingDate": "2005-10-09", "acceptedDate": "2005-11-09 17:52:45", "period": "Q3", "revenue": 4655000000, "costOfRevenue": 190000000, "grossProfit": 4465000000, "grossProfitRatio": 0.9591836734693877, "researchAndDevelopmentExpenses": 0.0, "generalAndAdministrativeExpenses": 0.0, "sellingAndMarketingExpenses": 0.0, "otherExpenses": 3086000000, "operatingExpenses": 3086000000, "costAndExpenses": 3276000000, "interestExpense": 129000000, "depreciationAndAmortization": 0.0, "ebitda": 165000000, "ebitdaratio": 0.03544575725026853, "operatingIncome": 165000000, "operatingIncomeRatio": 0.03544575725026853, "totalOtherIncomeExpensesNet": 0.0, "incomeBeforeTax": -1772000000, "incomeBeforeTaxRatio": -0.38066595059076264, "incomeTaxExpense": 0.0, "netIncome": -1772000000, "netIncomeRatio": -0.38066595059076264, "eps": -0.03682, "epsdiluted": -0.03682, "weightedAverageShsOut": 116023900000, "weightedAverageShsOutDil": 116023900000, "link": "https://www.sec.gov/Archives/edgar/data/100517/000010051705000059/0000100517-05-000059-index.htm", "finalLink": "https://www.sec.gov/Archives/edgar/data/100517/000010051705000059/ualtenqf.htm"}, {"date": "2005-06-30", "symbol": "UAL", "fillingDate": "2005-08-09", "acceptedDate": "2005-08-09 17:06:23", "period": "Q2", "revenue": 4423000000, "costOfRevenue": 147000000, "grossProfit": 4276000000, "grossProfitRatio": 0.9667646393850328, "researchAndDevelopmentExpenses": 0.0, "generalAndAdministrativeExpenses": 0.0, "sellingAndMarketingExpenses": 0.0, "otherExpenses": 2975000000, "operatingExpenses": 2975000000, "costAndExpenses": 3122000000, "interestExpense": 111000000, "depreciationAndAmortization": 0.0, "ebitda": 48000000, "ebitdaratio": 0.010852362649785214, "operatingIncome": 48000000, "operatingIncomeRatio": 0.010852362649785214, "totalOtherIncomeExpensesNet": 0.0, "incomeBeforeTax": -1430000000, "incomeBeforeTaxRatio": -0.3233099706081845, "incomeTaxExpense": 0.0, "netIncome": -1430000000, "netIncomeRatio": -0.3233099706081845, "eps": -0.02156, "epsdiluted": -0.02156, "weightedAverageShsOut": 115955473000, "weightedAverageShsOutDil": 115955473000, "link": "https://www.sec.gov/Archives/edgar/data/100517/000010051705000042/0000100517-05-000042-index.htm", "finalLink": "https://www.sec.gov/Archives/edgar/data/100517/000010051705000042/ualtenq.htm"}, {"date": "2005-03-31", "symbol": "UAL", "fillingDate": "2005-05-11", "acceptedDate": "2005-05-11 14:35:08", "period": "Q1", "revenue": 3915000000, "costOfRevenue": 143000000, "grossProfit": 3772000000, "grossProfitRatio": 0.9634738186462325, "researchAndDevelopmentExpenses": 0.0, "generalAndAdministrativeExpenses": 0.0, "sellingAndMarketingExpenses": 0.0, "otherExpenses": 2776000000, "operatingExpenses": 2776000000, "costAndExpenses": 2919000000, "interestExpense": 109000000, "depreciationAndAmortization": 0.0, "ebitda": -250000000, "ebitdaratio": -0.06385696040868455, "operatingIncome": -250000000, "operatingIncomeRatio": -0.06385696040868455, "totalOtherIncomeExpensesNet": 0.0, "incomeBeforeTax": -1070000000, "incomeBeforeTaxRatio": -0.27330779054916987, "incomeTaxExpense": 0.0, "netIncome": -1070000000, "netIncomeRatio": -0.27330779054916987, "eps": -9.23, "epsdiluted": -9.23, "weightedAverageShsOut": 115926327, "weightedAverageShsOutDil": 115926327, "link": "https://www.sec.gov/Archives/edgar/data/100517/000010051705000019/0000100517-05-000019-index.htm", "finalLink": "https://www.sec.gov/Archives/edgar/data/100517/000010051705000019/ualtenq.htm"}, {"date": "2004-12-31", "symbol": "UAL", "fillingDate": "2005-03-16", "acceptedDate": "2005-03-16 15:54:04", "period": "FY", "revenue": 1277000000, "costOfRevenue": 709000000, "grossProfit": 568000000, "grossProfitRatio": 0.4447924823805795, "researchAndDevelopmentExpenses": 0.0, "generalAndAdministrativeExpenses": 0.0, "sellingAndMarketingExpenses": 0.0, "otherExpenses": 1277000000, "operatingExpenses": 1277000000, "costAndExpenses": 1986000000, "interestExpense": 449000000, "depreciationAndAmortization": 874000000, "ebitda": 20000000, "ebitdaratio": 0.015661707126076743, "operatingIncome": -854000000, "operatingIncomeRatio": -0.6687548942834769, "totalOtherIncomeExpensesNet": 0.0, "incomeBeforeTax": -1721000000, "incomeBeforeTaxRatio": -1.3476898981989036, "incomeTaxExpense": 0.0, "netIncome": -1721000000, "netIncomeRatio": -1.3476898981989036, "eps": 0.0, "epsdiluted": 0.0, "weightedAverageShsOut": 111744583, "weightedAverageShsOutDil": 111744583, "link": "https://www.sec.gov/Archives/edgar/data/100517/000010051705000006/0000100517-05-000006-index.htm", "finalLink": "https://www.sec.gov/Archives/edgar/data/100517/000010051705000006/ualkbody.htm"}, {"date": "2004-09-30", "symbol": "UAL", "fillingDate": "2004-11-09", "acceptedDate": "2004-11-08 18:09:04", "period": "Q3", "revenue": 4630000000, "costOfRevenue": 212000000, "grossProfit": 4418000000, "grossProfitRatio": 0.9542116630669546, "researchAndDevelopmentExpenses": 0.0, "generalAndAdministrativeExpenses": 0.0, "sellingAndMarketingExpenses": 0.0, "otherExpenses": 3007000000, "operatingExpenses": 3007000000, "costAndExpenses": 3219000000, "interestExpense": 100000000, "depreciationAndAmortization": 0.0, "ebitda": -80000000, "ebitdaratio": -0.017278617710583154, "operatingIncome": -80000000, "operatingIncomeRatio": -0.017278617710583154, "totalOtherIncomeExpensesNet": 0.0, "incomeBeforeTax": -274000000, "incomeBeforeTaxRatio": -0.0591792656587473, "incomeTaxExpense": 0.0, "netIncome": -274000000, "netIncomeRatio": -0.0591792656587473, "eps": -8.77, "epsdiluted": -8.77, "weightedAverageShsOut": 111744583, "weightedAverageShsOutDil": 111744583, "link": "https://www.sec.gov/Archives/edgar/data/100517/000010051704000038/0000100517-04-000038-index.htm", "finalLink": "https://www.sec.gov/Archives/edgar/data/100517/000010051704000038/body.htm"}, {"date": "2004-06-30", "symbol": "UAL", "fillingDate": "2004-08-02", "acceptedDate": "2004-07-30 17:58:08", "period": "Q2", "revenue": 4041000000, "costOfRevenue": 145000000, "grossProfit": 3896000000, "grossProfitRatio": 0.9641177926255877, "researchAndDevelopmentExpenses": 0.0, "generalAndAdministrativeExpenses": 0.0, "sellingAndMarketingExpenses": 0.0, "otherExpenses": 2463000000, "operatingExpenses": 2463000000, "costAndExpenses": 2608000000, "interestExpense": 117000000, "depreciationAndAmortization": 0.0, "ebitda": 7000000.0, "ebitdaratio": 0.0017322444939371442, "operatingIncome": 7000000.0, "operatingIncomeRatio": 0.0017322444939371442, "totalOtherIncomeExpensesNet": 0.0, "incomeBeforeTax": -247000000, "incomeBeforeTaxRatio": -0.06112348428606781, "incomeTaxExpense": 0.0, "netIncome": -247000000, "netIncomeRatio": -0.06112348428606781, "eps": -6.42, "epsdiluted": -6.42, "weightedAverageShsOut": 109968847, "weightedAverageShsOutDil": 109968847, "link": "https://www.sec.gov/Archives/edgar/data/100517/000010051704000028/0000100517-04-000028-index.htm", "finalLink": "https://www.sec.gov/Archives/edgar/data/100517/000010051704000028/finalbod.htm"}, {"date": "2004-03-31", "symbol": "UAL", "fillingDate": "2004-04-30", "acceptedDate": "2004-04-30 17:30:48", "period": "Q1", "revenue": 3732000000, "costOfRevenue": 196000000, "grossProfit": 3536000000, "grossProfitRatio": 0.947481243301179, "researchAndDevelopmentExpenses": 0.0, "generalAndAdministrativeExpenses": 0.0, "sellingAndMarketingExpenses": 0.0, "otherExpenses": 2268000000, "operatingExpenses": 2268000000, "costAndExpenses": 2464000000, "interestExpense": 120000000, "depreciationAndAmortization": 0.0, "ebitda": -211000000, "ebitdaratio": -0.05653804930332262, "operatingIncome": -211000000, "operatingIncomeRatio": -0.05653804930332262, "totalOtherIncomeExpensesNet": 0.0, "incomeBeforeTax": -459000000, "incomeBeforeTaxRatio": -0.1229903536977492, "incomeTaxExpense": 0.0, "netIncome": -459000000, "netIncomeRatio": -0.1229903536977492, "eps": -4.17, "epsdiluted": -4.17, "weightedAverageShsOut": 110071942, "weightedAverageShsOutDil": 110071942, "link": "https://www.sec.gov/Archives/edgar/data/100517/000010051704000015/0000100517-04-000015-index.htm", "finalLink": "https://www.sec.gov/Archives/edgar/data/100517/000010051704000015/body.htm"}, {"date": "2003-12-31", "symbol": "UAL", "fillingDate": "2004-03-02", "acceptedDate": "2004-03-01 17:35:24", "period": "FY", "revenue": 1452000000, "costOfRevenue": 1003000000, "grossProfit": 449000000, "grossProfitRatio": 0.30922865013774103, "researchAndDevelopmentExpenses": 0.0, "generalAndAdministrativeExpenses": 0.0, "sellingAndMarketingExpenses": 0.0, "otherExpenses": 1273000000, "operatingExpenses": 1273000000, "costAndExpenses": 2276000000, "interestExpense": 527000000, "depreciationAndAmortization": 938000000, "ebitda": -422000000, "ebitdaratio": -0.290633608815427, "operatingIncome": -1360000000, "operatingIncomeRatio": -0.9366391184573003, "totalOtherIncomeExpensesNet": 0.0, "incomeBeforeTax": -2808000000, "incomeBeforeTaxRatio": -1.9338842975206612, "incomeTaxExpense": 0.0, "netIncome": -2808000000, "netIncomeRatio": -1.9338842975206612, "eps": 0.0, "epsdiluted": 0.0, "weightedAverageShsOut": 100171821000, "weightedAverageShsOutDil": 100171821000, "link": "https://www.sec.gov/Archives/edgar/data/100517/000010051704000007/0000100517-04-000007-index.htm", "finalLink": "https://www.sec.gov/Archives/edgar/data/100517/000010051704000007/ualtenk.htm"}, {"date": "2003-09-30", "symbol": "UAL", "fillingDate": "2003-10-30", "acceptedDate": "2003-10-30 16:43:44", "period": "Q3", "revenue": 3817000000, "costOfRevenue": 197000000, "grossProfit": 3620000000, "grossProfitRatio": 0.9483887870055017, "researchAndDevelopmentExpenses": 0.0, "generalAndAdministrativeExpenses": 0.0, "sellingAndMarketingExpenses": 0.0, "otherExpenses": 2131000000, "operatingExpenses": 2131000000, "costAndExpenses": 2328000000, "interestExpense": 105000000, "depreciationAndAmortization": 0.0, "ebitda": 18000000, "ebitdaratio": 0.004715745349751114, "operatingIncome": 18000000, "operatingIncomeRatio": 0.004715745349751114, "totalOtherIncomeExpensesNet": 0.0, "incomeBeforeTax": -367000000, "incomeBeforeTaxRatio": -0.09614880796436992, "incomeTaxExpense": 0.0, "netIncome": -367000000, "netIncomeRatio": -0.09614880796436992, "eps": -0.023280000000000002, "epsdiluted": -0.023280000000000002, "weightedAverageShsOut": 100171821000, "weightedAverageShsOutDil": 100171821000, "link": "https://www.sec.gov/Archives/edgar/data/100517/000010051703000075/0000100517-03-000075-index.htm", "finalLink": "https://www.sec.gov/Archives/edgar/data/100517/000010051703000075/body.htm"}, {"date": "2003-06-30", "symbol": "UAL", "fillingDate": "2003-08-01", "acceptedDate": "2003-08-01 17:19:10", "period": "Q2", "revenue": 3109000000, "costOfRevenue": 252000000, "grossProfit": 2857000000, "grossProfitRatio": 0.9189449983917658, "researchAndDevelopmentExpenses": 0.0, "generalAndAdministrativeExpenses": 0.0, "sellingAndMarketingExpenses": 0.0, "otherExpenses": 1766000000, "operatingExpenses": 1766000000, "costAndExpenses": 2018000000, "interestExpense": 126000000, "depreciationAndAmortization": 0.0, "ebitda": -431000000, "ebitdaratio": -0.13862978449662272, "operatingIncome": -431000000, "operatingIncomeRatio": -0.13862978449662272, "totalOtherIncomeExpensesNet": 0.0, "incomeBeforeTax": -622000000, "incomeBeforeTaxRatio": -0.20006432936635574, "incomeTaxExpense": 0.0, "netIncome": -622000000, "netIncomeRatio": -0.20006432936635574, "eps": -0.02022, "epsdiluted": -0.02022, "weightedAverageShsOut": 97181008000, "weightedAverageShsOutDil": 97181008000, "link": "https://www.sec.gov/Archives/edgar/data/100517/000010051703000041/0000100517-03-000041-index.htm", "finalLink": "https://www.sec.gov/Archives/edgar/data/100517/000010051703000041/body.htm"}, {"date": "2003-03-31", "symbol": "UAL", "fillingDate": "2003-05-02", "acceptedDate": "2003-05-02 17:19:45", "period": "Q1", "revenue": 3184000000, "costOfRevenue": 373000000, "grossProfit": 2811000000, "grossProfitRatio": 0.8828517587939698, "researchAndDevelopmentExpenses": 0.0, "generalAndAdministrativeExpenses": 0.0, "sellingAndMarketingExpenses": 0.0, "otherExpenses": 1854000000, "operatingExpenses": 1854000000, "costAndExpenses": 2227000000, "interestExpense": 131000000, "depreciationAndAmortization": 0.0, "ebitda": -813000000, "ebitdaratio": -0.2553391959798995, "operatingIncome": -813000000, "operatingIncomeRatio": -0.2553391959798995, "totalOtherIncomeExpensesNet": 0.0, "incomeBeforeTax": -1343000000, "incomeBeforeTaxRatio": -0.4217964824120603, "incomeTaxExpense": 0.0, "netIncome": -1343000000, "netIncomeRatio": -0.4217964824120603, "eps": -0.01416, "epsdiluted": -0.01416, "weightedAverageShsOut": 94844632000, "weightedAverageShsOutDil": 94844632000, "link": "https://www.sec.gov/Archives/edgar/data/100517/000010051703000015/0000100517-03-000015-index.htm", "finalLink": "https://www.sec.gov/Archives/edgar/data/100517/000010051703000015/body.htm"}, {"date": "2003-03-28", "symbol": "UAL", "fillingDate": "2003-03-28", "acceptedDate": "2003-03-28 17:24:47", "period": "FY", "revenue": 1741000000, "costOfRevenue": 1240000000, "grossProfit": 501000000, "grossProfitRatio": 0.2877656519241815, "researchAndDevelopmentExpenses": 0.0, "generalAndAdministrativeExpenses": 0.0, "sellingAndMarketingExpenses": 0.0, "otherExpenses": 1565000000, "operatingExpenses": 1565000000, "costAndExpenses": 2805000000, "interestExpense": 590000000, "depreciationAndAmortization": 970000000, "ebitda": -1867000000, "ebitdaratio": -1.0723721998851234, "operatingIncome": -2837000000, "operatingIncomeRatio": -1.6295232624928202, "totalOtherIncomeExpensesNet": 0.0, "incomeBeforeTax": 0.0, "incomeBeforeTaxRatio": 0.0, "incomeTaxExpense": 0.0, "netIncome": 0.0, "netIncomeRatio": 0.0, "eps": 0.0, "epsdiluted": 0.0, "weightedAverageShsOut": 0.0, "weightedAverageShsOutDil": 0.0, "link": "https://www.sec.gov/Archives/edgar/data/100517/000010051703000007/0000100517-03-000007-index.htm", "finalLink": "https://www.sec.gov/Archives/edgar/data/100517/000010051703000007/ual.htm"}, {"date": "2002-10-25", "symbol": "UAL", "fillingDate": "2002-10-25", "acceptedDate": "2002-10-25 13:54:18", "period": "Q3", "revenue": 3738000000, "costOfRevenue": 301000000, "grossProfit": 3437000000, "grossProfitRatio": 0.9194756554307116, "researchAndDevelopmentExpenses": 0.0, "generalAndAdministrativeExpenses": 0.0, "sellingAndMarketingExpenses": 0.0, "otherExpenses": 2005000000, "operatingExpenses": 2005000000, "costAndExpenses": 2306000000, "interestExpense": 157000000, "depreciationAndAmortization": 0.0, "ebitda": -646000000, "ebitdaratio": -0.17281968967362227, "operatingIncome": -646000000, "operatingIncomeRatio": -0.17281968967362227, "totalOtherIncomeExpensesNet": 0.0, "incomeBeforeTax": -889000000, "incomeBeforeTaxRatio": -0.23782771535580524, "incomeTaxExpense": 0.0, "netIncome": -889000000, "netIncomeRatio": -0.23782771535580524, "eps": 0.0, "epsdiluted": 0.0, "weightedAverageShsOut": 0.0, "weightedAverageShsOutDil": 0.0, "link": "https://www.sec.gov/Archives/edgar/data/100517/000010051702000073/0000100517-02-000073-index.htm", "finalLink": "https://www.sec.gov/Archives/edgar/data/100517/000010051702000073/body.htm"}, {"date": "2002-08-14", "symbol": "UAL", "fillingDate": "2002-08-14", "acceptedDate": "2002-08-14 15:41:42", "period": "Q2", "revenue": 3793000000, "costOfRevenue": 306000000, "grossProfit": 3487000000, "grossProfitRatio": 0.9193250725019774, "researchAndDevelopmentExpenses": 0.0, "generalAndAdministrativeExpenses": 0.0, "sellingAndMarketingExpenses": 0.0, "otherExpenses": 1934000000, "operatingExpenses": 1934000000, "costAndExpenses": 2240000000, "interestExpense": 146000000, "depreciationAndAmortization": 0.0, "ebitda": -485000000, "ebitdaratio": -0.1278671236488268, "operatingIncome": -485000000, "operatingIncomeRatio": -0.1278671236488268, "totalOtherIncomeExpensesNet": 0.0, "incomeBeforeTax": -340000000, "incomeBeforeTaxRatio": -0.0896388083311363, "incomeTaxExpense": 0.0, "netIncome": -340000000, "netIncomeRatio": -0.0896388083311363, "eps": 0.0, "epsdiluted": 0.0, "weightedAverageShsOut": 0.0, "weightedAverageShsOutDil": 0.0, "link": "https://www.sec.gov/Archives/edgar/data/100517/000010051702000057/0000100517-02-000057-index.htm", "finalLink": "https://www.sec.gov/Archives/edgar/data/100517/000010051702000057/body.htm"}, {"date": "2002-03-31", "symbol": "UAL", "fillingDate": "2002-04-29", "acceptedDate": "2002-04-29 12:35:07", "period": "Q1", "revenue": 3288000000, "costOfRevenue": 279000000, "grossProfit": 3009000000, "grossProfitRatio": 0.9151459854014599, "researchAndDevelopmentExpenses": 0.0, "generalAndAdministrativeExpenses": 0.0, "sellingAndMarketingExpenses": 0.0, "otherExpenses": 1892000000, "operatingExpenses": 1892000000, "costAndExpenses": 2171000000, "interestExpense": 142000000, "depreciationAndAmortization": 0.0, "ebitda": -711000000, "ebitdaratio": -0.21624087591240876, "operatingIncome": -711000000, "operatingIncomeRatio": -0.21624087591240876, "totalOtherIncomeExpensesNet": 0.0, "incomeBeforeTax": -510000000, "incomeBeforeTaxRatio": -0.1551094890510949, "incomeTaxExpense": 0.0, "netIncome": -510000000, "netIncomeRatio": -0.1551094890510949, "eps": 0.0, "epsdiluted": 0.0, "weightedAverageShsOut": 0.0, "weightedAverageShsOutDil": 0.0, "link": "https://www.sec.gov/Archives/edgar/data/100517/000010051702000017/0000100517-02-000017-index.htm", "finalLink": "https://www.sec.gov/Archives/edgar/data/100517/000010051702000017/bodyual.htm"}, {"date": "2002-03-08", "symbol": "UAL", "fillingDate": "2002-03-08", "acceptedDate": "2002-03-08 00:00:00", "period": "FY", "revenue": 1646000000, "costOfRevenue": 1280000000, "grossProfit": 366000000, "grossProfitRatio": 0.22235722964763063, "researchAndDevelopmentExpenses": 0.0, "generalAndAdministrativeExpenses": 0.0, "sellingAndMarketingExpenses": 0.0, "otherExpenses": 1722000000, "operatingExpenses": 1722000000, "costAndExpenses": 3002000000, "interestExpense": 525000000, "depreciationAndAmortization": 1932000000, "ebitda": -1839000000, "ebitdaratio": -1.117253948967193, "operatingIncome": -3771000000, "operatingIncomeRatio": -2.2910085054678007, "totalOtherIncomeExpensesNet": 0.0, "incomeBeforeTax": -1226000000, "incomeBeforeTaxRatio": -0.7448359659781288, "incomeTaxExpense": -1226000000, "netIncome": 0.0, "netIncomeRatio": 0.0, "eps": 0.0, "epsdiluted": 0.0, "weightedAverageShsOut": 0.0, "weightedAverageShsOutDil": 0.0, "link": "https://www.sec.gov/Archives/edgar/data/100517/000010051702000009/0000100517-02-000009-index.htm", "finalLink": "https://www.sec.gov/Archives/edgar/data/100517/000010051702000009/ualbody.htm"}, {"date": "2001-11-13", "symbol": "UAL", "fillingDate": "2001-11-13", "acceptedDate": "2001-11-13 00:00:00", "period": "Q3", "revenue": 4107000000, "costOfRevenue": 395000000, "grossProfit": 3712000000, "grossProfitRatio": 0.9038227416605795, "researchAndDevelopmentExpenses": 0.0, "generalAndAdministrativeExpenses": 0.0, "sellingAndMarketingExpenses": 0.0, "otherExpenses": 1575000000, "operatingExpenses": 1575000000, "costAndExpenses": 1970000000, "interestExpense": 129000000, "depreciationAndAmortization": 0.0, "ebitda": -2025000000, "ebitdaratio": -0.49306062819576335, "operatingIncome": -2025000000, "operatingIncomeRatio": -0.49306062819576335, "totalOtherIncomeExpensesNet": 0.0, "incomeBeforeTax": -665000000, "incomeBeforeTaxRatio": -0.16191867543218894, "incomeTaxExpense": -665000000, "netIncome": 0.0, "netIncomeRatio": 0.0, "eps": 0.0, "epsdiluted": 0.0, "weightedAverageShsOut": 0.0, "weightedAverageShsOutDil": 0.0, "link": "https://www.sec.gov/Archives/edgar/data/100517/000010051701500091/0000100517-01-500091-index.htm", "finalLink": "https://www.sec.gov/Archives/edgar/data/100517/000010051701500091/body.htm"}, {"date": "2001-08-09", "symbol": "UAL", "fillingDate": "2001-08-09", "acceptedDate": "2001-08-09 00:00:00", "period": "Q2", "revenue": 4658000000, "costOfRevenue": 351000000, "grossProfit": 4307000000, "grossProfitRatio": 0.9246457707170459, "researchAndDevelopmentExpenses": 0.0, "generalAndAdministrativeExpenses": 0.0, "sellingAndMarketingExpenses": 0.0, "otherExpenses": 2625000000, "operatingExpenses": 2625000000, "costAndExpenses": 2976000000, "interestExpense": 125000000, "depreciationAndAmortization": 0.0, "ebitda": -469000000, "ebitdaratio": -0.10068699012451696, "operatingIncome": -469000000, "operatingIncomeRatio": -0.10068699012451696, "totalOtherIncomeExpensesNet": 0.0, "incomeBeforeTax": 114000000, "incomeBeforeTaxRatio": 0.024474023185916703, "incomeTaxExpense": -199000000, "netIncome": 313000000, "netIncomeRatio": 0.06719622155431516, "eps": 0.0, "epsdiluted": 0.0, "weightedAverageShsOut": 0.0, "weightedAverageShsOutDil": 0.0, "link": "https://www.sec.gov/Archives/edgar/data/100517/000010051701500078/0000100517-01-500078-index.htm", "finalLink": "https://www.sec.gov/Archives/edgar/data/100517/000010051701500078/body.htm"}, {"date": "2001-05-14", "symbol": "UAL", "fillingDate": "2001-05-14", "acceptedDate": "2001-05-14 00:00:00", "period": "Q1", "revenue": 4424000000, "costOfRevenue": 313000000, "grossProfit": 4111000000, "grossProfitRatio": 0.929249547920434, "researchAndDevelopmentExpenses": 0.0, "generalAndAdministrativeExpenses": 0.0, "sellingAndMarketingExpenses": 0.0, "otherExpenses": 2398000000, "operatingExpenses": 2398000000, "costAndExpenses": 2711000000, "interestExpense": 129000000, "depreciationAndAmortization": 0.0, "ebitda": -391000000, "ebitdaratio": -0.08838155515370705, "operatingIncome": -391000000, "operatingIncomeRatio": -0.08838155515370705, "totalOtherIncomeExpensesNet": 0.0, "incomeBeforeTax": -498000000, "incomeBeforeTaxRatio": -0.11256781193490054, "incomeTaxExpense": -185000000, "netIncome": -313000000, "netIncomeRatio": -0.070750452079566, "eps": 0.0, "epsdiluted": 0.0, "weightedAverageShsOut": 0.0, "weightedAverageShsOutDil": 0.0, "link": "https://www.sec.gov/Archives/edgar/data/100517/000010051701500042/0000100517-01-500042-index.htm", "finalLink": "https://www.sec.gov/Archives/edgar/data/100517/000010051701500042/body.htm"}]