[{"date": "2020-05-02", "symbol": "ADI", "fillingDate": "2020-05-20", "acceptedDate": "2020-05-20 11:20:35", "period": "Q2", "revenue": 1317060000, "costOfRevenue": 470386000, "grossProfit": 846674000, "grossProfitRatio": 0.6428515025891, "researchAndDevelopmentExpenses": 252413000, "generalAndAdministrativeExpenses": 141775000, "sellingAndMarketingExpenses": 0.0, "otherExpenses": 108466000, "operatingExpenses": 502654000, "costAndExpenses": 973040000, "interestExpense": 49985000, "depreciationAndAmortization": 203312000, "ebitda": 547332000, "ebitdaratio": 0.415571044599, "operatingIncome": 344020000, "operatingIncomeRatio": 0.2612029824, "totalOtherIncomeExpensesNet": -48959000, "incomeBeforeTax": 295061000, "incomeBeforeTaxRatio": 0.224030036597, "incomeTaxExpense": 27365000, "netIncome": 267696000, "netIncomeRatio": 0.203252699194, "eps": 0.73, "epsdiluted": 0.72, "weightedAverageShsOut": 368229000, "weightedAverageShsOutDil": 371784000, "link": "https://www.sec.gov/Archives/edgar/data/6281/000000628120000087/0000006281-20-000087-index.htm", "finalLink": "https://www.sec.gov/Archives/edgar/data/6281/000000628120000087/adi-20200502.htm"}, {"date": "2020-02-01", "symbol": "ADI", "fillingDate": "2020-02-19", "acceptedDate": "2020-02-19 08:49:53", "period": "Q1", "revenue": 1303565000, "costOfRevenue": 455423000, "grossProfit": 848142000, "grossProfitRatio": 0.6506326880516123, "researchAndDevelopmentExpenses": 257073000, "generalAndAdministrativeExpenses": 199280000, "sellingAndMarketingExpenses": 0.0, "otherExpenses": 0.0, "operatingExpenses": 456353000, "costAndExpenses": 911776000, "interestExpense": -48813000, "depreciationAndAmortization": 59863000, "ebitda": 333291000, "ebitdaratio": 0.2556765485418832, "operatingIncome": 273428000, "operatingIncomeRatio": 0.20975402070475965, "totalOtherIncomeExpensesNet": 0.0, "incomeBeforeTax": 226217000, "incomeBeforeTaxRatio": 0.1735371845669376, "incomeTaxExpense": 22343000, "netIncome": 203874000, "netIncomeRatio": 0.15639726442486565, "eps": 0.55, "epsdiluted": 0.55, "weightedAverageShsOut": 368241000, "weightedAverageShsOutDil": 372264000, "link": "https://www.sec.gov/Archives/edgar/data/6281/000000628120000013/0000006281-20-000013-index.htm", "finalLink": "https://www.sec.gov/Archives/edgar/data/6281/000000628119000144/adi-20191102.htm"}, {"date": "2019-11-02", "symbol": "ADI", "fillingDate": "2019-11-26", "acceptedDate": "2019-11-26 16:26:04", "period": "FY", "revenue": 1443219000, "costOfRevenue": 501028000, "grossProfit": 942191000, "grossProfitRatio": 0.6528399362813266, "researchAndDevelopmentExpenses": 277018000, "generalAndAdministrativeExpenses": 154799000, "sellingAndMarketingExpenses": -39706000, "otherExpenses": 211719000, "operatingExpenses": 603830000, "costAndExpenses": 1104858000, "interestExpense": 50775000, "depreciationAndAmortization": 205213000, "ebitda": 543574000, "ebitdaratio": 0.376639997118, "operatingIncome": 338361000, "operatingIncomeRatio": 0.234448825854, "totalOtherIncomeExpensesNet": -50534000, "incomeBeforeTax": 287827000, "incomeBeforeTaxRatio": 0.199434042928, "incomeTaxExpense": 10133000, "netIncome": 277694000, "netIncomeRatio": 0.192412932479, "eps": 0.72, "epsdiluted": 0.75, "weightedAverageShsOut": 369133000, "weightedAverageShsOutDil": 372871000, "link": "https://www.sec.gov/Archives/edgar/data/6281/000000628119000144/0000006281-19-000144-index.htm", "finalLink": "https://www.sec.gov/Archives/edgar/data/6281/000000628119000144/adi-20191102.htm"}, {"date": "2019-08-03", "symbol": "ADI", "fillingDate": "2019-08-21", "acceptedDate": "2019-08-21 08:07:58", "period": "Q3", "revenue": 1480143000, "costOfRevenue": 482332000, "grossProfit": 997811000, "grossProfitRatio": 0.6741314859442635, "researchAndDevelopmentExpenses": 280102000, "generalAndAdministrativeExpenses": 162825000, "sellingAndMarketingExpenses": 12049000, "otherExpenses": 96109000, "operatingExpenses": 551085000, "costAndExpenses": 1033417000, "interestExpense": 59871000, "depreciationAndAmortization": 204127000, "ebitda": 650853000, "ebitdaratio": 0.439723053786, "operatingIncome": 446726000, "operatingIncomeRatio": 0.301812730256, "totalOtherIncomeExpensesNet": -57168000, "incomeBeforeTax": 389558000, "incomeBeforeTaxRatio": 0.263189435075, "incomeTaxExpense": 27184000, "netIncome": 362374000, "netIncomeRatio": 0.24482364204, "eps": 0.98, "epsdiluted": 0.97, "weightedAverageShsOut": 369160000, "weightedAverageShsOutDil": 372967000, "link": "https://www.sec.gov/Archives/edgar/data/6281/000000628119000115/0000006281-19-000115-index.htm", "finalLink": "https://www.sec.gov/Archives/edgar/data/6281/000000628119000115/adiq31910-q.htm"}, {"date": "2019-05-04", "symbol": "ADI", "fillingDate": "2019-05-22", "acceptedDate": "2019-05-22 07:46:31", "period": "Q2", "revenue": 1526602000, "costOfRevenue": 492510000, "grossProfit": 1034092000, "grossProfitRatio": 0.677381531008082, "researchAndDevelopmentExpenses": 285846000, "generalAndAdministrativeExpenses": 163128000, "sellingAndMarketingExpenses": 15273000, "otherExpenses": 100150000, "operatingExpenses": 564397000, "costAndExpenses": 1056907000, "interestExpense": 59701000, "depreciationAndAmortization": 201375000, "ebitda": 671070000, "ebitdaratio": 0.439584122122, "operatingIncome": 469695000, "operatingIncomeRatio": 0.307673512808, "totalOtherIncomeExpensesNet": -61298000, "incomeBeforeTax": 408397000, "incomeBeforeTaxRatio": 0.26752028361, "incomeTaxExpense": 40460000, "netIncome": 367937000, "netIncomeRatio": 0.241016977575, "eps": 0.99, "epsdiluted": 0.98, "weightedAverageShsOut": 368974000, "weightedAverageShsOutDil": 372912000, "link": "https://www.sec.gov/Archives/edgar/data/6281/000000628119000089/0000006281-19-000089-index.htm", "finalLink": "https://www.sec.gov/Archives/edgar/data/6281/000000628119000089/adiq210-q542019.htm"}, {"date": "2019-02-02", "symbol": "ADI", "fillingDate": "2019-02-20", "acceptedDate": "2019-02-20 08:15:01", "period": "Q1", "revenue": 1541101000, "costOfRevenue": 501445000, "grossProfit": 1039656000, "grossProfitRatio": 0.6746189899299267, "researchAndDevelopmentExpenses": 287382000, "generalAndAdministrativeExpenses": 167342000, "sellingAndMarketingExpenses": 12384000, "otherExpenses": 116722000, "operatingExpenses": 583830000, "costAndExpenses": 1085275000, "interestExpense": 58728000, "depreciationAndAmortization": 200585000, "ebitda": 656411000, "ebitdaratio": 0.425936392229, "operatingIncome": 455826000, "operatingIncomeRatio": 0.295779445993, "totalOtherIncomeExpensesNet": -55880000, "incomeBeforeTax": 399946000, "incomeBeforeTaxRatio": 0.259519655104, "incomeTaxExpense": 44940000, "netIncome": 355006000, "netIncomeRatio": 0.230358685122, "eps": 0.96, "epsdiluted": 0.95, "weightedAverageShsOut": 368703000, "weightedAverageShsOutDil": 372506000, "link": "https://www.sec.gov/Archives/edgar/data/6281/000000628119000013/0000006281-19-000013-index.htm", "finalLink": "https://www.sec.gov/Archives/edgar/data/6281/000000628118000126/adi-1132018x10k.htm"}, {"date": "2018-11-03", "symbol": "ADI", "fillingDate": "2018-11-27", "acceptedDate": "2018-11-27 08:17:08", "period": "FY", "revenue": 1596586000, "costOfRevenue": 502932000, "grossProfit": 1093654000, "grossProfitRatio": 0.6849953588469396, "researchAndDevelopmentExpenses": 295699000, "generalAndAdministrativeExpenses": 175396000, "sellingAndMarketingExpenses": 10816000, "otherExpenses": 98371000, "operatingExpenses": 580282000, "costAndExpenses": 1083214000, "interestExpense": 59102000, "depreciationAndAmortization": 201190000, "ebitda": 714562000, "ebitdaratio": 0.447556223091, "operatingIncome": 513372000, "operatingIncomeRatio": 0.321543593643, "totalOtherIncomeExpensesNet": -55850000, "incomeBeforeTax": 457522000, "incomeBeforeTaxRatio": 0.286562703168, "incomeTaxExpense": 24557000, "netIncome": 432965000, "netIncomeRatio": 0.271181759078, "eps": 1.11, "epsdiluted": 1.15, "weightedAverageShsOut": 370430000, "weightedAverageShsOutDil": 374938000, "link": "https://www.sec.gov/Archives/edgar/data/6281/000000628118000126/0000006281-18-000126-index.htm", "finalLink": "https://www.sec.gov/Archives/edgar/data/6281/000000628118000126/adi-1132018x10k.htm"}, {"date": "2018-08-04", "symbol": "ADI", "fillingDate": "2018-08-22", "acceptedDate": "2018-08-22 08:16:07", "period": "Q3", "revenue": 1572679000, "costOfRevenue": 502033000, "grossProfit": 1070646000, "grossProfitRatio": 0.6807784678246482, "researchAndDevelopmentExpenses": 291642000, "generalAndAdministrativeExpenses": 171487000, "sellingAndMarketingExpenses": 13143000, "otherExpenses": 95335000, "operatingExpenses": 571607000, "costAndExpenses": 1073640000, "interestExpense": 61665000, "depreciationAndAmortization": 199865000, "ebitda": 698904000, "ebitdaratio": 0.44440346695, "operatingIncome": 499039000, "operatingIncomeRatio": 0.31731777432, "totalOtherIncomeExpensesNet": -58445000, "incomeBeforeTax": 440594000, "incomeBeforeTaxRatio": 0.280155072968, "incomeTaxExpense": 26130000, "netIncome": 414464000, "netIncomeRatio": 0.263540112127, "eps": 1.11, "epsdiluted": 1.1, "weightedAverageShsOut": 1000000.0, "weightedAverageShsOutDil": 374880000, "link": "https://www.sec.gov/Archives/edgar/data/6281/000000628118000106/0000006281-18-000106-index.htm", "finalLink": "https://www.sec.gov/Archives/edgar/data/6281/000000628118000106/adiq310-q842018.htm"}, {"date": "2018-05-05", "symbol": "ADI", "fillingDate": "2018-05-30", "acceptedDate": "2018-05-30 08:15:06", "period": "Q2", "revenue": 1513053000, "costOfRevenue": 479241000, "grossProfit": 1033812000, "grossProfitRatio": 0.6832622518841045, "researchAndDevelopmentExpenses": 289472000, "generalAndAdministrativeExpenses": 172146000, "sellingAndMarketingExpenses": 13076000, "otherExpenses": 95142000, "operatingExpenses": 569836000, "costAndExpenses": 1049077000, "interestExpense": 64792000, "depreciationAndAmortization": 199543000, "ebitda": 663519000, "ebitdaratio": 0.4385299127, "operatingIncome": 463976000, "operatingIncomeRatio": 0.306648874825, "totalOtherIncomeExpensesNet": -62429000, "incomeBeforeTax": 401547000, "incomeBeforeTaxRatio": 0.265388588503, "incomeTaxExpense": 21716000, "netIncome": 379831000, "netIncomeRatio": 0.251036150089, "eps": 1.03, "epsdiluted": 1.01, "weightedAverageShsOut": 369685000, "weightedAverageShsOutDil": 374430000, "link": "https://www.sec.gov/Archives/edgar/data/6281/000000628118000084/0000006281-18-000084-index.htm", "finalLink": "https://www.sec.gov/Archives/edgar/data/6281/000000628118000084/adiq210-q552018.htm"}, {"date": "2018-02-03", "symbol": "ADI", "fillingDate": "2018-02-28", "acceptedDate": "2018-02-28 08:18:52", "period": "Q1", "revenue": 1518624000, "costOfRevenue": 483434000, "grossProfit": 1035190000, "grossProfitRatio": 0.681663137155741, "researchAndDevelopmentExpenses": 288597000, "generalAndAdministrativeExpenses": 176908000, "sellingAndMarketingExpenses": 13953000, "otherExpenses": 150384000, "operatingExpenses": 629842000, "costAndExpenses": 1113276000, "interestExpense": 68030000, "depreciationAndAmortization": 198465000, "ebitda": 603813000, "ebitdaratio": 0.397605332195, "operatingIncome": 405348000, "operatingIncomeRatio": 0.266917946773, "totalOtherIncomeExpensesNet": -66494000, "incomeBeforeTax": 338854000, "incomeBeforeTaxRatio": 0.223132256569, "incomeTaxExpense": 70682000, "netIncome": 268172000, "netIncomeRatio": 0.176588806709, "eps": 0.72, "epsdiluted": 0.71, "weightedAverageShsOut": 1000000.0, "weightedAverageShsOutDil": 374189000, "link": "https://www.sec.gov/Archives/edgar/data/6281/000000628118000018/0000006281-18-000018-index.htm", "finalLink": "https://www.sec.gov/Archives/edgar/data/6281/000000628117000144/adi-10282017x10k.htm"}, {"date": "2017-10-28", "symbol": "ADI", "fillingDate": "2017-11-22", "acceptedDate": "2017-11-22 16:09:02", "period": "FY", "revenue": 1541170000, "costOfRevenue": 535145000, "grossProfit": 1006025000, "grossProfitRatio": 0.6527670536021335, "researchAndDevelopmentExpenses": 273746000, "generalAndAdministrativeExpenses": 185721000, "sellingAndMarketingExpenses": 12119000, "otherExpenses": 86229000, "operatingExpenses": 557815000, "costAndExpenses": 1092960000, "interestExpense": 63517000, "depreciationAndAmortization": 231783000, "ebitda": 679993000, "ebitdaratio": 0.441218684506, "operatingIncome": 448210000, "operatingIncomeRatio": 0.290824503462, "totalOtherIncomeExpensesNet": -66546000, "incomeBeforeTax": 381664000, "incomeBeforeTaxRatio": 0.247645619886, "incomeTaxExpense": 34014000, "netIncome": 347650000, "netIncomeRatio": 0.225575374553, "eps": 0.95, "epsdiluted": 0.97, "weightedAverageShsOut": 346371000, "weightedAverageShsOutDil": 350484000, "link": "https://www.sec.gov/Archives/edgar/data/6281/000000628117000144/0000006281-17-000144-index.htm", "finalLink": "https://www.sec.gov/Archives/edgar/data/6281/000000628117000144/adi-10282017x10k.htm"}, {"date": "2017-07-29", "symbol": "ADI", "fillingDate": "2017-08-30", "acceptedDate": "2017-08-30 08:21:21", "period": "Q3", "revenue": 1433902000, "costOfRevenue": 667278000, "grossProfit": 766624000, "grossProfitRatio": 0.5346418374477475, "researchAndDevelopmentExpenses": 275670000, "generalAndAdministrativeExpenses": 183980000, "sellingAndMarketingExpenses": 12668000, "otherExpenses": 99485000, "operatingExpenses": 571803000, "costAndExpenses": 1239081000, "interestExpense": 73073000, "depreciationAndAmortization": 398037000, "ebitda": 592858000, "ebitdaratio": 0.413457823477, "operatingIncome": 194821000, "operatingIncomeRatio": 0.135867723178, "totalOtherIncomeExpensesNet": -68023000, "incomeBeforeTax": 126798000, "incomeBeforeTaxRatio": 0.0884286373825, "incomeTaxExpense": 57882000, "netIncome": 68916000, "netIncomeRatio": 0.0480618619683, "eps": 0.16, "epsdiluted": 0.16, "weightedAverageShsOut": 339139000, "weightedAverageShsOutDil": 343286000, "link": "https://www.sec.gov/Archives/edgar/data/6281/000000628117000114/0000006281-17-000114-index.htm", "finalLink": "https://www.sec.gov/Archives/edgar/data/6281/000000628117000114/adiq310-q7292017.htm"}, {"date": "2017-04-29", "symbol": "ADI", "fillingDate": "2017-05-31", "acceptedDate": "2017-05-31 08:22:24", "period": "Q2", "revenue": 1147982000, "costOfRevenue": 507539000, "grossProfit": 640443000, "grossProfitRatio": 0.5578859250406365, "researchAndDevelopmentExpenses": 235232000, "generalAndAdministrativeExpenses": 190686000, "sellingAndMarketingExpenses": 16667000, "otherExpenses": 52023000, "operatingExpenses": 494608000, "costAndExpenses": 1002147000, "interestExpense": 71636000, "depreciationAndAmortization": 258685000, "ebitda": 404520000, "ebitdaratio": 0.352374863021, "operatingIncome": 145835000, "operatingIncomeRatio": 0.127035963979, "totalOtherIncomeExpensesNet": -59121000, "incomeBeforeTax": 86714000, "incomeBeforeTaxRatio": 0.0755360275684, "incomeTaxExpense": -6850000.0, "netIncome": 93564000, "netIncomeRatio": 0.0815030200822, "eps": 0.26, "epsdiluted": 0.25, "weightedAverageShsOut": 325051000, "weightedAverageShsOutDil": 329365000, "link": "https://www.sec.gov/Archives/edgar/data/6281/000000628117000086/0000006281-17-000086-index.htm", "finalLink": "https://www.sec.gov/Archives/edgar/data/6281/000000628117000086/adiq210-q4292017.htm"}, {"date": "2017-01-28", "symbol": "ADI", "fillingDate": "2017-02-15", "acceptedDate": "2017-02-15 08:20:20", "period": "Q1", "revenue": 984449000, "costOfRevenue": 335945000, "grossProfit": 648504000, "grossProfitRatio": 0.6587481931517021, "researchAndDevelopmentExpenses": 183954000, "generalAndAdministrativeExpenses": 130659000, "sellingAndMarketingExpenses": -1093000.0, "otherExpenses": 68716000, "operatingExpenses": 382236000, "costAndExpenses": 718181000, "interestExpense": 42614000, "depreciationAndAmortization": 54279000, "ebitda": 320547000, "ebitdaratio": 0.325610569974, "operatingIncome": 266268000, "operatingIncomeRatio": 0.270474143404, "totalOtherIncomeExpensesNet": -32959000, "incomeBeforeTax": 233309000, "incomeBeforeTaxRatio": 0.236994501493, "incomeTaxExpense": 16180000, "netIncome": 217129000, "netIncomeRatio": 0.220558911635, "eps": 0.7, "epsdiluted": 0.69, "weightedAverageShsOut": 308786000, "weightedAverageShsOutDil": 313076000, "link": "https://www.sec.gov/Archives/edgar/data/6281/000000628117000008/0000006281-17-000008-index.htm", "finalLink": "https://www.sec.gov/Archives/edgar/data/6281/000000628116000097/adi-10292016x10k.htm"}, {"date": "2016-10-29", "symbol": "ADI", "fillingDate": "2016-11-22", "acceptedDate": "2016-11-22 08:18:52", "period": "FY", "revenue": 1003623000, "costOfRevenue": 336936000, "grossProfit": 666687000, "grossProfitRatio": 0.6642803124280731, "researchAndDevelopmentExpenses": 172926000, "generalAndAdministrativeExpenses": 118881000, "sellingAndMarketingExpenses": 28805000, "otherExpenses": -10906000, "operatingExpenses": 309706000, "costAndExpenses": 646642000, "interestExpense": 38764000, "depreciationAndAmortization": 53663000, "ebitda": 410644000, "ebitdaratio": 0.409161607496, "operatingIncome": 356981000, "operatingIncomeRatio": 0.3556923267, "totalOtherIncomeExpensesNet": -33547000, "incomeBeforeTax": 323434000, "incomeBeforeTaxRatio": 0.322266428729, "incomeTaxExpense": 27277000, "netIncome": 296157000, "netIncomeRatio": 0.295087896551, "eps": 0.93, "epsdiluted": 0.95, "weightedAverageShsOut": 308736000, "weightedAverageShsOutDil": 312308000, "link": "https://www.sec.gov/Archives/edgar/data/6281/000000628116000097/0000006281-16-000097-index.htm", "finalLink": "https://www.sec.gov/Archives/edgar/data/6281/000000628116000097/adi-10292016x10k.htm"}, {"date": "2016-07-30", "symbol": "ADI", "fillingDate": "2016-08-17", "acceptedDate": "2016-08-17 08:19:22", "period": "Q3", "revenue": 869591000, "costOfRevenue": 297301000, "grossProfit": 572290000, "grossProfitRatio": 0.6581139869202878, "researchAndDevelopmentExpenses": 163227000, "generalAndAdministrativeExpenses": 122909000, "sellingAndMarketingExpenses": -577000.0, "otherExpenses": 18024000, "operatingExpenses": 303583000, "costAndExpenses": 600884000, "interestExpense": 18476000, "depreciationAndAmortization": 52635000, "ebitda": 321342000, "ebitdaratio": 0.369532343366, "operatingIncome": 268707000, "operatingIncomeRatio": 0.309003888035, "totalOtherIncomeExpensesNet": -12307000, "incomeBeforeTax": 256400000, "incomeBeforeTaxRatio": 0.29485125766, "incomeTaxExpense": 25970000, "netIncome": 230430000, "netIncomeRatio": 0.264986643146, "eps": 0.75, "epsdiluted": 0.74, "weightedAverageShsOut": 309030000, "weightedAverageShsOutDil": 312534000, "link": "https://www.sec.gov/Archives/edgar/data/6281/000000628116000073/0000006281-16-000073-index.htm", "finalLink": "https://www.sec.gov/Archives/edgar/data/6281/000000628116000073/adiq310-q7302016.htm"}, {"date": "2016-04-30", "symbol": "ADI", "fillingDate": "2016-05-18", "acceptedDate": "2016-05-18 08:12:05", "period": "Q2", "revenue": 778766000, "costOfRevenue": 267863000, "grossProfit": 510903000, "grossProfitRatio": 0.6560417378262533, "researchAndDevelopmentExpenses": 160235000, "generalAndAdministrativeExpenses": 112186000, "sellingAndMarketingExpenses": -448000.0, "otherExpenses": 31551000, "operatingExpenses": 303524000, "costAndExpenses": 571387000, "interestExpense": 18455000, "depreciationAndAmortization": 51983000, "ebitda": 259362000, "ebitdaratio": 0.333042274573, "operatingIncome": 207379000, "operatingIncomeRatio": 0.266291800104, "totalOtherIncomeExpensesNet": -12469000, "incomeBeforeTax": 194910000, "incomeBeforeTaxRatio": 0.250280572085, "incomeTaxExpense": 24337000, "netIncome": 170573000, "netIncomeRatio": 0.219029849788, "eps": 0.55, "epsdiluted": 0.55, "weightedAverageShsOut": 309978000, "weightedAverageShsOutDil": 313521000, "link": "https://www.sec.gov/Archives/edgar/data/6281/000000628116000067/0000006281-16-000067-index.htm", "finalLink": "https://www.sec.gov/Archives/edgar/data/6281/000000628116000067/adiq210-q4302016.htm"}, {"date": "2016-01-30", "symbol": "ADI", "fillingDate": "2016-02-17", "acceptedDate": "2016-02-17 08:11:40", "period": "Q1", "revenue": 769429000, "costOfRevenue": 292136000, "grossProfit": 477293000, "grossProfitRatio": 0.6203210432671501, "researchAndDevelopmentExpenses": 157428000, "generalAndAdministrativeExpenses": 107462000, "sellingAndMarketingExpenses": 794000.0, "otherExpenses": 16564000, "operatingExpenses": 282248000, "costAndExpenses": 574384000, "interestExpense": 13062000, "depreciationAndAmortization": 51509000, "ebitda": 246554000, "ebitdaratio": 0.320437623224, "operatingIncome": 195045000, "operatingIncomeRatio": 0.253493174809, "totalOtherIncomeExpensesNet": -12868000, "incomeBeforeTax": 182177000, "incomeBeforeTaxRatio": 0.236769084607, "incomeTaxExpense": 17673000, "netIncome": 164504000, "netIncomeRatio": 0.213800103713, "eps": 0.53, "epsdiluted": 0.52, "weightedAverageShsOut": 311166000, "weightedAverageShsOutDil": 314793000, "link": "https://www.sec.gov/Archives/edgar/data/6281/000000628116000060/0000006281-16-000060-index.htm", "finalLink": "https://www.sec.gov/Archives/edgar/data/6281/000000628115000044/adi-10312015x10k.htm"}, {"date": "2015-10-31", "symbol": "ADI", "fillingDate": "2015-11-24", "acceptedDate": "2015-11-24 08:12:56", "period": "FY", "revenue": 978722000, "costOfRevenue": 336926000, "grossProfit": 641796000, "grossProfitRatio": 0.6557490278138225, "researchAndDevelopmentExpenses": 170736000, "generalAndAdministrativeExpenses": 121400000, "sellingAndMarketingExpenses": 2254000.0, "otherExpenses": 238776000, "operatingExpenses": 533166000, "costAndExpenses": 870092000, "interestExpense": 6739000.0, "depreciationAndAmortization": 50990000, "ebitda": 159620000, "ebitdaratio": 0.163090233999, "operatingIncome": 108630000, "operatingIncomeRatio": 0.110991680988, "totalOtherIncomeExpensesNet": -3953000.0, "incomeBeforeTax": 104677000, "incomeBeforeTaxRatio": 0.10695274041, "incomeTaxExpense": 8372000.0, "netIncome": 96305000, "netIncomeRatio": 0.0983987281373, "eps": 0.28, "epsdiluted": 0.31, "weightedAverageShsOut": 312660000, "weightedAverageShsOutDil": 316872000, "link": "https://www.sec.gov/Archives/edgar/data/6281/000000628115000044/0000006281-15-000044-index.htm", "finalLink": "https://www.sec.gov/Archives/edgar/data/6281/000000628115000044/adi-10312015x10k.htm"}, {"date": "2015-08-01", "symbol": "ADI", "fillingDate": "2015-08-18", "acceptedDate": "2015-08-18 16:16:01", "period": "Q3", "revenue": 863365000, "costOfRevenue": 294328000, "grossProfit": 569037000, "grossProfitRatio": 0.6590920410255222, "researchAndDevelopmentExpenses": 160784000, "generalAndAdministrativeExpenses": 120030000, "sellingAndMarketingExpenses": 2153000.0, "otherExpenses": 20801000, "operatingExpenses": 303768000, "costAndExpenses": 598096000, "interestExpense": 6755000.0, "depreciationAndAmortization": 57548000, "ebitda": 322817000, "ebitdaratio": 0.373905590335, "operatingIncome": 265269000, "operatingIncomeRatio": 0.307250120169, "totalOtherIncomeExpensesNet": -5791000.0, "incomeBeforeTax": 259478000, "incomeBeforeTaxRatio": 0.300542644189, "incomeTaxExpense": 43000000, "netIncome": 216478000, "netIncomeRatio": 0.250737521211, "eps": 0.69, "epsdiluted": 0.68, "weightedAverageShsOut": 312604000, "weightedAverageShsOutDil": 316973000, "link": "https://www.sec.gov/Archives/edgar/data/6281/000000628115000027/0000006281-15-000027-index.htm", "finalLink": "https://www.sec.gov/Archives/edgar/data/6281/000000628115000027/adi_q3x10-qx812015.htm"}, {"date": "2015-05-02", "symbol": "ADI", "fillingDate": "2015-05-19", "acceptedDate": "2015-05-19 16:16:13", "period": "Q2", "revenue": 821019000, "costOfRevenue": 276197000, "grossProfit": 544822000, "grossProfitRatio": 0.6635924381774356, "researchAndDevelopmentExpenses": 154233000, "generalAndAdministrativeExpenses": 117371000, "sellingAndMarketingExpenses": 2803000.0, "otherExpenses": 21407000, "operatingExpenses": 295814000, "costAndExpenses": 572011000, "interestExpense": 6880000.0, "depreciationAndAmortization": 57190000, "ebitda": 306198000, "ebitdaratio": 0.372948738093, "operatingIncome": 249008000, "operatingIncomeRatio": 0.303291397641, "totalOtherIncomeExpensesNet": -3819000.0, "incomeBeforeTax": 245189000, "incomeBeforeTaxRatio": 0.298639860953, "incomeTaxExpense": 39851000, "netIncome": 205338000, "netIncomeRatio": 0.250101398384, "eps": 0.66, "epsdiluted": 0.64, "weightedAverageShsOut": 311967000, "weightedAverageShsOutDil": 316365000, "link": "https://www.sec.gov/Archives/edgar/data/6281/000000628115000015/0000006281-15-000015-index.htm", "finalLink": "https://www.sec.gov/Archives/edgar/data/6281/000000628115000015/adi_q2x10-qx522015.htm"}, {"date": "2015-01-31", "symbol": "ADI", "fillingDate": "2015-02-17", "acceptedDate": "2015-02-17 16:21:40", "period": "Q1", "revenue": 771986000, "costOfRevenue": 268379000, "grossProfit": 503607000, "grossProfitRatio": 0.6523525038018824, "researchAndDevelopmentExpenses": 151706000, "generalAndAdministrativeExpenses": 120171000, "sellingAndMarketingExpenses": 2490000.0, "otherExpenses": 21306000, "operatingExpenses": 295673000, "costAndExpenses": 564052000, "interestExpense": 6656000.0, "depreciationAndAmortization": 56512000, "ebitda": 264446000, "ebitdaratio": 0.342552844223, "operatingIncome": 207934000, "operatingIncomeRatio": 0.269349444161, "totalOtherIncomeExpensesNet": -7164000.0, "incomeBeforeTax": 200770000, "incomeBeforeTaxRatio": 0.260069483125, "incomeTaxExpense": 22013000, "netIncome": 178757000, "netIncomeRatio": 0.231554717314, "eps": 0.57, "epsdiluted": 0.57, "weightedAverageShsOut": 311274000, "weightedAverageShsOutDil": 315684000, "link": "https://www.sec.gov/Archives/edgar/data/6281/000000628115000005/0000006281-15-000005-index.htm", "finalLink": "https://www.sec.gov/Archives/edgar/data/6281/000000628114000039/adi-1112014x10k.htm"}, {"date": "2014-11-01", "symbol": "ADI", "fillingDate": "2014-12-10", "acceptedDate": "2014-12-10 16:45:07", "period": "FY", "revenue": 814247000, "costOfRevenue": 328210000, "grossProfit": 486037000, "grossProfitRatio": 0.5969159235465405, "researchAndDevelopmentExpenses": 154797000, "generalAndAdministrativeExpenses": 121424000, "sellingAndMarketingExpenses": 33646000, "otherExpenses": 26241000, "operatingExpenses": 336108000, "costAndExpenses": 664318000, "interestExpense": 13161000, "depreciationAndAmortization": 57103000, "ebitda": 207032000, "ebitdaratio": 0.254261913154, "operatingIncome": 149929000, "operatingIncomeRatio": 0.184132087683, "totalOtherIncomeExpensesNet": -11231000, "incomeBeforeTax": 38673000, "incomeBeforeTaxRatio": 0.0474954160101, "incomeTaxExpense": 30003000, "netIncome": 108695000, "netIncomeRatio": 0.133491434417, "eps": 0.32, "epsdiluted": 0.34, "weightedAverageShsOut": 313195000, "weightedAverageShsOutDil": 318027000, "link": "https://www.sec.gov/Archives/edgar/data/6281/000000628114000039/0000006281-14-000039-index.htm", "finalLink": "https://www.sec.gov/Archives/edgar/data/6281/000000628114000039/adi-1112014x10k.htm"}, {"date": "2014-08-02", "symbol": "ADI", "fillingDate": "2014-08-26", "acceptedDate": "2014-08-26 16:22:48", "period": "Q3", "revenue": 727752000, "costOfRevenue": 251462000, "grossProfit": 476290000, "grossProfitRatio": 0.6544674559465312, "researchAndDevelopmentExpenses": 139985000, "generalAndAdministrativeExpenses": 132989000, "sellingAndMarketingExpenses": -48000.0, "otherExpenses": 818000.0, "operatingExpenses": 273744000, "costAndExpenses": 525206000, "interestExpense": 8178000.0, "depreciationAndAmortization": 29963000, "ebitda": 232509000, "ebitdaratio": 0.319489331531, "operatingIncome": 202546000, "operatingIncomeRatio": 0.278317338874, "totalOtherIncomeExpensesNet": -5158000.0, "incomeBeforeTax": 197388000, "incomeBeforeTaxRatio": 0.271229759588, "incomeTaxExpense": 16782000, "netIncome": 180606000, "netIncomeRatio": 0.248169706164, "eps": 0.57, "epsdiluted": 0.57, "weightedAverageShsOut": 313321000, "weightedAverageShsOutDil": 318413000, "link": "https://www.sec.gov/Archives/edgar/data/6281/000000628114000027/0000006281-14-000027-index.htm", "finalLink": "https://www.sec.gov/Archives/edgar/data/6281/000000628114000027/adi_q3x10-qx822014.htm"}, {"date": "2014-05-03", "symbol": "ADI", "fillingDate": "2014-05-20", "acceptedDate": "2014-05-20 16:32:36", "period": "Q2", "revenue": 694536000, "costOfRevenue": 235793000, "grossProfit": 458743000, "grossProfitRatio": 0.6605028393056659, "researchAndDevelopmentExpenses": 136258000, "generalAndAdministrativeExpenses": 102085000, "sellingAndMarketingExpenses": -356000.0, "otherExpenses": 356000.0, "operatingExpenses": 238343000, "costAndExpenses": 474136000, "interestExpense": 6874000.0, "depreciationAndAmortization": 27514000, "ebitda": 247914000, "ebitdaratio": 0.356949099831, "operatingIncome": 220400000, "operatingIncomeRatio": 0.317334162664, "totalOtherIncomeExpensesNet": -3032000.0, "incomeBeforeTax": 217368000, "incomeBeforeTaxRatio": 0.312968658212, "incomeTaxExpense": 29935000, "netIncome": 187433000, "netIncomeRatio": 0.269867940611, "eps": 0.6, "epsdiluted": 0.59, "weightedAverageShsOut": 312887000, "weightedAverageShsOutDil": 318182000, "link": "https://www.sec.gov/Archives/edgar/data/6281/000000628114000014/0000006281-14-000014-index.htm", "finalLink": "https://www.sec.gov/Archives/edgar/data/6281/000000628114000014/adi_q2x10-qx532014.htm"}, {"date": "2014-02-01", "symbol": "ADI", "fillingDate": "2014-02-18", "acceptedDate": "2014-02-18 16:31:40", "period": "Q1", "revenue": 628238000, "costOfRevenue": 219120000, "grossProfit": 409118000, "grossProfitRatio": 0.6512149854036209, "researchAndDevelopmentExpenses": 128646000, "generalAndAdministrativeExpenses": 98178000, "sellingAndMarketingExpenses": 58000.0, "otherExpenses": 2627000.0, "operatingExpenses": 229509000, "costAndExpenses": 448629000, "interestExpense": 6571000.0, "depreciationAndAmortization": 27390000, "ebitda": 206999000, "ebitdaratio": 0.329491371105, "operatingIncome": 179609000, "operatingIncomeRatio": 0.28589324428, "totalOtherIncomeExpensesNet": -3718000.0, "incomeBeforeTax": 175891000, "incomeBeforeTaxRatio": 0.2799751049761396, "incomeTaxExpense": 23305000, "netIncome": 152586000, "netIncomeRatio": 0.242879290969, "eps": 0.49, "epsdiluted": 0.48, "weightedAverageShsOut": 312286000, "weightedAverageShsOutDil": 318017000, "link": "https://www.sec.gov/Archives/edgar/data/6281/000000628114000003/0000006281-14-000003-index.htm", "finalLink": "https://www.sec.gov/Archives/edgar/data/6281/000000628113000040/adi-1122013x10k.htm"}, {"date": "2013-11-02", "symbol": "ADI", "fillingDate": "2013-11-26", "acceptedDate": "2013-11-26 16:22:18", "period": "FY", "revenue": 678133000, "costOfRevenue": 233263000, "grossProfit": 444870000, "grossProfitRatio": 0.6560217538447473, "researchAndDevelopmentExpenses": 131034000, "generalAndAdministrativeExpenses": 98197000, "sellingAndMarketingExpenses": 28703000, "otherExpenses": 15777000, "operatingExpenses": 245008000, "costAndExpenses": 478271000, "interestExpense": 6659000.0, "depreciationAndAmortization": 27570000, "ebitda": 227432000, "ebitdaratio": 0.335379637918, "operatingIncome": 199862000, "operatingIncomeRatio": 0.294723896345, "totalOtherIncomeExpensesNet": 82650000, "incomeBeforeTax": 140676000, "incomeBeforeTaxRatio": 0.207446031973, "incomeTaxExpense": 80958000, "netIncome": 201554000, "netIncomeRatio": 0.297218982117, "eps": 0.65, "epsdiluted": 0.63, "weightedAverageShsOut": 307763000, "weightedAverageShsOutDil": 314041000, "link": "https://www.sec.gov/Archives/edgar/data/6281/000000628113000040/0000006281-13-000040-index.htm", "finalLink": "https://www.sec.gov/Archives/edgar/data/6281/000000628113000040/adi-1122013x10k.htm"}, {"date": "2013-08-03", "symbol": "ADI", "fillingDate": "2013-08-20", "acceptedDate": "2013-08-20 16:27:44", "period": "Q3", "revenue": 674172000, "costOfRevenue": 239110000, "grossProfit": 435062000, "grossProfitRatio": 0.6453278985184789, "researchAndDevelopmentExpenses": 128947000, "generalAndAdministrativeExpenses": 97773000, "sellingAndMarketingExpenses": -744000.0, "otherExpenses": 744000.0, "operatingExpenses": 226720000, "costAndExpenses": 465830000, "interestExpense": 7672000.0, "depreciationAndAmortization": 27503000, "ebitda": 235845000, "ebitdaratio": 0.349829123725, "operatingIncome": 208342000, "operatingIncomeRatio": 0.309033896394, "totalOtherIncomeExpensesNet": -13301000, "incomeBeforeTax": 195041000, "incomeBeforeTaxRatio": 0.289304509828, "incomeTaxExpense": 18802000, "netIncome": 176239000, "netIncomeRatio": 0.261415484476, "eps": 0.57, "epsdiluted": 0.56, "weightedAverageShsOut": 306681000, "weightedAverageShsOutDil": 312983000, "link": "https://www.sec.gov/Archives/edgar/data/6281/000000628113000028/0000006281-13-000028-index.htm", "finalLink": "https://www.sec.gov/Archives/edgar/data/6281/000000628113000028/adi_q3x10-qx832013.htm"}, {"date": "2013-05-04", "symbol": "ADI", "fillingDate": "2013-05-21", "acceptedDate": "2013-05-21 16:24:00", "period": "Q2", "revenue": 659250000, "costOfRevenue": 237055000, "grossProfit": 422195000, "grossProfitRatio": 0.6404171406901782, "researchAndDevelopmentExpenses": 128110000, "generalAndAdministrativeExpenses": 102703000, "sellingAndMarketingExpenses": -2000.0, "otherExpenses": 2000.0, "operatingExpenses": 230813000, "costAndExpenses": 467868000, "interestExpense": 6357000.0, "depreciationAndAmortization": 27533000, "ebitda": 218915000, "ebitdaratio": 0.33206674251, "operatingIncome": 191382000, "operatingIncomeRatio": 0.29030261661, "totalOtherIncomeExpensesNet": -3721000.0, "incomeBeforeTax": 187661000, "incomeBeforeTaxRatio": 0.284658323853, "incomeTaxExpense": 23189000, "netIncome": 164472000, "netIncomeRatio": 0.249483503982, "eps": 0.54, "epsdiluted": 0.53, "weightedAverageShsOut": 305464000, "weightedAverageShsOutDil": 311822000, "link": "https://www.sec.gov/Archives/edgar/data/6281/000000628113000021/0000006281-13-000021-index.htm", "finalLink": "https://www.sec.gov/Archives/edgar/data/6281/000000628113000021/adi_q2x10-qx542013.htm"}, {"date": "2013-02-02", "symbol": "ADI", "fillingDate": "2013-02-19", "acceptedDate": "2013-02-19 16:11:40", "period": "Q1", "revenue": 622134000, "costOfRevenue": 231850000, "grossProfit": 390284000, "grossProfitRatio": 0.6273310894437533, "researchAndDevelopmentExpenses": 125164000, "generalAndAdministrativeExpenses": 97560000, "sellingAndMarketingExpenses": 435000.0, "otherExpenses": 13636000, "operatingExpenses": 236795000, "costAndExpenses": 468645000, "interestExpense": 6414000.0, "depreciationAndAmortization": 27810000, "ebitda": 181299000, "ebitdaratio": 0.2914147113, "operatingIncome": 153489000, "operatingIncomeRatio": 0.246713730483, "totalOtherIncomeExpensesNet": -3380000.0, "incomeBeforeTax": 150109000, "incomeBeforeTaxRatio": 0.241280817316, "incomeTaxExpense": 18887000, "netIncome": 131222000, "netIncomeRatio": 0.210922405784, "eps": 0.43, "epsdiluted": 0.42, "weightedAverageShsOut": 303484000, "weightedAverageShsOutDil": 310275000, "link": "https://www.sec.gov/Archives/edgar/data/6281/000000628113000004/0000006281-13-000004-index.htm", "finalLink": "https://www.sec.gov/Archives/edgar/data/6281/000000628112000010/adi-1132012x10k.htm"}, {"date": "2012-11-03", "symbol": "ADI", "fillingDate": "2012-11-27", "acceptedDate": "2012-11-27 16:14:09", "period": "FY", "revenue": 694964000, "costOfRevenue": 251682000, "grossProfit": 443282000, "grossProfitRatio": 0.6378488669916715, "researchAndDevelopmentExpenses": 130394000, "generalAndAdministrativeExpenses": 97609000, "sellingAndMarketingExpenses": 20374000, "otherExpenses": -5728000.0, "operatingExpenses": 242649000, "costAndExpenses": 494331000, "interestExpense": 6391000.0, "depreciationAndAmortization": 27538000, "ebitda": 242817000, "ebitdaratio": 0.34939507658, "operatingIncome": 215279000, "operatingIncomeRatio": 0.309770002475, "totalOtherIncomeExpensesNet": -2755000.0, "incomeBeforeTax": 212524000, "incomeBeforeTaxRatio": 0.305805768356, "incomeTaxExpense": 33337000, "netIncome": 179187000, "netIncomeRatio": 0.257836377136, "eps": 0.6, "epsdiluted": 0.59, "weightedAverageShsOut": 298761000, "weightedAverageShsOutDil": 306191000, "link": "https://www.sec.gov/Archives/edgar/data/6281/000000628112000010/0000006281-12-000010-index.htm", "finalLink": "https://www.sec.gov/Archives/edgar/data/6281/000000628112000010/adi-1132012x10k.htm"}, {"date": "2012-08-04", "symbol": "ADI", "fillingDate": "2012-08-21", "acceptedDate": "2012-08-21 16:15:13", "period": "Q3", "revenue": 2006178000, "costOfRevenue": 708459000, "grossProfit": 1297719000, "grossProfitRatio": 0.6468613453043548, "researchAndDevelopmentExpenses": 381609000, "generalAndAdministrativeExpenses": 298910000, "sellingAndMarketingExpenses": 2703000.0, "otherExpenses": 5728000.0, "operatingExpenses": 688950000, "costAndExpenses": 1397409000, "interestExpense": 20031000, "depreciationAndAmortization": 82295000, "ebitda": 691064000, "ebitdaratio": 0.344467938538, "operatingIncome": 608769000, "operatingIncomeRatio": 0.303447151748, "totalOtherIncomeExpensesNet": -7760000.0, "incomeBeforeTax": 601009000, "incomeBeforeTaxRatio": 0.29957910016, "incomeTaxExpense": 128960000, "netIncome": 472049000, "netIncomeRatio": 0.235297665511, "eps": 1.58, "epsdiluted": 1.54, "weightedAverageShsOut": 298121000, "weightedAverageShsOutDil": 305604000, "link": "https://www.sec.gov/Archives/edgar/data/6281/000000628112000004/0000006281-12-000004-index.htm", "finalLink": "https://www.sec.gov/Archives/edgar/data/6281/000000628112000004/adi_q3x10-qx842012.htm"}, {"date": "2012-05-05", "symbol": "ADI", "fillingDate": "2012-05-22", "acceptedDate": "2012-05-22 16:11:24", "period": "Q2", "revenue": 675094000, "costOfRevenue": 236310000, "grossProfit": 438784000, "grossProfitRatio": 0.6499598574420747, "researchAndDevelopmentExpenses": 127537000, "generalAndAdministrativeExpenses": 99992000, "sellingAndMarketingExpenses": 0.0, "otherExpenses": 0.0, "operatingExpenses": 227529000, "costAndExpenses": 463839000, "interestExpense": 0.0, "depreciationAndAmortization": 26871000, "ebitda": 239797000, "ebitdaratio": 0.35520534918100294, "operatingIncome": 212926000, "operatingIncomeRatio": 0.31540200327658074, "totalOtherIncomeExpensesNet": 0.0, "incomeBeforeTax": 211454000, "incomeBeforeTaxRatio": 0.3132215661818947, "incomeTaxExpense": 48555000, "netIncome": 162899000, "netIncomeRatio": 0.24129824883645834, "eps": 1.01, "epsdiluted": 1.01, "weightedAverageShsOut": 298121000, "weightedAverageShsOutDil": 305604000, "link": "https://www.sec.gov/Archives/edgar/data/6281/000119312512243459/0001193125-12-243459-index.htm", "finalLink": "https://www.sec.gov/Archives/edgar/data/6281/000119312512243459/d308637d10q.htm"}, {"date": "2012-02-04", "symbol": "ADI", "fillingDate": "2012-02-22", "acceptedDate": "2012-02-22 16:08:06", "period": "Q1", "revenue": 648058000, "costOfRevenue": 240475000, "grossProfit": 407583000, "grossProfitRatio": 0.6289298180101164, "researchAndDevelopmentExpenses": 124378000, "generalAndAdministrativeExpenses": 99045000, "sellingAndMarketingExpenses": 0.0, "otherExpenses": 0.0, "operatingExpenses": 223423000, "costAndExpenses": 463898000, "interestExpense": 0.0, "depreciationAndAmortization": 28243000, "ebitda": 211615000, "ebitdaratio": 0.3265371309358113, "operatingIncome": 183372000, "operatingIncomeRatio": 0.28295615515895184, "totalOtherIncomeExpensesNet": 0.0, "incomeBeforeTax": 180086000, "incomeBeforeTaxRatio": 0.2778856213487064, "incomeTaxExpense": 40704000, "netIncome": 139382000, "netIncomeRatio": 0.2150764283443766, "eps": 0.0, "epsdiluted": 0.0, "weightedAverageShsOut": 298121000, "weightedAverageShsOutDil": 305604000, "link": "https://www.sec.gov/Archives/edgar/data/6281/000119312512072732/0001193125-12-072732-index.htm", "finalLink": "https://www.sec.gov/Archives/edgar/data/6281/000095012311099928/b87841e10vk.htm"}, {"date": "2011-10-29", "symbol": "ADI", "fillingDate": "2011-11-22", "acceptedDate": "2011-11-22 10:51:07", "period": "FY", "revenue": 716134000, "costOfRevenue": 257455000, "grossProfit": 458679000, "grossProfitRatio": 0.6404932596413521, "researchAndDevelopmentExpenses": 123889000, "generalAndAdministrativeExpenses": 99094000, "sellingAndMarketingExpenses": 0.0, "otherExpenses": 0.0, "operatingExpenses": 222983000, "costAndExpenses": 480438000, "interestExpense": 0.0, "depreciationAndAmortization": 28781000, "ebitda": 264073000, "ebitdaratio": 0.36874802760377245, "operatingIncome": 235292000, "operatingIncomeRatio": 0.328558621710462, "totalOtherIncomeExpensesNet": 0.0, "incomeBeforeTax": 231000000, "incomeBeforeTaxRatio": 0.32256532995221565, "incomeTaxExpense": -153080000, "netIncome": 183527000, "netIncomeRatio": 0.256274663680261, "eps": 2.88, "epsdiluted": 2.88, "weightedAverageShsOut": 298121000, "weightedAverageShsOutDil": 305604000, "link": "https://www.sec.gov/Archives/edgar/data/6281/000095012311099928/0000950123-11-099928-index.htm", "finalLink": "https://www.sec.gov/Archives/edgar/data/6281/000095012311099928/b87841e10vk.htm"}, {"date": "2011-07-30", "symbol": "ADI", "fillingDate": "2011-08-16", "acceptedDate": "2011-08-16 16:33:01", "period": "Q3", "revenue": 757902000, "costOfRevenue": 250073000, "grossProfit": 507829000, "grossProfitRatio": 0.6700457315061842, "researchAndDevelopmentExpenses": 128476000, "generalAndAdministrativeExpenses": 102323000, "sellingAndMarketingExpenses": 0.0, "otherExpenses": 0.0, "operatingExpenses": 230799000, "costAndExpenses": 480872000, "interestExpense": 0.0, "depreciationAndAmortization": 29133000, "ebitda": 307974000, "ebitdaratio": 0.40635068913922906, "operatingIncome": 278841000, "operatingIncomeRatio": 0.36791168251304257, "totalOtherIncomeExpensesNet": 0.0, "incomeBeforeTax": 274871000, "incomeBeforeTaxRatio": 0.3626735382674805, "incomeTaxExpense": 54936000, "netIncome": 219935000, "netIncomeRatio": 0.29018923290874016, "eps": 2.26, "epsdiluted": 2.26, "weightedAverageShsOut": 298121000, "weightedAverageShsOutDil": 305604000, "link": "https://www.sec.gov/Archives/edgar/data/6281/000095012311077973/0000950123-11-077973-index.htm", "finalLink": "https://www.sec.gov/Archives/edgar/data/6281/000095012311077973/b86716ae10vq.htm"}, {"date": "2011-04-30", "symbol": "ADI", "fillingDate": "2011-05-17", "acceptedDate": "2011-05-17 16:32:02", "period": "Q2", "revenue": 790780000, "costOfRevenue": 258466000, "grossProfit": 532314000, "grossProfitRatio": 0.6731505602063785, "researchAndDevelopmentExpenses": 130460000, "generalAndAdministrativeExpenses": 105268000, "sellingAndMarketingExpenses": 0.0, "otherExpenses": 0.0, "operatingExpenses": 235728000, "costAndExpenses": 494194000, "interestExpense": 0.0, "depreciationAndAmortization": 29466000, "ebitda": 327952000, "ebitdaratio": 0.41471964389590027, "operatingIncome": 298486000, "operatingIncomeRatio": 0.3774576999924126, "totalOtherIncomeExpensesNet": 0.0, "incomeBeforeTax": 296756000, "incomeBeforeTaxRatio": 0.3752699865955133, "incomeTaxExpense": 54930000, "netIncome": 241826000, "netIncomeRatio": 0.305806924808417, "eps": 1.53, "epsdiluted": 1.53, "weightedAverageShsOut": 298121000, "weightedAverageShsOutDil": 305604000, "link": "https://www.sec.gov/Archives/edgar/data/6281/000095012311051316/0000950123-11-051316-index.htm", "finalLink": "https://www.sec.gov/Archives/edgar/data/6281/000095012311051316/b85472e10vq.htm"}, {"date": "2011-01-29", "symbol": "ADI", "fillingDate": "2011-02-15", "acceptedDate": "2011-02-15 16:27:05", "period": "Q1", "revenue": 728504000, "costOfRevenue": 248079000, "grossProfit": 480425000, "grossProfitRatio": 0.659467895852322, "researchAndDevelopmentExpenses": 122745000, "generalAndAdministrativeExpenses": 100022000, "sellingAndMarketingExpenses": 0.0, "otherExpenses": 0.0, "operatingExpenses": 222767000, "costAndExpenses": 470846000, "interestExpense": 0.0, "depreciationAndAmortization": 29493000, "ebitda": 288899000, "ebitdaratio": 0.396564740893667, "operatingIncome": 259406000, "operatingIncomeRatio": 0.3560804058728573, "totalOtherIncomeExpensesNet": 0.0, "incomeBeforeTax": 258820000, "incomeBeforeTaxRatio": 0.3552760177020305, "incomeTaxExpense": 43214000, "netIncome": 222106000, "netIncomeRatio": 0.3048795888560667, "eps": 0.0, "epsdiluted": 0.0, "weightedAverageShsOut": 298121000, "weightedAverageShsOutDil": 305604000, "link": "https://www.sec.gov/Archives/edgar/data/6281/000095012311014275/0000950123-11-014275-index.htm", "finalLink": "https://www.sec.gov/Archives/edgar/data/6281/000095012310107816/b81293e10vk.htm"}, {"date": "2010-10-30", "symbol": "ADI", "fillingDate": "2010-11-22", "acceptedDate": "2010-11-22 16:19:46", "period": "FY", "revenue": 769990000, "costOfRevenue": 255685000, "grossProfit": 514305000, "grossProfitRatio": 0.667937245938259, "researchAndDevelopmentExpenses": 128140000, "generalAndAdministrativeExpenses": 102349000, "sellingAndMarketingExpenses": 0.0, "otherExpenses": 0.0, "operatingExpenses": 230489000, "costAndExpenses": 486174000, "interestExpense": 0.0, "depreciationAndAmortization": 29307000, "ebitda": 315047000, "ebitdaratio": 0.4091572617826206, "operatingIncome": 285740000, "operatingIncomeRatio": 0.37109572851595474, "totalOtherIncomeExpensesNet": 0.0, "incomeBeforeTax": 288057000, "incomeBeforeTaxRatio": 0.3741048585046559, "incomeTaxExpense": -127377000, "netIncome": 224994000, "netIncomeRatio": 0.2922037948544786, "eps": 2.39, "epsdiluted": 2.39, "weightedAverageShsOut": 298121000, "weightedAverageShsOutDil": 305604000, "link": "https://www.sec.gov/Archives/edgar/data/6281/000095012310107816/0000950123-10-107816-index.htm", "finalLink": "https://www.sec.gov/Archives/edgar/data/6281/000095012310107816/b81293e10vk.htm"}, {"date": "2010-07-31", "symbol": "ADI", "fillingDate": "2010-08-17", "acceptedDate": "2010-08-17 16:16:16", "period": "Q3", "revenue": 720290000, "costOfRevenue": 241966000, "grossProfit": 478324000, "grossProfitRatio": 0.6640714156797957, "researchAndDevelopmentExpenses": 126987000, "generalAndAdministrativeExpenses": 102070000, "sellingAndMarketingExpenses": 0.0, "otherExpenses": 0.0, "operatingExpenses": 229057000, "costAndExpenses": 471023000, "interestExpense": 0.0, "depreciationAndAmortization": 28582000, "ebitda": 279727000, "ebitdaratio": 0.3883533021421927, "operatingIncome": 251145000, "operatingIncomeRatio": 0.3486720626414361, "totalOtherIncomeExpensesNet": 0.0, "incomeBeforeTax": 251321000, "incomeBeforeTaxRatio": 0.34891640866873064, "incomeTaxExpense": 51830000, "netIncome": 199491000, "netIncomeRatio": 0.27695928028988326, "eps": 1.64, "epsdiluted": 1.64, "weightedAverageShsOut": 298121000, "weightedAverageShsOutDil": 305604000, "link": "https://www.sec.gov/Archives/edgar/data/6281/000095012310078540/0000950123-10-078540-index.htm", "finalLink": "https://www.sec.gov/Archives/edgar/data/6281/000095012310078540/b81291e10vq.htm"}, {"date": "2010-05-01", "symbol": "ADI", "fillingDate": "2010-05-18", "acceptedDate": "2010-05-18 16:34:16", "period": "Q2", "revenue": 668240000, "costOfRevenue": 235585000, "grossProfit": 432655000, "grossProfitRatio": 0.6474545073626242, "researchAndDevelopmentExpenses": 122780000, "generalAndAdministrativeExpenses": 97660000, "sellingAndMarketingExpenses": 0.0, "otherExpenses": 0.0, "operatingExpenses": 220440000, "costAndExpenses": 456025000, "interestExpense": 0.0, "depreciationAndAmortization": 28913000, "ebitda": 242988000, "ebitdaratio": 0.3636238477193823, "operatingIncome": 214075000, "operatingIncomeRatio": 0.3203564587573327, "totalOtherIncomeExpensesNet": 0.0, "incomeBeforeTax": 214020000, "incomeBeforeTaxRatio": 0.32027415299892253, "incomeTaxExpense": 46880000, "netIncome": 167140000, "netIncomeRatio": 0.2501197174667784, "eps": 0.97, "epsdiluted": 0.97, "weightedAverageShsOut": 298121000, "weightedAverageShsOutDil": 305604000, "link": "https://www.sec.gov/Archives/edgar/data/6281/000095012310050859/0000950123-10-050859-index.htm", "finalLink": "https://www.sec.gov/Archives/edgar/data/6281/000095012310050859/b80108e10vq.htm"}, {"date": "2010-01-30", "symbol": "ADI", "fillingDate": "2010-02-17", "acceptedDate": "2010-02-17 16:55:53", "period": "Q", "revenue": 602983000, "costOfRevenue": 236178000, "grossProfit": 366805000, "grossProfitRatio": 0.60831731574522, "researchAndDevelopmentExpenses": 114398000, "generalAndAdministrativeExpenses": 88481000, "sellingAndMarketingExpenses": 0.0, "otherExpenses": 0.0, "operatingExpenses": 202879000, "costAndExpenses": 439057000, "interestExpense": 0.0, "depreciationAndAmortization": -565.0, "ebitda": 8244335.0, "ebitdaratio": 0.24729293363162808, "operatingIncome": 8244900.0, "operatingIncomeRatio": 0.24729387063980246, "totalOtherIncomeExpensesNet": 346529.0, "incomeBeforeTax": 8591429.0, "incomeBeforeTaxRatio": 0.2458891875890365, "incomeTaxExpense": 28667000, "netIncome": 8591429.0, "netIncomeRatio": 0.19977180119505858, "eps": 0.87, "epsdiluted": 0.87, "weightedAverageShsOut": 291385000, "weightedAverageShsOutDil": 291385000, "link": "https://www.sec.gov/Archives/edgar/data/6281/000095012310013755/0000950123-10-013755-index.htm", "finalLink": "https://www.sec.gov/Archives/edgar/data/6281/000095012309065635/b76910e10vk.htm"}, {"date": "2009-10-31", "symbol": "ADI", "fillingDate": "2009-11-24", "acceptedDate": "2009-11-24 15:37:04", "period": "FY", "revenue": 579069000, "costOfRevenue": 251881000, "grossProfit": 327188000, "grossProfitRatio": 0.5650242026425175, "researchAndDevelopmentExpenses": 110126000, "generalAndAdministrativeExpenses": 83356000, "sellingAndMarketingExpenses": 0.0, "otherExpenses": 0.0, "operatingExpenses": 193482000, "costAndExpenses": 445363000, "interestExpense": -2726000.0, "depreciationAndAmortization": 29998000, "ebitda": 158370000, "ebitdaratio": 0.27349072390336904, "operatingIncome": 128372000, "operatingIncomeRatio": 0.22168688014727086, "totalOtherIncomeExpensesNet": 0.0, "incomeBeforeTax": 127226000, "incomeBeforeTaxRatio": 0.2197078413798701, "incomeTaxExpense": -28419000, "netIncome": 105609000, "netIncomeRatio": 0.1823772296565694, "eps": 0.85, "epsdiluted": 0.85, "weightedAverageShsOut": 298121000, "weightedAverageShsOutDil": 305604000, "link": "https://www.sec.gov/Archives/edgar/data/6281/000095012309065635/0000950123-09-065635-index.htm", "finalLink": "https://www.sec.gov/Archives/edgar/data/6281/000095012309065635/b76910e10vk.htm"}, {"date": "2009-08-01", "symbol": "ADI", "fillingDate": "2009-08-18", "acceptedDate": "2009-08-18 16:25:33", "period": "Q3", "revenue": 491991000, "costOfRevenue": 227704000, "grossProfit": 264287000, "grossProfitRatio": 0.5371785256234362, "researchAndDevelopmentExpenses": 107578000, "generalAndAdministrativeExpenses": 79706000, "sellingAndMarketingExpenses": 0.0, "otherExpenses": 0.0, "operatingExpenses": 187284000, "costAndExpenses": 414988000, "interestExpense": -1368000.0, "depreciationAndAmortization": 30300000, "ebitda": 109245000, "ebitdaratio": 0.22204674475752606, "operatingIncome": 78945000, "operatingIncomeRatio": 0.1604602523216888, "totalOtherIncomeExpensesNet": 0.0, "incomeBeforeTax": 80027000, "incomeBeforeTaxRatio": 0.162659479543325, "incomeTaxExpense": 14567000, "netIncome": 65460000, "netIncomeRatio": 0.13305121435148204, "eps": 0.49, "epsdiluted": 0.49, "weightedAverageShsOut": 291267000, "weightedAverageShsOutDil": 291267000, "link": "https://www.sec.gov/Archives/edgar/data/6281/000095012309036183/0000950123-09-036183-index.htm", "finalLink": "https://www.sec.gov/Archives/edgar/data/6281/000095012309036183/b75672ade10vq.htm"}, {"date": "2009-05-02", "symbol": "ADI", "fillingDate": "2009-05-19", "acceptedDate": "2009-05-19 16:38:21", "period": "Q2", "revenue": 474748000, "costOfRevenue": 215008000, "grossProfit": 259740000, "grossProfitRatio": 0.5471113095789767, "researchAndDevelopmentExpenses": 109448000, "generalAndAdministrativeExpenses": 82276000, "sellingAndMarketingExpenses": 0.0, "otherExpenses": 0.0, "operatingExpenses": 191724000, "costAndExpenses": 406732000, "interestExpense": 0.0, "depreciationAndAmortization": 33440000, "ebitda": 91349000, "ebitdaratio": 0.1924157658378761, "operatingIncome": 57909000, "operatingIncomeRatio": 0.12197839696007144, "totalOtherIncomeExpensesNet": 0.0, "incomeBeforeTax": 62233000, "incomeBeforeTaxRatio": 0.13108638688314642, "incomeTaxExpense": 10479000, "netIncome": 51754000, "netIncomeRatio": 0.10901362407003294, "eps": 0.26, "epsdiluted": 0.26, "weightedAverageShsOut": 291207000, "weightedAverageShsOutDil": 291207000, "link": "https://www.sec.gov/Archives/edgar/data/6281/000095013509004116/0000950135-09-004116-index.htm", "finalLink": "https://www.sec.gov/Archives/edgar/data/6281/000095013509004116/b75570ade10vq.htm"}, {"date": "2009-01-31", "symbol": "ADI", "fillingDate": "2009-02-18", "acceptedDate": "2009-02-18 16:32:22", "period": "Q1", "revenue": 476569000, "costOfRevenue": 209147000, "grossProfit": 267422000, "grossProfitRatio": 0.5611401496950075, "researchAndDevelopmentExpenses": 119828000, "generalAndAdministrativeExpenses": 87846000, "sellingAndMarketingExpenses": 0.0, "otherExpenses": 0.0, "operatingExpenses": 207674000, "costAndExpenses": 416821000, "interestExpense": 0.0, "depreciationAndAmortization": 38755000, "ebitda": 58346000, "ebitdaratio": 0.12242928096456127, "operatingIncome": 19591000, "operatingIncomeRatio": 0.041108422914625166, "totalOtherIncomeExpensesNet": 0.0, "incomeBeforeTax": 27958000, "incomeBeforeTaxRatio": 0.05866516705870504, "incomeTaxExpense": 3373000.0, "netIncome": 24949000, "netIncomeRatio": 0.05235128596278818, "eps": 0.08, "epsdiluted": 0.08, "weightedAverageShsOut": 291187000, "weightedAverageShsOutDil": 291187000, "link": "https://www.sec.gov/Archives/edgar/data/6281/000095013509001042/0000950135-09-001042-index.htm", "finalLink": "https://www.sec.gov/Archives/edgar/data/6281/000095013508007596/b72976ade10vk.htm"}, {"date": "2008-11-01", "symbol": "ADI", "fillingDate": "2008-11-25", "acceptedDate": "2008-11-25 16:26:02", "period": "FY", "revenue": 660696000, "costOfRevenue": 264845000, "grossProfit": 395851000, "grossProfitRatio": 0.5991424195091237, "researchAndDevelopmentExpenses": 133451000, "generalAndAdministrativeExpenses": 106381000, "sellingAndMarketingExpenses": 0.0, "otherExpenses": 0.0, "operatingExpenses": 239832000, "costAndExpenses": 504677000, "interestExpense": 0.0, "depreciationAndAmortization": 36161000, "ebitda": 196898000, "ebitdaratio": 0.2980160315788199, "operatingIncome": 160737000, "operatingIncomeRatio": 0.24328435468051873, "totalOtherIncomeExpensesNet": 0.0, "incomeBeforeTax": 171365000, "incomeBeforeTaxRatio": 0.2593704214949084, "incomeTaxExpense": -113802000, "netIncome": 143871000, "netIncomeRatio": 0.2177567292673181, "eps": 1.79, "epsdiluted": 1.79, "weightedAverageShsOut": 292688000, "weightedAverageShsOutDil": 292688000, "link": "https://www.sec.gov/Archives/edgar/data/6281/000095013508007596/0000950135-08-007596-index.htm", "finalLink": "https://www.sec.gov/Archives/edgar/data/6281/000095013508007596/b72976ade10vk.htm"}, {"date": "2008-08-02", "symbol": "ADI", "fillingDate": "2008-08-19", "acceptedDate": "2008-08-19 16:49:46", "period": "Q3", "revenue": 658986000, "costOfRevenue": 253333000, "grossProfit": 405653000, "grossProfitRatio": 0.615571499242776, "researchAndDevelopmentExpenses": 135837000, "generalAndAdministrativeExpenses": 104767000, "sellingAndMarketingExpenses": 0.0, "otherExpenses": 0.0, "operatingExpenses": 240604000, "costAndExpenses": 493937000, "interestExpense": 0.0, "depreciationAndAmortization": 36244000, "ebitda": 197434000, "ebitdaratio": 0.29960272297135293, "operatingIncome": 161190000, "operatingIncomeRatio": 0.24460307199242473, "totalOtherIncomeExpensesNet": 0.0, "incomeBeforeTax": 168731000, "incomeBeforeTaxRatio": 0.2560464106976476, "incomeTaxExpense": 39536000, "netIncome": 138608000, "netIncomeRatio": 0.21033527267650604, "eps": 1.3, "epsdiluted": 1.3, "weightedAverageShsOut": 293302000, "weightedAverageShsOutDil": 293302000, "link": "https://www.sec.gov/Archives/edgar/data/6281/000095013508005673/0000950135-08-005673-index.htm", "finalLink": "https://www.sec.gov/Archives/edgar/data/6281/000095013508005673/b72023ade10vq.htm"}, {"date": "2008-05-03", "symbol": "ADI", "fillingDate": "2008-05-20", "acceptedDate": "2008-05-20 16:25:32", "period": "Q2", "revenue": 649340000, "costOfRevenue": 255225000, "grossProfit": 394115000, "grossProfitRatio": 0.6069470539316845, "researchAndDevelopmentExpenses": 134653000, "generalAndAdministrativeExpenses": 104183000, "sellingAndMarketingExpenses": 0.0, "otherExpenses": 0.0, "operatingExpenses": 238836000, "costAndExpenses": 494061000, "interestExpense": 0.0, "depreciationAndAmortization": 36266000, "ebitda": 193451000, "ebitdaratio": 0.2979194258785844, "operatingIncome": 157185000, "operatingIncomeRatio": 0.24206886992946686, "totalOtherIncomeExpensesNet": 0.0, "incomeBeforeTax": 167740000, "incomeBeforeTaxRatio": 0.2583238365109188, "incomeTaxExpense": 37848000, "netIncome": 133086000, "netIncomeRatio": 0.2049558012751409, "eps": 0.85, "epsdiluted": 0.85, "weightedAverageShsOut": 294765000, "weightedAverageShsOutDil": 294765000, "link": "https://www.sec.gov/Archives/edgar/data/6281/000095013508003842/0000950135-08-003842-index.htm", "finalLink": "https://www.sec.gov/Archives/edgar/data/6281/000095013508003842/b69749ade10vq.htm"}, {"date": "2008-02-02", "symbol": "ADI", "fillingDate": "2008-02-20", "acceptedDate": "2008-02-20 16:49:09", "period": "Q1", "revenue": 613909000, "costOfRevenue": 240059000, "grossProfit": 373850000, "grossProfitRatio": 0.6089664754874093, "researchAndDevelopmentExpenses": 129539000, "generalAndAdministrativeExpenses": 100351000, "sellingAndMarketingExpenses": 0.0, "otherExpenses": 0.0, "operatingExpenses": 229890000, "costAndExpenses": 469949000, "interestExpense": 0.0, "depreciationAndAmortization": 35551000, "ebitda": 181464000, "ebitdaratio": 0.2955877825540919, "operatingIncome": 145913000, "operatingIncomeRatio": 0.237678548449363, "totalOtherIncomeExpensesNet": 0.0, "incomeBeforeTax": 158266000, "incomeBeforeTaxRatio": 0.25780042318975616, "incomeTaxExpense": 36418000, "netIncome": 370719000, "netIncomeRatio": 0.6038663710745403, "eps": 0.41, "epsdiluted": 0.41, "weightedAverageShsOut": 299141000, "weightedAverageShsOutDil": 299141000, "link": "https://www.sec.gov/Archives/edgar/data/6281/000095013508001113/0000950135-08-001113-index.htm", "finalLink": "https://www.sec.gov/Archives/edgar/data/6281/000095013507007253/b67578ade10vk.htm"}, {"date": "2007-11-03", "symbol": "ADI", "fillingDate": "2007-11-30", "acceptedDate": "2007-11-30 16:08:24", "period": "FY", "revenue": 505059000, "costOfRevenue": 175591000, "grossProfit": 329468000, "grossProfitRatio": 0.652335667714069, "researchAndDevelopmentExpenses": 80173000, "generalAndAdministrativeExpenses": 93116000, "sellingAndMarketingExpenses": 0.0, "otherExpenses": 0.0, "operatingExpenses": 173289000, "costAndExpenses": 348880000, "interestExpense": 0.0, "depreciationAndAmortization": 35104000, "ebitda": 168606000, "ebitdaratio": 0.33383426490766427, "operatingIncome": 133502000, "operatingIncomeRatio": 0.26432951397757487, "totalOtherIncomeExpensesNet": 0.0, "incomeBeforeTax": 146393000, "incomeBeforeTaxRatio": 0.2898532646680883, "incomeTaxExpense": -113728000, "netIncome": 97889000, "netIncomeRatio": 0.19381695999873283, "eps": 1.55, "epsdiluted": 1.55, "weightedAverageShsOut": 323255000, "weightedAverageShsOutDil": 323255000, "link": "https://www.sec.gov/Archives/edgar/data/6281/000095013507007253/0000950135-07-007253-index.htm", "finalLink": "https://www.sec.gov/Archives/edgar/data/6281/000095013507007253/b67578ade10vk.htm"}, {"date": "2007-08-04", "symbol": "ADI", "fillingDate": "2007-08-21", "acceptedDate": "2007-08-21 16:27:55", "period": "Q3", "revenue": 680312000, "costOfRevenue": 299812000, "grossProfit": 380500000, "grossProfitRatio": 0.5593022025188443, "researchAndDevelopmentExpenses": 148562000, "generalAndAdministrativeExpenses": 102379000, "sellingAndMarketingExpenses": 0.0, "otherExpenses": 0.0, "operatingExpenses": 250941000, "costAndExpenses": 550753000, "interestExpense": 0.0, "depreciationAndAmortization": 35741000, "ebitda": 173385000, "ebitdaratio": 0.2548610049506697, "operatingIncome": 137644000, "operatingIncomeRatio": 0.20232481567280894, "totalOtherIncomeExpensesNet": 0.0, "incomeBeforeTax": 154093000, "incomeBeforeTaxRatio": 0.22650342783899152, "incomeTaxExpense": 33658000, "netIncome": 120435000, "netIncomeRatio": 0.17702906901539295, "eps": 1.21, "epsdiluted": 1.21, "weightedAverageShsOut": 329050000, "weightedAverageShsOutDil": 329050000, "link": "https://www.sec.gov/Archives/edgar/data/6281/000095013507005221/0000950135-07-005221-index.htm", "finalLink": "https://www.sec.gov/Archives/edgar/data/6281/000095013507005221/b66653ade10vq.htm"}, {"date": "2007-05-05", "symbol": "ADI", "fillingDate": "2007-05-22", "acceptedDate": "2007-05-22 16:33:42", "period": "Q2", "revenue": 669132000, "costOfRevenue": 287494000, "grossProfit": 381638000, "grossProfitRatio": 0.5703478536372495, "researchAndDevelopmentExpenses": 146686000, "generalAndAdministrativeExpenses": 93045000, "sellingAndMarketingExpenses": 0.0, "otherExpenses": 0.0, "operatingExpenses": 239731000, "costAndExpenses": 527225000, "interestExpense": 0.0, "depreciationAndAmortization": 35715000, "ebitda": 167506000, "ebitdaratio": 0.2503332675765021, "operatingIncome": 131791000, "operatingIncomeRatio": 0.19695814876586384, "totalOtherIncomeExpensesNet": 0.0, "incomeBeforeTax": 162883000, "incomeBeforeTaxRatio": 0.24342431687619184, "incomeTaxExpense": 37527000, "netIncome": 125356000, "netIncomeRatio": 0.1873412121972944, "eps": 0.83, "epsdiluted": 0.83, "weightedAverageShsOut": 334343000, "weightedAverageShsOutDil": 334343000, "link": "https://www.sec.gov/Archives/edgar/data/6281/000095013507003290/0000950135-07-003290-index.htm", "finalLink": "https://www.sec.gov/Archives/edgar/data/6281/000095013507003290/b65535ade10vq.htm"}, {"date": "2007-02-03", "symbol": "ADI", "fillingDate": "2007-02-21", "acceptedDate": "2007-02-21 16:16:12", "period": "Q1", "revenue": 691614000, "costOfRevenue": 274594000, "grossProfit": 417020000, "grossProfitRatio": 0.6029663945495609, "researchAndDevelopmentExpenses": 143894000, "generalAndAdministrativeExpenses": 104681000, "sellingAndMarketingExpenses": 0.0, "otherExpenses": 0.0, "operatingExpenses": 248575000, "costAndExpenses": 523169000, "interestExpense": 0.0, "depreciationAndAmortization": 35613000, "ebitda": 198862000, "ebitdaratio": 0.28753321939694687, "operatingIncome": 163249000, "operatingIncomeRatio": 0.2360406238161749, "totalOtherIncomeExpensesNet": 0.0, "incomeBeforeTax": 195551000, "incomeBeforeTaxRatio": 0.2827458669142036, "incomeTaxExpense": 42543000, "netIncome": 153227000, "netIncomeRatio": 0.22154988187052316, "eps": 0.45, "epsdiluted": 0.45, "weightedAverageShsOut": 338698000, "weightedAverageShsOutDil": 338698000, "link": "https://www.sec.gov/Archives/edgar/data/6281/000095013507000978/0000950135-07-000978-index.htm", "finalLink": "https://www.sec.gov/Archives/edgar/data/6281/000095013506007047/b63086ade10vk.htm"}, {"date": "2006-10-28", "symbol": "ADI", "fillingDate": "2006-11-20", "acceptedDate": "2006-11-20 16:01:56", "period": "FY", "revenue": 644342000, "costOfRevenue": 277484000, "grossProfit": 366858000, "grossProfitRatio": 0.5693529212747268, "researchAndDevelopmentExpenses": 137550000, "generalAndAdministrativeExpenses": 100710000, "sellingAndMarketingExpenses": 0.0, "otherExpenses": 0.0, "operatingExpenses": 238260000, "costAndExpenses": 515744000, "interestExpense": -17000.0, "depreciationAndAmortization": 38904000, "ebitda": 158228000, "ebitdaratio": 0.24556524330246982, "operatingIncome": 119324000, "operatingIncomeRatio": 0.18518736944045244, "totalOtherIncomeExpensesNet": 0.0, "incomeBeforeTax": 143819000, "incomeBeforeTaxRatio": 0.22320289535681362, "incomeTaxExpense": -107513000, "netIncome": 138419000, "netIncomeRatio": 0.2148222527788038, "eps": 1.53, "epsdiluted": 1.53, "weightedAverageShsOut": 358762000, "weightedAverageShsOutDil": 358762000, "link": "https://www.sec.gov/Archives/edgar/data/6281/000095013506007047/0000950135-06-007047-index.htm", "finalLink": "https://www.sec.gov/Archives/edgar/data/6281/000095013506007047/b63086ade10vk.htm"}, {"date": "2006-07-29", "symbol": "ADI", "fillingDate": "2006-08-15", "acceptedDate": "2006-08-15 16:32:57", "period": "Q3", "revenue": 663660000, "costOfRevenue": 271606000, "grossProfit": 392054000, "grossProfitRatio": 0.5907452611276859, "researchAndDevelopmentExpenses": 136061000, "generalAndAdministrativeExpenses": 99663000, "sellingAndMarketingExpenses": 0.0, "otherExpenses": 0.0, "operatingExpenses": 235724000, "costAndExpenses": 507330000, "interestExpense": -4000.0, "depreciationAndAmortization": 42181000, "ebitda": 191067000, "ebitdaratio": 0.2878989241479071, "operatingIncome": 148886000, "operatingIncomeRatio": 0.2243407769038363, "totalOtherIncomeExpensesNet": 0.0, "incomeBeforeTax": 175163000, "incomeBeforeTaxRatio": 0.2639348461561643, "incomeTaxExpense": 30478000, "netIncome": 144685000, "netIncomeRatio": 0.21801072838501642, "eps": 1.13, "epsdiluted": 1.13, "weightedAverageShsOut": 362749000, "weightedAverageShsOutDil": 362749000, "link": "https://www.sec.gov/Archives/edgar/data/6281/000095013506005138/0000950135-06-005138-index.htm", "finalLink": "https://www.sec.gov/Archives/edgar/data/6281/000095013506005138/b61573aie10vq.htm"}, {"date": "2006-04-29", "symbol": "ADI", "fillingDate": "2006-05-16", "acceptedDate": "2006-05-16 17:01:45", "period": "Q2", "revenue": 643872000, "costOfRevenue": 264191000, "grossProfit": 379681000, "grossProfitRatio": 0.58968397445455, "researchAndDevelopmentExpenses": 131848000, "generalAndAdministrativeExpenses": 97432000, "sellingAndMarketingExpenses": 0.0, "otherExpenses": 0.0, "operatingExpenses": 229280000, "costAndExpenses": 493471000, "interestExpense": -21000.0, "depreciationAndAmortization": 42687000, "ebitda": 194078000, "ebitdaratio": 0.30142326425127974, "operatingIncome": 151391000, "operatingIncomeRatio": 0.2351259256498186, "totalOtherIncomeExpensesNet": 0.0, "incomeBeforeTax": 190616000, "incomeBeforeTaxRatio": 0.29604641916405744, "incomeTaxExpense": 44795000, "netIncome": 145821000, "netIncomeRatio": 0.22647513791561055, "eps": 0.73, "epsdiluted": 0.73, "weightedAverageShsOut": 365180000, "weightedAverageShsOutDil": 365180000, "link": "https://www.sec.gov/Archives/edgar/data/6281/000095013506003533/0000950135-06-003533-index.htm", "finalLink": "https://www.sec.gov/Archives/edgar/data/6281/000095013506003533/b60978ade10vq.htm"}, {"date": "2006-01-28", "symbol": "ADI", "fillingDate": "2006-02-15", "acceptedDate": "2006-02-15 16:59:40", "period": "Q1", "revenue": 621302000, "costOfRevenue": 261469000, "grossProfit": 359833000, "grossProfitRatio": 0.5791595713517742, "researchAndDevelopmentExpenses": 131288000, "generalAndAdministrativeExpenses": 96281000, "sellingAndMarketingExpenses": 0.0, "otherExpenses": 0.0, "operatingExpenses": 227569000, "costAndExpenses": 489038000, "interestExpense": -10000.0, "depreciationAndAmortization": 43079000, "ebitda": 175284000, "ebitdaratio": 0.28212366932667204, "operatingIncome": 132205000, "operatingIncomeRatio": 0.21278701822946006, "totalOtherIncomeExpensesNet": 0.0, "incomeBeforeTax": 152797000, "incomeBeforeTaxRatio": 0.24593032052045544, "incomeTaxExpense": 32240000, "netIncome": 120557000, "netIncomeRatio": 0.19403929168101824, "eps": 0.33, "epsdiluted": 0.33, "weightedAverageShsOut": 366135000, "weightedAverageShsOutDil": 366135000, "link": "https://www.sec.gov/Archives/edgar/data/6281/000095013506000872/0000950135-06-000872-index.htm", "finalLink": "https://www.sec.gov/Archives/edgar/data/6281/000095013505006610/b57812ade10vk.htm"}, {"date": "2005-10-29", "symbol": "ADI", "fillingDate": "2005-11-21", "acceptedDate": "2005-11-21 17:31:32", "period": "FY", "revenue": 622130000, "costOfRevenue": 259455000, "grossProfit": 362675000, "grossProfitRatio": 0.5829569382604922, "researchAndDevelopmentExpenses": 123704000, "generalAndAdministrativeExpenses": 84715000, "sellingAndMarketingExpenses": 0.0, "otherExpenses": 0.0, "operatingExpenses": 208419000, "costAndExpenses": 467874000, "interestExpense": -5000.0, "depreciationAndAmortization": 38054000, "ebitda": 160830000, "ebitdaratio": 0.258515101345378, "operatingIncome": 122776000, "operatingIncomeRatio": 0.1973478211949271, "totalOtherIncomeExpensesNet": 0.0, "incomeBeforeTax": 144666000, "incomeBeforeTaxRatio": 0.2325333933422275, "incomeTaxExpense": -96578000, "netIncome": 68341000, "netIncomeRatio": 0.10985003134393133, "eps": 1.12, "epsdiluted": 1.12, "weightedAverageShsOut": 371791000, "weightedAverageShsOutDil": 371791000, "link": "https://www.sec.gov/Archives/edgar/data/6281/000095013505006610/0000950135-05-006610-index.htm", "finalLink": "https://www.sec.gov/Archives/edgar/data/6281/000095013505006610/b57812ade10vk.htm"}, {"date": "2005-07-30", "symbol": "ADI", "fillingDate": "2005-08-17", "acceptedDate": "2005-08-17 16:37:37", "period": "Q3", "revenue": 582416000, "costOfRevenue": 244178000, "grossProfit": 338238000, "grossProfitRatio": 0.5807498420373066, "researchAndDevelopmentExpenses": 119217000, "generalAndAdministrativeExpenses": 84407000, "sellingAndMarketingExpenses": 0.0, "otherExpenses": 0.0, "operatingExpenses": 203624000, "costAndExpenses": 447802000, "interestExpense": 0.0, "depreciationAndAmortization": 37801000, "ebitda": 172415000, "ebitdaratio": 0.29603410620587345, "operatingIncome": 134614000, "operatingIncomeRatio": 0.23113032608994258, "totalOtherIncomeExpensesNet": 0.0, "incomeBeforeTax": 153676000, "incomeBeforeTaxRatio": 0.2638595093541386, "incomeTaxExpense": 32272000, "netIncome": 121404000, "netIncomeRatio": 0.20844894371033762, "eps": 0.93, "epsdiluted": 0.93, "weightedAverageShsOut": 372407000, "weightedAverageShsOutDil": 372407000, "link": "https://www.sec.gov/Archives/edgar/data/6281/000095013505004803/0000950135-05-004803-index.htm", "finalLink": "https://www.sec.gov/Archives/edgar/data/6281/000095013505004803/b56380ade10vq.htm"}, {"date": "2005-04-30", "symbol": "ADI", "fillingDate": "2005-05-17", "acceptedDate": "2005-05-17 16:03:29", "period": "Q2", "revenue": 603726000, "costOfRevenue": 257327000, "grossProfit": 346399000, "grossProfitRatio": 0.5737685638849411, "researchAndDevelopmentExpenses": 126642000, "generalAndAdministrativeExpenses": 85813000, "sellingAndMarketingExpenses": 0.0, "otherExpenses": 0.0, "operatingExpenses": 212455000, "costAndExpenses": 469782000, "interestExpense": -10000.0, "depreciationAndAmortization": 39013000, "ebitda": 172957000, "ebitdaratio": 0.2864826096606739, "operatingIncome": 133944000, "operatingIncomeRatio": 0.22186223551743672, "totalOtherIncomeExpensesNet": 0.0, "incomeBeforeTax": 150712000, "incomeBeforeTaxRatio": 0.2496364244707036, "incomeTaxExpense": 33113000, "netIncome": 117599000, "netIncomeRatio": 0.19478869553406677, "eps": 0.6, "epsdiluted": 0.6, "weightedAverageShsOut": 373117000, "weightedAverageShsOutDil": 373117000, "link": "https://www.sec.gov/Archives/edgar/data/6281/000095013505002919/0000950135-05-002919-index.htm", "finalLink": "https://www.sec.gov/Archives/edgar/data/6281/000095013505002919/b55141ade10vq.htm"}, {"date": "2005-01-29", "symbol": "ADI", "fillingDate": "2005-02-15", "acceptedDate": "2005-02-15 16:02:49", "period": "Q1", "revenue": 580536000, "costOfRevenue": 245008000, "grossProfit": 335528000, "grossProfitRatio": 0.5779624347155043, "researchAndDevelopmentExpenses": 127534000, "generalAndAdministrativeExpenses": 83341000, "sellingAndMarketingExpenses": 0.0, "otherExpenses": 0.0, "operatingExpenses": 210875000, "costAndExpenses": 455883000, "interestExpense": -12000.0, "depreciationAndAmortization": 38313000, "ebitda": 162966000, "ebitdaratio": 0.2807164413576419, "operatingIncome": 124653000, "operatingIncomeRatio": 0.21472053412708256, "totalOtherIncomeExpensesNet": 0.0, "incomeBeforeTax": 138636000, "incomeBeforeTaxRatio": 0.2388068956963909, "incomeTaxExpense": 31193000, "netIncome": 107443000, "netIncomeRatio": 0.18507551641930906, "eps": 0.29, "epsdiluted": 0.29, "weightedAverageShsOut": 375561000, "weightedAverageShsOutDil": 375561000, "link": "https://www.sec.gov/Archives/edgar/data/6281/000095013505000824/0000950135-05-000824-index.htm", "finalLink": "https://www.sec.gov/Archives/edgar/data/6281/000095013504005529/b52531ade10vk.htm"}, {"date": "2004-10-30", "symbol": "ADI", "fillingDate": "2004-11-30", "acceptedDate": "2004-11-30 16:01:23", "period": "FY", "revenue": 632124000, "costOfRevenue": 255832000, "grossProfit": 376292000, "grossProfitRatio": 0.5952819383538672, "researchAndDevelopmentExpenses": 131121000, "generalAndAdministrativeExpenses": 86354000, "sellingAndMarketingExpenses": 0.0, "otherExpenses": 0.0, "operatingExpenses": 217475000, "costAndExpenses": 473307000, "interestExpense": -44000.0, "depreciationAndAmortization": 37757000, "ebitda": 195897000, "ebitdaratio": 0.3099028038802513, "operatingIncome": 158140000, "operatingIncomeRatio": 0.25017243452234056, "totalOtherIncomeExpensesNet": 0.0, "incomeBeforeTax": 171217000, "incomeBeforeTaxRatio": 0.2708598312989224, "incomeTaxExpense": -123047000, "netIncome": 132266000, "netIncomeRatio": 0.20924059203573983, "eps": 1.52, "epsdiluted": 1.52, "weightedAverageShsOut": 375031000, "weightedAverageShsOutDil": 375031000, "link": "https://www.sec.gov/Archives/edgar/data/6281/000095013504005529/0000950135-04-005529-index.htm", "finalLink": "https://www.sec.gov/Archives/edgar/data/6281/000095013504005529/b52531ade10vk.htm"}, {"date": "2004-07-31", "symbol": "ADI", "fillingDate": "2004-08-17", "acceptedDate": "2004-08-17 15:20:26", "period": "Q3", "revenue": 717793000, "costOfRevenue": 287271000, "grossProfit": 430522000, "grossProfitRatio": 0.5997857320982511, "researchAndDevelopmentExpenses": 132856000, "generalAndAdministrativeExpenses": 89162000, "sellingAndMarketingExpenses": 0.0, "otherExpenses": 0.0, "operatingExpenses": 222018000, "costAndExpenses": 509289000, "interestExpense": -146000.0, "depreciationAndAmortization": 37326000, "ebitda": 245150000, "ebitdaratio": 0.34153300464061365, "operatingIncome": 207824000, "operatingIncomeRatio": 0.28953194026690143, "totalOtherIncomeExpensesNet": 0.0, "incomeBeforeTax": 216731000, "incomeBeforeTaxRatio": 0.30194081023359104, "incomeTaxExpense": 47681000, "netIncome": 169050000, "netIncomeRatio": 0.23551358121352534, "eps": 1.17, "epsdiluted": 1.17, "weightedAverageShsOut": 374687000, "weightedAverageShsOutDil": 374687000, "link": "https://www.sec.gov/Archives/edgar/data/6281/000095013504004054/0000950135-04-004054-index.htm", "finalLink": "https://www.sec.gov/Archives/edgar/data/6281/000095013504004054/b51563ade10vq.htm"}, {"date": "2004-05-01", "symbol": "ADI", "fillingDate": "2004-05-18", "acceptedDate": "2004-05-18 16:10:21", "period": "Q2", "revenue": 678530000, "costOfRevenue": 277008000, "grossProfit": 401522000, "grossProfitRatio": 0.5917527596421677, "researchAndDevelopmentExpenses": 127802000, "generalAndAdministrativeExpenses": 85282000, "sellingAndMarketingExpenses": 0.0, "otherExpenses": 0.0, "operatingExpenses": 213084000, "costAndExpenses": 490092000, "interestExpense": -22000.0, "depreciationAndAmortization": 37272000, "ebitda": 225034000, "ebitdaratio": 0.33164930069414766, "operatingIncome": 187762000, "operatingIncomeRatio": 0.2767187891471269, "totalOtherIncomeExpensesNet": 0.0, "incomeBeforeTax": 194994000, "incomeBeforeTaxRatio": 0.2873771240770489, "incomeTaxExpense": 42411000, "netIncome": 152583000, "netIncomeRatio": 0.22487288697625749, "eps": 0.72, "epsdiluted": 0.72, "weightedAverageShsOut": 373458000, "weightedAverageShsOutDil": 373458000, "link": "https://www.sec.gov/Archives/edgar/data/6281/000095013504002709/0000950135-04-002709-index.htm", "finalLink": "https://www.sec.gov/Archives/edgar/data/6281/000095013504002709/b50663ade10vq.htm"}, {"date": "2004-01-31", "symbol": "ADI", "fillingDate": "2004-02-17", "acceptedDate": "2004-02-17 16:27:02", "period": "Q1", "revenue": 605353000, "costOfRevenue": 259888000, "grossProfit": 345465000, "grossProfitRatio": 0.570683551580648, "researchAndDevelopmentExpenses": 119953000, "generalAndAdministrativeExpenses": 79238000, "sellingAndMarketingExpenses": 0.0, "otherExpenses": 0.0, "operatingExpenses": 199191000, "costAndExpenses": 459079000, "interestExpense": -12000.0, "depreciationAndAmortization": 37565000, "ebitda": 183162000, "ebitdaratio": 0.3025705662646423, "operatingIncome": 145597000, "operatingIncomeRatio": 0.24051586429736038, "totalOtherIncomeExpensesNet": 0.0, "incomeBeforeTax": 149794000, "incomeBeforeTaxRatio": 0.2474490090905637, "incomeTaxExpense": 32955000, "netIncome": 116839000, "netIncomeRatio": 0.19300969847345267, "eps": 0.31, "epsdiluted": 0.31, "weightedAverageShsOut": 372052000, "weightedAverageShsOutDil": 372052000, "link": "https://www.sec.gov/Archives/edgar/data/6281/000095013504000769/0000950135-04-000769-index.htm", "finalLink": "https://www.sec.gov/Archives/edgar/data/6281/000095013503006138/b48618aie10vk.htm"}, {"date": "2003-11-01", "symbol": "ADI", "fillingDate": "2003-12-23", "acceptedDate": "2003-12-23 14:52:54", "period": "FY", "revenue": 557517000, "costOfRevenue": 246605000, "grossProfit": 310912000, "grossProfitRatio": 0.5576726808330509, "researchAndDevelopmentExpenses": 114422000, "generalAndAdministrativeExpenses": 75007000, "sellingAndMarketingExpenses": 0.0, "otherExpenses": 0.0, "operatingExpenses": 189429000, "costAndExpenses": 436034000, "interestExpense": -7669000.0, "depreciationAndAmortization": 39320000, "ebitda": 150950000, "ebitdaratio": 0.27075407566047316, "operatingIncome": 111630000, "operatingIncomeRatio": 0.2002270782774337, "totalOtherIncomeExpensesNet": 0.0, "incomeBeforeTax": 112279000, "incomeBeforeTaxRatio": 0.20139116834105508, "incomeTaxExpense": -59303000, "netIncome": 88027000, "netIncomeRatio": 0.15789114950754865, "eps": 0.82, "epsdiluted": 0.82, "weightedAverageShsOut": 365485000, "weightedAverageShsOutDil": 365485000, "link": "https://www.sec.gov/Archives/edgar/data/6281/000095013503006138/0000950135-03-006138-index.htm", "finalLink": "https://www.sec.gov/Archives/edgar/data/6281/000095013503006138/b48618aie10vk.htm"}, {"date": "2003-08-02", "symbol": "ADI", "fillingDate": "2003-08-20", "acceptedDate": "2003-08-20 13:41:28", "period": "Q3", "revenue": 520445000, "costOfRevenue": 233846000, "grossProfit": 286599000, "grossProfitRatio": 0.5506806675056922, "researchAndDevelopmentExpenses": 113672000, "generalAndAdministrativeExpenses": 72178000, "sellingAndMarketingExpenses": 0.0, "otherExpenses": 0.0, "operatingExpenses": 185850000, "costAndExpenses": 419696000, "interestExpense": -7763000.0, "depreciationAndAmortization": 42297000, "ebitda": 142049000, "ebitdaratio": 0.2729375822613341, "operatingIncome": 99752000, "operatingIncomeRatio": 0.19166674672635917, "totalOtherIncomeExpensesNet": 0.0, "incomeBeforeTax": 101226000, "incomeBeforeTaxRatio": 0.19449893840847737, "incomeTaxExpense": 22270000, "netIncome": 78956000, "netIncomeRatio": 0.1517086339574787, "eps": 0.58, "epsdiluted": 0.58, "weightedAverageShsOut": 364477000, "weightedAverageShsOutDil": 364477000, "link": "https://www.sec.gov/Archives/edgar/data/6281/000095013503004538/0000950135-03-004538-index.htm", "finalLink": "https://www.sec.gov/Archives/edgar/data/6281/000095013503004538/b47516ade10vq.htm"}, {"date": "2003-05-03", "symbol": "ADI", "fillingDate": "2003-05-21", "acceptedDate": "2003-05-21 10:52:09", "period": "Q2", "revenue": 501883000, "costOfRevenue": 228423000, "grossProfit": 273460000, "grossProfitRatio": 0.5448680270102793, "researchAndDevelopmentExpenses": 112829000, "generalAndAdministrativeExpenses": 71509000, "sellingAndMarketingExpenses": 0.0, "otherExpenses": 0.0, "operatingExpenses": 184338000, "costAndExpenses": 412761000, "interestExpense": -8005000.0, "depreciationAndAmortization": 42503000, "ebitda": 130969000, "ebitdaratio": 0.2609552425565321, "operatingIncome": 88466000, "operatingIncomeRatio": 0.17626817405650322, "totalOtherIncomeExpensesNet": 0.0, "incomeBeforeTax": 91418000, "incomeBeforeTaxRatio": 0.1821500230133318, "incomeTaxExpense": 20112000, "netIncome": 71306000, "netIncomeRatio": 0.14207693825054843, "eps": 0.36, "epsdiluted": 0.36, "weightedAverageShsOut": 363703000, "weightedAverageShsOutDil": 363703000, "link": "https://www.sec.gov/Archives/edgar/data/6281/000095013503003234/0000950135-03-003234-index.htm", "finalLink": "https://www.sec.gov/Archives/edgar/data/6281/000095013503003234/b46770ade10vq.htm"}, {"date": "2003-02-01", "symbol": "ADI", "fillingDate": "2003-03-06", "acceptedDate": "2003-03-06 14:23:59", "period": "Q1", "revenue": 467423000, "costOfRevenue": 214286000, "grossProfit": 253137000, "grossProfitRatio": 0.5415587166228448, "researchAndDevelopmentExpenses": 109309000, "generalAndAdministrativeExpenses": 69315000, "sellingAndMarketingExpenses": 0.0, "otherExpenses": 0.0, "operatingExpenses": 178624000, "costAndExpenses": 392910000, "interestExpense": -8793000.0, "depreciationAndAmortization": 41539000, "ebitda": 115400000, "ebitdaratio": 0.2468855832939329, "operatingIncome": 73861000, "operatingIncomeRatio": 0.15801747025713325, "totalOtherIncomeExpensesNet": 0.0, "incomeBeforeTax": 76913000, "incomeBeforeTaxRatio": 0.16454688793662273, "incomeTaxExpense": 16921000, "netIncome": 59992000, "netIncomeRatio": 0.12834627307599328, "eps": 0.17, "epsdiluted": 0.17, "weightedAverageShsOut": 363138000, "weightedAverageShsOutDil": 363138000, "link": "https://www.sec.gov/Archives/edgar/data/6281/000095013503001609/0000950135-03-001609-index.htm", "finalLink": "https://www.sec.gov/Archives/edgar/data/6281/000095013503000473/b45351ade10vk.htm"}, {"date": "2002-11-02", "symbol": "ADI", "fillingDate": "2003-01-29", "acceptedDate": "2003-01-29 16:55:03", "period": "FY", "revenue": 455718000, "costOfRevenue": 213084000, "grossProfit": 242634000, "grossProfitRatio": 0.5324213658446671, "researchAndDevelopmentExpenses": 109299000, "generalAndAdministrativeExpenses": 69204000, "sellingAndMarketingExpenses": 0.0, "otherExpenses": 0.0, "operatingExpenses": 178503000, "costAndExpenses": 391587000, "interestExpense": -10286000, "depreciationAndAmortization": 105409000, "ebitda": 146928000, "ebitdaratio": 0.32240991139257175, "operatingIncome": 41519000, "operatingIncomeRatio": 0.09110678094786688, "totalOtherIncomeExpensesNet": 0.0, "incomeBeforeTax": 46360000, "incomeBeforeTaxRatio": 0.10172957837961195, "incomeTaxExpense": -23461000, "netIncome": 34770000, "netIncomeRatio": 0.07629718378470897, "eps": 0.29, "epsdiluted": 0.29, "weightedAverageShsOut": 364194000, "weightedAverageShsOutDil": 364194000, "link": "https://www.sec.gov/Archives/edgar/data/6281/000095013503000473/0000950135-03-000473-index.htm", "finalLink": "https://www.sec.gov/Archives/edgar/data/6281/000095013503000473/b45351ade10vk.htm"}, {"date": "2002-08-03", "symbol": "ADI", "fillingDate": "2002-09-13", "acceptedDate": "2002-09-13 11:05:06", "period": "Q3", "revenue": 445448000, "costOfRevenue": 208182000, "grossProfit": 237266000, "grossProfitRatio": 0.5326457858156283, "researchAndDevelopmentExpenses": 107040000, "generalAndAdministrativeExpenses": 67138000, "sellingAndMarketingExpenses": 0.0, "otherExpenses": 0.0, "operatingExpenses": 174178000, "costAndExpenses": 382360000, "interestExpense": -10847000, "depreciationAndAmortization": 17008000, "ebitda": 52930000, "ebitdaratio": 0.1188241949677628, "operatingIncome": 35922000, "operatingIncomeRatio": 0.08064240943948564, "totalOtherIncomeExpensesNet": 0.0, "incomeBeforeTax": 39662000, "incomeBeforeTaxRatio": 0.08903845117724178, "incomeTaxExpense": 8249000.0, "netIncome": 31413000, "netIncomeRatio": 0.07052001580431386, "eps": 0.19, "epsdiluted": 0.19, "weightedAverageShsOut": 364253000, "weightedAverageShsOutDil": 364253000, "link": "https://www.sec.gov/Archives/edgar/data/6281/000095013502004176/0000950135-02-004176-index.htm", "finalLink": "https://www.sec.gov/Archives/edgar/data/6281/000095013502004176/b44235ade10vq.htm"}, {"date": "2002-05-04", "symbol": "ADI", "fillingDate": "2002-06-07", "acceptedDate": "2002-06-07 14:54:13", "period": "Q2", "revenue": 413368000, "costOfRevenue": 192537000, "grossProfit": 220831000, "grossProfitRatio": 0.5342237425248205, "researchAndDevelopmentExpenses": 102821000, "generalAndAdministrativeExpenses": 62354000, "sellingAndMarketingExpenses": 0.0, "otherExpenses": 0.0, "operatingExpenses": 165175000, "costAndExpenses": 357712000, "interestExpense": -9542000.0, "depreciationAndAmortization": 58952000, "ebitda": 73124000, "ebitdaratio": 0.1768980666137679, "operatingIncome": 14172000, "operatingIncomeRatio": 0.03428422132337288, "totalOtherIncomeExpensesNet": 0.0, "incomeBeforeTax": 20036000, "incomeBeforeTaxRatio": 0.04847012831181901, "incomeTaxExpense": 5610000.0, "netIncome": 14426000, "netIncomeRatio": 0.034898685916665055, "eps": 0.11, "epsdiluted": 0.11, "weightedAverageShsOut": 363846000, "weightedAverageShsOutDil": 363846000, "link": "https://www.sec.gov/Archives/edgar/data/6281/000095013502002925/0000950135-02-002925-index.htm", "finalLink": "https://www.sec.gov/Archives/edgar/data/6281/000095013502002925/b43315ade10vq.htm"}, {"date": "2002-02-02", "symbol": "ADI", "fillingDate": "2002-03-07", "acceptedDate": "2002-03-07 00:00:00", "period": "Q1", "revenue": 392974000, "costOfRevenue": 189177000, "grossProfit": 203797000, "grossProfitRatio": 0.5186017395552887, "researchAndDevelopmentExpenses": 104709000, "generalAndAdministrativeExpenses": 58358000, "sellingAndMarketingExpenses": 0.0, "otherExpenses": 0.0, "operatingExpenses": 163067000, "costAndExpenses": 352244000, "interestExpense": -13783000, "depreciationAndAmortization": 56633000, "ebitda": 83258000, "ebitdaratio": 0.21186643391165827, "operatingIncome": 26625000, "operatingIncomeRatio": 0.06775257396163614, "totalOtherIncomeExpensesNet": 0.0, "incomeBeforeTax": 34292000, "incomeBeforeTaxRatio": 0.08726277056497377, "incomeTaxExpense": 9602000.0, "netIncome": 24690000, "netIncomeRatio": 0.06282858407935385, "eps": 0.07, "epsdiluted": 0.07, "weightedAverageShsOut": 363147000, "weightedAverageShsOutDil": 363147000, "link": "https://www.sec.gov/Archives/edgar/data/6281/000095013502001266/0000950135-02-001266-index.htm", "finalLink": "https://www.sec.gov/Archives/edgar/data/6281/000095013502001266/b42272ade10-q.htm"}]