[{"date": "2020-03-31", "symbol": "VRSK", "fillingDate": "2020-05-05", "acceptedDate": "2020-05-05 16:19:46", "period": "Q1", "revenue": 689800000, "costOfRevenue": 257700000, "grossProfit": 432100000, "grossProfitRatio": 0.6264134531748333, "researchAndDevelopmentExpenses": 0.0, "generalAndAdministrativeExpenses": 112100000, "sellingAndMarketingExpenses": 0.0, "otherExpenses": 325000000, "operatingExpenses": 112100000, "costAndExpenses": 437500000, "interestExpense": 33500000, "depreciationAndAmortization": 87400000, "ebitda": 339700000, "ebitdaratio": 0.492461583068, "operatingIncome": 252300000, "operatingIncomeRatio": 0.36575819078, "totalOtherIncomeExpensesNet": -19000000, "incomeBeforeTax": 216700000, "incomeBeforeTaxRatio": 0.314149028704, "incomeTaxExpense": 45000000, "netIncome": 171700000, "netIncomeRatio": 0.248912728327, "eps": 1.04, "epsdiluted": 1.04, "weightedAverageShsOut": 162894306, "weightedAverageShsOutDil": 165724120, "link": "https://www.sec.gov/Archives/edgar/data/1442145/000144214520000022/0001442145-20-000022-index.htm", "finalLink": "https://www.sec.gov/Archives/edgar/data/1442145/000144214520000022/vrsk-2020033110q.htm"}, {"date": "2019-12-31", "symbol": "VRSK", "fillingDate": "2020-02-18", "acceptedDate": "2020-02-18 16:37:32", "period": "FY", "revenue": 677000.0, "costOfRevenue": 259000.0, "grossProfit": 418000.0, "grossProfitRatio": 0.6174298375184638, "researchAndDevelopmentExpenses": 0.0, "generalAndAdministrativeExpenses": 125000.0, "sellingAndMarketingExpenses": 0.0, "otherExpenses": 352000.0, "operatingExpenses": 477000.0, "costAndExpenses": 736000.0, "interestExpense": 33000.0, "depreciationAndAmortization": 47000.0, "ebitda": 247000.0, "ebitdaratio": 0.36484490398818314, "operatingIncome": 200000.0, "operatingIncomeRatio": 0.29542097488921715, "totalOtherIncomeExpensesNet": 5000.0, "incomeBeforeTax": 172000.0, "incomeBeforeTaxRatio": 0.25406203840472674, "incomeTaxExpense": -40000.0, "netIncome": 132000.0, "netIncomeRatio": 0.19497784342688332, "eps": 2.75, "epsdiluted": 2.75, "weightedAverageShsOut": 163535438, "weightedAverageShsOutDil": 166560115, "link": "https://www.sec.gov/Archives/edgar/data/1442145/000144214520000012/0001442145-20-000012-index.htm", "finalLink": "https://www.sec.gov/Archives/edgar/data/1442145/000144214520000012/vrsk10k12312019.htm"}, {"date": "2019-09-30", "symbol": "VRSK", "fillingDate": "2019-10-30", "acceptedDate": "2019-10-29 20:22:27", "period": "Q3", "revenue": 652700000, "costOfRevenue": 242900000, "grossProfit": 409800000, "grossProfitRatio": 0.6278535314846024, "researchAndDevelopmentExpenses": 0.0, "generalAndAdministrativeExpenses": 255000000, "sellingAndMarketingExpenses": 0.0, "otherExpenses": 322000.0, "operatingExpenses": 255000000, "costAndExpenses": 576900000, "interestExpense": 31300000, "depreciationAndAmortization": 80600000, "ebitda": 156400000, "ebitdaratio": 0.239620039835, "operatingIncome": 75800000, "operatingIncomeRatio": 0.116132986058, "totalOtherIncomeExpensesNet": -6000.0, "incomeBeforeTax": 38900000, "incomeBeforeTaxRatio": 0.0595985904704, "incomeTaxExpense": 6000000.0, "netIncome": 32900000, "netIncomeRatio": 0.050406005822, "eps": 0.2, "epsdiluted": 0.2, "weightedAverageShsOut": 163617580, "weightedAverageShsOutDil": 166673946, "link": "https://www.sec.gov/Archives/edgar/data/1442145/000144214519000048/0001442145-19-000048-index.htm", "finalLink": "https://www.sec.gov/Archives/edgar/data/1442145/000144214519000048/vrsk-2019093010q.htm"}, {"date": "2019-06-30", "symbol": "VRSK", "fillingDate": "2019-07-30", "acceptedDate": "2019-07-30 16:17:17", "period": "Q2", "revenue": 652600000, "costOfRevenue": 242700000, "grossProfit": 409900000, "grossProfitRatio": 0.6281029727244867, "researchAndDevelopmentExpenses": 0.0, "generalAndAdministrativeExpenses": 112300000, "sellingAndMarketingExpenses": 0.0, "otherExpenses": 322000.0, "operatingExpenses": 112300000, "costAndExpenses": 434300000, "interestExpense": 30500000, "depreciationAndAmortization": 80300000, "ebitda": 298600000, "ebitdaratio": 0.457554397793, "operatingIncome": 218300000, "operatingIncomeRatio": 0.334508121361, "totalOtherIncomeExpensesNet": -500000.0, "incomeBeforeTax": 187300000, "incomeBeforeTaxRatio": 0.287005822862, "incomeTaxExpense": 36900000, "netIncome": 150400000, "netIncomeRatio": 0.230462764327, "eps": 0.9, "epsdiluted": 0.9, "weightedAverageShsOut": 163636089, "weightedAverageShsOutDil": 166621111, "link": "https://www.sec.gov/Archives/edgar/data/1442145/000144214519000036/0001442145-19-000036-index.htm", "finalLink": "https://www.sec.gov/Archives/edgar/data/1442145/000144214519000036/vrsk-2019063010q.htm"}, {"date": "2019-03-31", "symbol": "VRSK", "fillingDate": "2019-04-30", "acceptedDate": "2019-04-30 16:21:58", "period": "Q1", "revenue": 625000000, "costOfRevenue": 231400000, "grossProfit": 393600000, "grossProfitRatio": 0.62976, "researchAndDevelopmentExpenses": 0.0, "generalAndAdministrativeExpenses": 111400000, "sellingAndMarketingExpenses": 0.0, "otherExpenses": 311000000, "operatingExpenses": 111400000, "costAndExpenses": 422600000, "interestExpense": 31900000, "depreciationAndAmortization": 80700000, "ebitda": 283100000, "ebitdaratio": 0.45296, "operatingIncome": 202400000, "operatingIncomeRatio": 0.32384, "totalOtherIncomeExpensesNet": -400000.0, "incomeBeforeTax": 170100000, "incomeBeforeTaxRatio": 0.27216, "incomeTaxExpense": 35700000, "netIncome": 134400000, "netIncomeRatio": 0.21504, "eps": 0.81, "epsdiluted": 0.81, "weightedAverageShsOut": 163528343, "weightedAverageShsOutDil": 166544945, "link": "https://www.sec.gov/Archives/edgar/data/1442145/000144214519000022/0001442145-19-000022-index.htm", "finalLink": "https://www.sec.gov/Archives/edgar/data/1442145/000144214519000022/vrsk-2019033110q.htm"}, {"date": "2018-12-31", "symbol": "VRSK", "fillingDate": "2019-02-19", "acceptedDate": "2019-02-19 16:36:10", "period": "FY", "revenue": 613900000, "costOfRevenue": 224000000, "grossProfit": 389900000, "grossProfitRatio": 0.6351197263397947, "researchAndDevelopmentExpenses": 47600000, "generalAndAdministrativeExpenses": 97700000, "sellingAndMarketingExpenses": 0.0, "otherExpenses": 301000000, "operatingExpenses": 97700000, "costAndExpenses": 397700000, "interestExpense": 32600000, "depreciationAndAmortization": 68700000, "ebitda": 284900000, "ebitdaratio": 0.464082098062, "operatingIncome": 216200000, "operatingIncomeRatio": 0.352174621274, "totalOtherIncomeExpensesNet": -4000000.0, "incomeBeforeTax": 179600000, "incomeBeforeTaxRatio": 0.292555790845, "incomeTaxExpense": 33400000, "netIncome": 146200000, "netIncomeRatio": 0.238149535755, "eps": 0.95, "epsdiluted": 0.88, "weightedAverageShsOut": 164808110, "weightedAverageShsOutDil": 168297836, "link": "https://www.sec.gov/Archives/edgar/data/1442145/000144214519000012/0001442145-19-000012-index.htm", "finalLink": "https://www.sec.gov/Archives/edgar/data/1442145/000144214519000012/vrsk10k12312018.htm"}, {"date": "2018-09-30", "symbol": "VRSK", "fillingDate": "2018-10-30", "acceptedDate": "2018-10-30 16:18:23", "period": "Q3", "revenue": 598700000, "costOfRevenue": 218600000, "grossProfit": 380100000, "grossProfitRatio": 0.6348755637213963, "researchAndDevelopmentExpenses": 0.0, "generalAndAdministrativeExpenses": 96100000, "sellingAndMarketingExpenses": 0.0, "otherExpenses": 941000000, "operatingExpenses": 96100000, "costAndExpenses": 387600000, "interestExpense": 32300000, "depreciationAndAmortization": 73900000, "ebitda": 285000000, "ebitdaratio": 0.47603140137, "operatingIncome": 211100000, "operatingIncomeRatio": 0.352597294137, "totalOtherIncomeExpensesNet": 14000000, "incomeBeforeTax": 192800000, "incomeBeforeTaxRatio": 0.322031067313, "incomeTaxExpense": 26800000, "netIncome": 166000000, "netIncomeRatio": 0.277267412728, "eps": 0.98, "epsdiluted": 0.98, "weightedAverageShsOut": 164962647, "weightedAverageShsOutDil": 168614835, "link": "https://www.sec.gov/Archives/edgar/data/1442145/000144214518000055/0001442145-18-000055-index.htm", "finalLink": "https://www.sec.gov/Archives/edgar/data/1442145/000144214518000055/vrsk-201893010q.htm"}, {"date": "2018-06-30", "symbol": "VRSK", "fillingDate": "2018-07-31", "acceptedDate": "2018-07-31 16:20:31", "period": "Q2", "revenue": 601300000, "costOfRevenue": 222400000, "grossProfit": 378900000, "grossProfitRatio": 0.6301347081323798, "researchAndDevelopmentExpenses": 0.0, "generalAndAdministrativeExpenses": 93100000, "sellingAndMarketingExpenses": 0.0, "otherExpenses": -27000000, "operatingExpenses": 93100000, "costAndExpenses": 389000000, "interestExpense": 32000000, "depreciationAndAmortization": 74600000, "ebitda": 286900000, "ebitdaratio": 0.477132878763, "operatingIncome": 212300000, "operatingIncomeRatio": 0.353068351904, "totalOtherIncomeExpensesNet": 5000000.0, "incomeBeforeTax": 185000000, "incomeBeforeTaxRatio": 0.307666722102, "incomeTaxExpense": 31500000, "netIncome": 153500000, "netIncomeRatio": 0.255280226177, "eps": 0.91, "epsdiluted": 0.91, "weightedAverageShsOut": 165029345, "weightedAverageShsOutDil": 168821869, "link": "https://www.sec.gov/Archives/edgar/data/1442145/000144214518000036/0001442145-18-000036-index.htm", "finalLink": "https://www.sec.gov/Archives/edgar/data/1442145/000144214518000036/vrsk-201863010q.htm"}, {"date": "2018-03-31", "symbol": "VRSK", "fillingDate": "2018-05-01", "acceptedDate": "2018-05-01 16:19:00", "period": "Q1", "revenue": 581200000, "costOfRevenue": 221200000, "grossProfit": 360000000, "grossProfitRatio": 0.6194081211286993, "researchAndDevelopmentExpenses": 0.0, "generalAndAdministrativeExpenses": 91800000, "sellingAndMarketingExpenses": 0.0, "otherExpenses": -32000000, "operatingExpenses": 91800000, "costAndExpenses": 386700000, "interestExpense": 32800000, "depreciationAndAmortization": 74700000, "ebitda": 269200000, "ebitdaratio": 0.463179628355, "operatingIncome": 194500000, "operatingIncomeRatio": 0.334652443221, "totalOtherIncomeExpensesNet": -32200000, "incomeBeforeTax": 162300000, "incomeBeforeTaxRatio": 0.279249827942, "incomeTaxExpense": 29300000, "netIncome": 133000000, "netIncomeRatio": 0.228836889195, "eps": 0.79, "epsdiluted": 0.79, "weightedAverageShsOut": 165043047, "weightedAverageShsOutDil": 168992535, "link": "https://www.sec.gov/Archives/edgar/data/1442145/000144214518000024/0001442145-18-000024-index.htm", "finalLink": "https://www.sec.gov/Archives/edgar/data/1442145/000144214518000024/vrsk-201833110q.htm"}, {"date": "2017-12-31", "symbol": "VRSK", "fillingDate": "2018-02-20", "acceptedDate": "2018-02-20 16:21:59", "period": "FY", "revenue": 570300000, "costOfRevenue": 208700000, "grossProfit": 361600000, "grossProfitRatio": 0.6340522532000702, "researchAndDevelopmentExpenses": 37400000, "generalAndAdministrativeExpenses": 87200000, "sellingAndMarketingExpenses": 0.0, "otherExpenses": -31000000, "operatingExpenses": 87200000, "costAndExpenses": 360300000, "interestExpense": 32100000, "depreciationAndAmortization": 57100000, "ebitda": 267100000, "ebitdaratio": 0.468349991233, "operatingIncome": 210000000, "operatingIncomeRatio": 0.368227248816, "totalOtherIncomeExpensesNet": 2000000.0, "incomeBeforeTax": 179200000, "incomeBeforeTaxRatio": 0.314220585657, "incomeTaxExpense": 26000000, "netIncome": 204600000, "netIncomeRatio": 0.358758548133, "eps": 1.24, "epsdiluted": 1.21, "weightedAverageShsOut": 165168224, "weightedAverageShsOutDil": 168688868, "link": "https://www.sec.gov/Archives/edgar/data/1442145/000144214518000008/0001442145-18-000008-index.htm", "finalLink": "https://www.sec.gov/Archives/edgar/data/1442145/000144214518000008/vrsk10k12312017.htm"}, {"date": "2017-09-30", "symbol": "VRSK", "fillingDate": "2017-10-31", "acceptedDate": "2017-10-31 16:15:36", "period": "Q3", "revenue": 549100000, "costOfRevenue": 198500000, "grossProfit": 350600000, "grossProfitRatio": 0.6384993625933345, "researchAndDevelopmentExpenses": 0.0, "generalAndAdministrativeExpenses": 80900000, "sellingAndMarketingExpenses": 0.0, "otherExpenses": -28000000, "operatingExpenses": 80900000, "costAndExpenses": 340600000, "interestExpense": 30400000, "depreciationAndAmortization": 66400000, "ebitda": 274900000, "ebitdaratio": 0.500637406665, "operatingIncome": 208500000, "operatingIncomeRatio": 0.37971225642, "totalOtherIncomeExpensesNet": 2000000.0, "incomeBeforeTax": 180700000, "incomeBeforeTaxRatio": 0.329083955564, "incomeTaxExpense": 60000000, "netIncome": 120700000, "netIncomeRatio": 0.219814241486, "eps": 0.73, "epsdiluted": 0.72, "weightedAverageShsOut": 165314267, "weightedAverageShsOutDil": 168807405, "link": "https://www.sec.gov/Archives/edgar/data/1442145/000144214517000045/0001442145-17-000045-index.htm", "finalLink": "https://www.sec.gov/Archives/edgar/data/1442145/000144214517000045/vrsk-201793010q.htm"}, {"date": "2017-06-30", "symbol": "VRSK", "fillingDate": "2017-08-01", "acceptedDate": "2017-08-01 16:26:36", "period": "Q2", "revenue": 523200000, "costOfRevenue": 193700000, "grossProfit": 329500000, "grossProfitRatio": 0.6297782874617737, "researchAndDevelopmentExpenses": 0.0, "generalAndAdministrativeExpenses": 78800000, "sellingAndMarketingExpenses": 0.0, "otherExpenses": -25000000, "operatingExpenses": 78800000, "costAndExpenses": 328200000, "interestExpense": 28500000, "depreciationAndAmortization": 54700000, "ebitda": 249700000, "ebitdaratio": 0.477255351682, "operatingIncome": 195000000, "operatingIncomeRatio": 0.372706422018, "totalOtherIncomeExpensesNet": 4000000.0, "incomeBeforeTax": 169900000, "incomeBeforeTaxRatio": 0.324732415902, "incomeTaxExpense": 48900000, "netIncome": 121000000, "netIncomeRatio": 0.23126911315, "eps": 0.74, "epsdiluted": 0.72, "weightedAverageShsOut": 165682614, "weightedAverageShsOutDil": 169232579, "link": "https://www.sec.gov/Archives/edgar/data/1442145/000144214517000035/0001442145-17-000035-index.htm", "finalLink": "https://www.sec.gov/Archives/edgar/data/1442145/000144214517000035/vrsk-201763010q.htm"}, {"date": "2017-03-31", "symbol": "VRSK", "fillingDate": "2017-05-02", "acceptedDate": "2017-05-02 16:19:10", "period": "Q1", "revenue": 502600000, "costOfRevenue": 182900000, "grossProfit": 319700000, "grossProfitRatio": 0.6360923199363311, "researchAndDevelopmentExpenses": 0.0, "generalAndAdministrativeExpenses": 75900000, "sellingAndMarketingExpenses": 0.0, "otherExpenses": -26000000, "operatingExpenses": 75900000, "costAndExpenses": 314900000, "interestExpense": 28400000, "depreciationAndAmortization": 55000000, "ebitda": 242700000, "ebitdaratio": 0.482888977318, "operatingIncome": 187700000, "operatingIncomeRatio": 0.373458018305, "totalOtherIncomeExpensesNet": 1000000.0, "incomeBeforeTax": 161200000, "incomeBeforeTaxRatio": 0.320732192598, "incomeTaxExpense": 52400000, "netIncome": 108800000, "netIncomeRatio": 0.216474333466, "eps": 0.65, "epsdiluted": 0.64, "weightedAverageShsOut": 166442991, "weightedAverageShsOutDil": 170150862, "link": "https://www.sec.gov/Archives/edgar/data/1442145/000144214517000025/0001442145-17-000025-index.htm", "finalLink": "https://www.sec.gov/Archives/edgar/data/1442145/000144214517000025/vrsk-2017331.htm"}, {"date": "2016-12-31", "symbol": "VRSK", "fillingDate": "2017-02-21", "acceptedDate": "2017-02-21 16:58:15", "period": "FY", "revenue": 506123000, "costOfRevenue": 192992000, "grossProfit": 313131000, "grossProfitRatio": 0.6186855764310256, "researchAndDevelopmentExpenses": 27400000, "generalAndAdministrativeExpenses": 77192000, "sellingAndMarketingExpenses": 0.0, "otherExpenses": -113000000, "operatingExpenses": 77192000, "costAndExpenses": 320653000, "interestExpense": 28383000, "depreciationAndAmortization": 49508000, "ebitda": 234978000, "ebitdaratio": 0.464270542931, "operatingIncome": 185470000, "operatingIncomeRatio": 0.36645242362, "totalOtherIncomeExpensesNet": 6000000.0, "incomeBeforeTax": 160173000, "incomeBeforeTaxRatio": 0.31647050223, "incomeTaxExpense": 52716000, "netIncome": 109248000, "netIncomeRatio": 0.215852668225, "eps": 0.65, "epsdiluted": 0.64, "weightedAverageShsOut": 168248304, "weightedAverageShsOutDil": 171171572, "link": "https://www.sec.gov/Archives/edgar/data/1442145/000144214517000010/0001442145-17-000010-index.htm", "finalLink": "https://www.sec.gov/Archives/edgar/data/1442145/000144214517000010/vrsk10k12312016.htm"}, {"date": "2016-09-30", "symbol": "VRSK", "fillingDate": "2016-11-01", "acceptedDate": "2016-11-01 16:18:18", "period": "Q3", "revenue": 498080000, "costOfRevenue": 169665000, "grossProfit": 328415000, "grossProfitRatio": 0.6593619498875682, "researchAndDevelopmentExpenses": 0.0, "generalAndAdministrativeExpenses": 77814000, "sellingAndMarketingExpenses": 0.0, "otherExpenses": -26026000, "operatingExpenses": 77814000, "costAndExpenses": 299658000, "interestExpense": 28150000, "depreciationAndAmortization": 50652000, "ebitda": 249074000, "ebitdaratio": 0.500068262127, "operatingIncome": 198422000, "operatingIncomeRatio": 0.39837375522, "totalOtherIncomeExpensesNet": 2124000.0, "incomeBeforeTax": 172396000, "incomeBeforeTaxRatio": 0.346121105043, "incomeTaxExpense": 44819000, "netIncome": 127577000, "netIncomeRatio": 0.256137568262, "eps": 0.76, "epsdiluted": 0.74, "weightedAverageShsOut": 168541399, "weightedAverageShsOutDil": 171495189, "link": "https://www.sec.gov/Archives/edgar/data/1442145/000144214516000089/0001442145-16-000089-index.htm", "finalLink": "https://www.sec.gov/Archives/edgar/data/1442145/000144214516000089/vrsk-2016930.htm"}, {"date": "2016-06-30", "symbol": "VRSK", "fillingDate": "2016-08-02", "acceptedDate": "2016-08-02 16:24:36", "period": "Q2", "revenue": 498296000, "costOfRevenue": 178466000, "grossProfit": 319830000, "grossProfitRatio": 0.6418474159937065, "researchAndDevelopmentExpenses": 0.0, "generalAndAdministrativeExpenses": 75557000, "sellingAndMarketingExpenses": 0.0, "otherExpenses": -30589000, "operatingExpenses": 75557000, "costAndExpenses": 307217000, "interestExpense": 31435000, "depreciationAndAmortization": 51919000, "ebitda": 242998000, "ebitdaratio": 0.487657938254, "operatingIncome": 191079000, "operatingIncomeRatio": 0.383464848203, "totalOtherIncomeExpensesNet": 846000.0, "incomeBeforeTax": 160490000, "incomeBeforeTaxRatio": 0.322077640599, "incomeTaxExpense": 53754000, "netIncome": 261736000, "netIncomeRatio": 0.525262093214, "eps": 1.55, "epsdiluted": 1.53, "weightedAverageShsOut": 168375034, "weightedAverageShsOutDil": 171349833, "link": "https://www.sec.gov/Archives/edgar/data/1442145/000144214516000081/0001442145-16-000081-index.htm", "finalLink": "https://www.sec.gov/Archives/edgar/data/1442145/000144214516000081/vrsk-2016630.htm"}, {"date": "2016-03-31", "symbol": "VRSK", "fillingDate": "2016-05-03", "acceptedDate": "2016-05-03 16:17:32", "period": "Q1", "revenue": 492701000, "costOfRevenue": 173277000, "grossProfit": 319424000, "grossProfitRatio": 0.64831205944376, "researchAndDevelopmentExpenses": 0.0, "generalAndAdministrativeExpenses": 71037000, "sellingAndMarketingExpenses": 0.0, "otherExpenses": -31988000, "operatingExpenses": 71037000, "costAndExpenses": 300072000, "interestExpense": 32032000, "depreciationAndAmortization": 67521000, "ebitda": 260150000, "ebitdaratio": 0.528007858722, "operatingIncome": 192629000, "operatingIncomeRatio": 0.390965311619, "totalOtherIncomeExpensesNet": 44000.0, "incomeBeforeTax": 160641000, "incomeBeforeTaxRatio": 0.326041554614, "incomeTaxExpense": 50911000, "netIncome": 92639000, "netIncomeRatio": 0.188022756195, "eps": 0.55, "epsdiluted": 0.54, "weightedAverageShsOut": 168453750, "weightedAverageShsOutDil": 171480884, "link": "https://www.sec.gov/Archives/edgar/data/1442145/000144214516000069/0001442145-16-000069-index.htm", "finalLink": "https://www.sec.gov/Archives/edgar/data/1442145/000144214516000069/vrsk-2016331.htm"}, {"date": "2015-12-31", "symbol": "VRSK", "fillingDate": "2016-02-24", "acceptedDate": "2016-02-23 18:18:35", "period": "FY", "revenue": 560562000, "costOfRevenue": 213695000, "grossProfit": 346867000, "grossProfitRatio": 0.6187843628358682, "researchAndDevelopmentExpenses": 22737000, "generalAndAdministrativeExpenses": 83782000, "sellingAndMarketingExpenses": 0.0, "otherExpenses": -32539000, "operatingExpenses": 83782000, "costAndExpenses": 364894000, "interestExpense": 32389000, "depreciationAndAmortization": 66288000, "ebitda": 261956000, "ebitdaratio": 0.467309592873, "operatingIncome": 195668000, "operatingIncomeRatio": 0.349056839386, "totalOtherIncomeExpensesNet": -150000.0, "incomeBeforeTax": 163129000, "incomeBeforeTaxRatio": 0.291009736657, "incomeTaxExpense": 49372000, "netIncome": 113757000, "netIncomeRatio": 0.202933841395, "eps": 0.66, "epsdiluted": 0.65, "weightedAverageShsOut": 165090380, "weightedAverageShsOutDil": 168451343, "link": "https://www.sec.gov/Archives/edgar/data/1442145/000144214516000057/0001442145-16-000057-index.htm", "finalLink": "https://www.sec.gov/Archives/edgar/data/1442145/000144214516000057/vrsk10k12312015.htm"}, {"date": "2015-09-30", "symbol": "VRSK", "fillingDate": "2015-10-27", "acceptedDate": "2015-10-27 16:20:24", "period": "Q3", "revenue": 550401000, "costOfRevenue": 210167000, "grossProfit": 340234000, "grossProfitRatio": 0.6181565803841199, "researchAndDevelopmentExpenses": 0.0, "generalAndAdministrativeExpenses": 79310000, "sellingAndMarketingExpenses": 0.0, "otherExpenses": -15091000, "operatingExpenses": 79310000, "costAndExpenses": 341521000, "interestExpense": 33003000, "depreciationAndAmortization": 50908000, "ebitda": 259788000, "ebitdaratio": 0.471997688958, "operatingIncome": 208880000, "operatingIncomeRatio": 0.379505124446, "totalOtherIncomeExpensesNet": 17912000, "incomeBeforeTax": 193789000, "incomeBeforeTaxRatio": 0.352086932982, "incomeTaxExpense": 61975000, "netIncome": 131814000, "netIncomeRatio": 0.239487210234, "eps": 0.78, "epsdiluted": 0.77, "weightedAverageShsOut": 163656387, "weightedAverageShsOutDil": 167079550, "link": "https://www.sec.gov/Archives/edgar/data/1442145/000144214515000046/0001442145-15-000046-index.htm", "finalLink": "https://www.sec.gov/Archives/edgar/data/1442145/000144214515000046/vrsk-201593010q.htm"}, {"date": "2015-06-30", "symbol": "VRSK", "fillingDate": "2015-07-28", "acceptedDate": "2015-07-28 16:26:34", "period": "Q2", "revenue": 497650000, "costOfRevenue": 195196000, "grossProfit": 302454000, "grossProfitRatio": 0.607764493117653, "researchAndDevelopmentExpenses": 0.0, "generalAndAdministrativeExpenses": 91292000, "sellingAndMarketingExpenses": 0.0, "otherExpenses": 47304000, "operatingExpenses": 91292000, "costAndExpenses": 343928000, "interestExpense": 37662000, "depreciationAndAmortization": 48001000, "ebitda": 201723000, "ebitdaratio": 0.405351150407, "operatingIncome": 153722000, "operatingIncomeRatio": 0.308895810308, "totalOtherIncomeExpensesNet": 47304000, "incomeBeforeTax": 201026000, "incomeBeforeTaxRatio": 0.403950567668, "incomeTaxExpense": 37706000, "netIncome": 163320000, "netIncomeRatio": 0.32818245755, "eps": 1.01, "epsdiluted": 0.98, "weightedAverageShsOut": 161114861, "weightedAverageShsOutDil": 164533656, "link": "https://www.sec.gov/Archives/edgar/data/1442145/000144214515000034/0001442145-15-000034-index.htm", "finalLink": "https://www.sec.gov/Archives/edgar/data/1442145/000144214515000034/vrsk-201563010q.htm"}, {"date": "2015-03-31", "symbol": "VRSK", "fillingDate": "2015-04-28", "acceptedDate": "2015-04-28 16:20:59", "period": "Q1", "revenue": 459397000, "costOfRevenue": 184216000, "grossProfit": 275181000, "grossProfitRatio": 0.5990047823560014, "researchAndDevelopmentExpenses": 0.0, "generalAndAdministrativeExpenses": 58306000, "sellingAndMarketingExpenses": 0.0, "otherExpenses": -18800000, "operatingExpenses": 58306000, "costAndExpenses": 281105000, "interestExpense": 18262000, "depreciationAndAmortization": 37388000, "ebitda": 215680000, "ebitdaratio": 0.469484998814, "operatingIncome": 178292000, "operatingIncomeRatio": 0.388100052895, "totalOtherIncomeExpensesNet": -538000.0, "incomeBeforeTax": 159492000, "incomeBeforeTaxRatio": 0.347176842687, "incomeTaxExpense": 60806000, "netIncome": 98686000, "netIncomeRatio": 0.214816378862, "eps": 0.62, "epsdiluted": 0.61, "weightedAverageShsOut": 158087919, "weightedAverageShsOutDil": 161481213, "link": "https://www.sec.gov/Archives/edgar/data/1442145/000144214515000022/0001442145-15-000022-index.htm", "finalLink": "https://www.sec.gov/Archives/edgar/data/1442145/000144214515000022/vrsk-201533110q.htm"}, {"date": "2014-12-31", "symbol": "VRSK", "fillingDate": "2015-02-24", "acceptedDate": "2015-02-24 16:18:00", "period": "FY", "revenue": 464864000, "costOfRevenue": 193582000, "grossProfit": 271282000, "grossProfitRatio": 0.5835728299029393, "researchAndDevelopmentExpenses": 25508000, "generalAndAdministrativeExpenses": 56934000, "sellingAndMarketingExpenses": 0.0, "otherExpenses": -17354000, "operatingExpenses": 56934000, "costAndExpenses": 287817000, "interestExpense": 17588000, "depreciationAndAmortization": 36653000, "ebitda": 213700000, "ebitdaratio": 0.459704343636, "operatingIncome": 177047000, "operatingIncomeRatio": 0.380857627177, "totalOtherIncomeExpensesNet": 234000.0, "incomeBeforeTax": 159693000, "incomeBeforeTaxRatio": 0.343526278654, "incomeTaxExpense": 60383000, "netIncome": 97370000, "netIncomeRatio": 0.209459110622, "eps": 0.59, "epsdiluted": 0.59, "weightedAverageShsOut": 165823803, "weightedAverageShsOutDil": 169132423, "link": "https://www.sec.gov/Archives/edgar/data/1442145/000144214515000011/0001442145-15-000011-index.htm", "finalLink": "https://www.sec.gov/Archives/edgar/data/1442145/000144214515000011/vrsk10k12312014.htm"}, {"date": "2014-09-30", "symbol": "VRSK", "fillingDate": "2014-10-28", "acceptedDate": "2014-10-28 16:17:21", "period": "Q3", "revenue": 448665000, "costOfRevenue": 180873000, "grossProfit": 267792000, "grossProfitRatio": 0.5968640299555348, "researchAndDevelopmentExpenses": 0.0, "generalAndAdministrativeExpenses": 56164000, "sellingAndMarketingExpenses": 0.0, "otherExpenses": -17783000, "operatingExpenses": 56164000, "costAndExpenses": 273175000, "interestExpense": 17498000, "depreciationAndAmortization": 35471000, "ebitda": 210961000, "ebitdaratio": 0.470197140405, "operatingIncome": 175490000, "operatingIncomeRatio": 0.391138154302, "totalOtherIncomeExpensesNet": -76000.0, "incomeBeforeTax": 157707000, "incomeBeforeTaxRatio": 0.351502791615, "incomeTaxExpense": 58692000, "netIncome": 99015000, "netIncomeRatio": 0.220688041189, "eps": 0.6, "epsdiluted": 0.58, "weightedAverageShsOut": 166504384, "weightedAverageShsOutDil": 169815867, "link": "https://www.sec.gov/Archives/edgar/data/1442145/000144214514000039/0001442145-14-000039-index.htm", "finalLink": "https://www.sec.gov/Archives/edgar/data/1442145/000144214514000039/vrsk-2014093010q.htm"}, {"date": "2014-06-30", "symbol": "VRSK", "fillingDate": "2014-07-29", "acceptedDate": "2014-07-29 16:16:56", "period": "Q2", "revenue": 423554000, "costOfRevenue": 172470000, "grossProfit": 251084000, "grossProfitRatio": 0.5928028067259429, "researchAndDevelopmentExpenses": 0.0, "generalAndAdministrativeExpenses": 57074000, "sellingAndMarketingExpenses": 0.0, "otherExpenses": -17259000, "operatingExpenses": 57074000, "costAndExpenses": 264488000, "interestExpense": 17459000, "depreciationAndAmortization": 34283000, "ebitda": 193349000, "ebitdaratio": 0.456491970327, "operatingIncome": 159066000, "operatingIncomeRatio": 0.375550697196, "totalOtherIncomeExpensesNet": -17259000, "incomeBeforeTax": 141807000, "incomeBeforeTaxRatio": 0.33480264618, "incomeTaxExpense": 53708000, "netIncome": 88099000, "netIncomeRatio": 0.207999452254, "eps": 0.53, "epsdiluted": 0.52, "weightedAverageShsOut": 166662806, "weightedAverageShsOutDil": 169962577, "link": "https://www.sec.gov/Archives/edgar/data/1442145/000144214514000031/0001442145-14-000031-index.htm", "finalLink": "https://www.sec.gov/Archives/edgar/data/1442145/000144214514000031/vrsk-2014063010q.htm"}, {"date": "2014-03-31", "symbol": "VRSK", "fillingDate": "2014-04-29", "acceptedDate": "2014-04-29 16:20:35", "period": "Q1", "revenue": 409643000, "costOfRevenue": 169673000, "grossProfit": 239970000, "grossProfitRatio": 0.5858027599641639, "researchAndDevelopmentExpenses": 0.0, "generalAndAdministrativeExpenses": 57134000, "sellingAndMarketingExpenses": 0.0, "otherExpenses": -17430000, "operatingExpenses": 57134000, "costAndExpenses": 260800000, "interestExpense": 17439000, "depreciationAndAmortization": 34438000, "ebitda": 183281000, "ebitdaratio": 0.447416408922, "operatingIncome": 148843000, "operatingIncomeRatio": 0.363348086016, "totalOtherIncomeExpensesNet": -17430000, "incomeBeforeTax": 131413000, "incomeBeforeTaxRatio": 0.320798841918, "incomeTaxExpense": 46972000, "netIncome": 115558000, "netIncomeRatio": 0.282094409034, "eps": 0.69, "epsdiluted": 0.68, "weightedAverageShsOut": 166981982, "weightedAverageShsOutDil": 170421489, "link": "https://www.sec.gov/Archives/edgar/data/1442145/000144214514000017/0001442145-14-000017-index.htm", "finalLink": "https://www.sec.gov/Archives/edgar/data/1442145/000144214514000017/vrsk-2014033110q.htm"}, {"date": "2013-12-31", "symbol": "VRSK", "fillingDate": "2014-02-25", "acceptedDate": "2014-02-25 16:16:32", "period": "FY", "revenue": 332463000, "costOfRevenue": 106831000, "grossProfit": 225632000, "grossProfitRatio": 0.6786680021536231, "researchAndDevelopmentExpenses": 21426000, "generalAndAdministrativeExpenses": 49472000, "sellingAndMarketingExpenses": 0.0, "otherExpenses": -17257000, "operatingExpenses": 49472000, "costAndExpenses": 186709000, "interestExpense": 17650000, "depreciationAndAmortization": 34388000, "ebitda": 180142000, "ebitdaratio": 0.541840746188, "operatingIncome": 145754000, "operatingIncomeRatio": 0.438406679841, "totalOtherIncomeExpensesNet": -17257000, "incomeBeforeTax": 128497000, "incomeBeforeTaxRatio": 0.386500151897, "incomeTaxExpense": 47340000, "netIncome": 87223000, "netIncomeRatio": 0.26235400631, "eps": 0.52, "epsdiluted": 0.51, "weightedAverageShsOut": 168031412, "weightedAverageShsOutDil": 172276360, "link": "https://www.sec.gov/Archives/edgar/data/1442145/000144214514000008/0001442145-14-000008-index.htm", "finalLink": "https://www.sec.gov/Archives/edgar/data/1442145/000144214514000008/vrsk10k12312013.htm"}, {"date": "2013-09-30", "symbol": "VRSK", "fillingDate": "2013-11-05", "acceptedDate": "2013-11-05 16:17:42", "period": "Q3", "revenue": 438597000, "costOfRevenue": 176580000, "grossProfit": 262017000, "grossProfitRatio": 0.5973980670182423, "researchAndDevelopmentExpenses": 0.0, "generalAndAdministrativeExpenses": 59330000, "sellingAndMarketingExpenses": 0.0, "otherExpenses": -18464000, "operatingExpenses": 59330000, "costAndExpenses": 269007000, "interestExpense": 18692000, "depreciationAndAmortization": 32417000, "ebitda": 202007000, "ebitdaratio": 0.460575425733, "operatingIncome": 169590000, "operatingIncomeRatio": 0.386664751469, "totalOtherIncomeExpensesNet": -18464000, "incomeBeforeTax": 151126000, "incomeBeforeTaxRatio": 0.344566880302, "incomeTaxExpense": 54685000, "netIncome": 96441000, "netIncomeRatio": 0.219885224933, "eps": 0.57, "epsdiluted": 0.56, "weightedAverageShsOut": 168089919, "weightedAverageShsOutDil": 172460960, "link": "https://www.sec.gov/Archives/edgar/data/1442145/000144214513000010/0001442145-13-000010-index.htm", "finalLink": "https://www.sec.gov/Archives/edgar/data/1442145/000144214513000010/vrsk-20130930x10q.htm"}, {"date": "2013-06-30", "symbol": "VRSK", "fillingDate": "2013-07-30", "acceptedDate": "2013-07-30 16:22:03", "period": "Q2", "revenue": 421320000, "costOfRevenue": 174663000, "grossProfit": 246657000, "grossProfitRatio": 0.5854386214753632, "researchAndDevelopmentExpenses": 0.0, "generalAndAdministrativeExpenses": 61152000, "sellingAndMarketingExpenses": 0.0, "otherExpenses": -19571000, "operatingExpenses": 61152000, "costAndExpenses": 269822000, "interestExpense": 19704000, "depreciationAndAmortization": 33327000, "ebitda": 184825000, "ebitdaratio": 0.438680812684, "operatingIncome": 151498000, "operatingIncomeRatio": 0.35957941707, "totalOtherIncomeExpensesNet": -19571000, "incomeBeforeTax": 131927000, "incomeBeforeTaxRatio": 0.313127788854, "incomeTaxExpense": 47722000, "netIncome": 84205000, "netIncomeRatio": 0.199859963923, "eps": 0.5, "epsdiluted": 0.48, "weightedAverageShsOut": 168112829, "weightedAverageShsOutDil": 172614164, "link": "https://www.sec.gov/Archives/edgar/data/1442145/000119312513310236/0001193125-13-310236-index.htm", "finalLink": "https://www.sec.gov/Archives/edgar/data/1442145/000119312513310236/d541058d10q.htm"}, {"date": "2013-03-31", "symbol": "VRSK", "fillingDate": "2013-04-30", "acceptedDate": "2013-04-30 16:21:02", "period": "Q1", "revenue": 403323000, "costOfRevenue": 164449000, "grossProfit": 238874000, "grossProfitRatio": 0.5922647605021286, "researchAndDevelopmentExpenses": 0.0, "generalAndAdministrativeExpenses": 59028000, "sellingAndMarketingExpenses": 0.0, "otherExpenses": -20235000, "operatingExpenses": 59028000, "costAndExpenses": 255898000, "interestExpense": 20090000, "depreciationAndAmortization": 31733000, "ebitda": 179158000, "ebitdaratio": 0.444204768883, "operatingIncome": 147425000, "operatingIncomeRatio": 0.365525893639, "totalOtherIncomeExpensesNet": -20235000, "incomeBeforeTax": 127190000, "incomeBeforeTaxRatio": 0.315355186786, "incomeTaxExpense": 46679000, "netIncome": 80511000, "netIncomeRatio": 0.199619163797, "eps": 0.48, "epsdiluted": 0.47, "weightedAverageShsOut": 168078589, "weightedAverageShsOutDil": 172760641, "link": "https://www.sec.gov/Archives/edgar/data/1442145/000119312513187336/0001193125-13-187336-index.htm", "finalLink": "https://www.sec.gov/Archives/edgar/data/1442145/000119312513187336/d496990d10q.htm"}, {"date": "2012-12-31", "symbol": "VRSK", "fillingDate": "2013-02-26", "acceptedDate": "2013-02-26 16:22:16", "period": "FY", "revenue": 415730000, "costOfRevenue": 170021000, "grossProfit": 245709000, "grossProfitRatio": 0.5910302359704616, "researchAndDevelopmentExpenses": 18386000, "generalAndAdministrativeExpenses": 56200000, "sellingAndMarketingExpenses": 0.0, "otherExpenses": -72380000, "operatingExpenses": 56200000, "costAndExpenses": 256756000, "interestExpense": 20613000, "depreciationAndAmortization": 29847000, "ebitda": 188821000, "ebitdaratio": 0.454191422317, "operatingIncome": 158974000, "operatingIncomeRatio": 0.382397228971, "totalOtherIncomeExpensesNet": -20544000, "incomeBeforeTax": 138430000, "incomeBeforeTaxRatio": 0.332980540254, "incomeTaxExpense": 40131000, "netIncome": 98299000, "netIncomeRatio": 0.236449137661, "eps": 0.59, "epsdiluted": 0.58, "weightedAverageShsOut": 165890258, "weightedAverageShsOutDil": 171709518, "link": "https://www.sec.gov/Archives/edgar/data/1442145/000119312513076934/0001193125-13-076934-index.htm", "finalLink": "https://www.sec.gov/Archives/edgar/data/1442145/000119312513076934/d448659d10k.htm"}, {"date": "2012-09-30", "symbol": "VRSK", "fillingDate": "2012-10-30", "acceptedDate": "2012-10-30 16:26:09", "period": "Q3", "revenue": 398863000, "costOfRevenue": 156749000, "grossProfit": 242114000, "grossProfitRatio": 0.607010427139143, "researchAndDevelopmentExpenses": 0.0, "generalAndAdministrativeExpenses": 58707000, "sellingAndMarketingExpenses": 0.0, "otherExpenses": -44155000, "operatingExpenses": 58707000, "costAndExpenses": 243612000, "interestExpense": 18133000, "depreciationAndAmortization": 27603000, "ebitda": 182854000, "ebitdaratio": 0.458438110329, "operatingIncome": 155251000, "operatingIncomeRatio": 0.389233897353, "totalOtherIncomeExpensesNet": -18635000, "incomeBeforeTax": 136616000, "incomeBeforeTaxRatio": 0.342513594893, "incomeTaxExpense": 53705000, "netIncome": 82911000, "netIncomeRatio": 0.20786836583, "eps": 0.5, "epsdiluted": 0.48, "weightedAverageShsOut": 165587027, "weightedAverageShsOutDil": 171637571, "link": "https://www.sec.gov/Archives/edgar/data/1442145/000119312512441544/0001193125-12-441544-index.htm", "finalLink": "https://www.sec.gov/Archives/edgar/data/1442145/000119312512441544/d402682d10q.htm"}, {"date": "2012-06-30", "symbol": "VRSK", "fillingDate": "2012-07-31", "acceptedDate": "2012-07-31 16:47:21", "period": "Q2", "revenue": 373226000, "costOfRevenue": 147074000, "grossProfit": 226152000, "grossProfitRatio": 0.6059384930310321, "researchAndDevelopmentExpenses": 0.0, "generalAndAdministrativeExpenses": 62473000, "sellingAndMarketingExpenses": 0.0, "otherExpenses": -7681000.0, "operatingExpenses": 62473000, "costAndExpenses": 234824000, "interestExpense": 17377000, "depreciationAndAmortization": 24726000, "ebitda": 163128000, "ebitdaratio": 0.437075659252, "operatingIncome": 138402000, "operatingIncomeRatio": 0.370826255406, "totalOtherIncomeExpensesNet": -17251000, "incomeBeforeTax": 121151000, "incomeBeforeTaxRatio": 0.324604931061, "incomeTaxExpense": 47820000, "netIncome": 73331000, "netIncomeRatio": 0.196478809086, "eps": 0.44, "epsdiluted": 0.42, "weightedAverageShsOut": 165391500, "weightedAverageShsOutDil": 171626084, "link": "https://www.sec.gov/Archives/edgar/data/1442145/000119312512326026/0001193125-12-326026-index.htm", "finalLink": "https://www.sec.gov/Archives/edgar/data/1442145/000119312512326026/d362457d10q.htm"}, {"date": "2012-03-31", "symbol": "VRSK", "fillingDate": "2012-05-01", "acceptedDate": "2012-05-01 16:21:08", "period": "Q1", "revenue": 346501000, "costOfRevenue": 133330000, "grossProfit": 213171000, "grossProfitRatio": 0.615210345713288, "researchAndDevelopmentExpenses": 0.0, "generalAndAdministrativeExpenses": 53979000, "sellingAndMarketingExpenses": 0.0, "otherExpenses": -15950000, "operatingExpenses": 53979000, "costAndExpenses": 207540000, "interestExpense": 16385000, "depreciationAndAmortization": 19686000, "ebitda": 158647000, "ebitdaratio": 0.457854378487, "operatingIncome": 138961000, "operatingIncomeRatio": 0.401040689637, "totalOtherIncomeExpensesNet": -15950000, "incomeBeforeTax": 123011000, "incomeBeforeTaxRatio": 0.355009076453, "incomeTaxExpense": 48410000, "netIncome": 74601000, "netIncomeRatio": 0.215298079948, "eps": 0.45, "epsdiluted": 0.44, "weightedAverageShsOut": 164836992, "weightedAverageShsOutDil": 171350820, "link": "https://www.sec.gov/Archives/edgar/data/1442145/000119312512200848/0001193125-12-200848-index.htm", "finalLink": "https://www.sec.gov/Archives/edgar/data/1442145/000119312512200848/d313698d10q.htm"}, {"date": "2011-12-31", "symbol": "VRSK", "fillingDate": "2012-02-28", "acceptedDate": "2012-02-28 16:21:57", "period": "FY", "revenue": 563361000, "costOfRevenue": 533735000, "grossProfit": 29626000, "grossProfitRatio": 0.05258794982258268, "researchAndDevelopmentExpenses": 0.0, "generalAndAdministrativeExpenses": 209469000, "sellingAndMarketingExpenses": 0.0, "otherExpenses": -52960000, "operatingExpenses": 209469000, "costAndExpenses": 743204000, "interestExpense": 0.0, "depreciationAndAmortization": -32958000, "ebitda": 480423000, "ebitdaratio": 0.85278001139589, "operatingIncome": 513381000, "operatingIncomeRatio": 0.9112824636423181, "totalOtherIncomeExpensesNet": 0.0, "incomeBeforeTax": 460421000, "incomeBeforeTaxRatio": 0.8172752462453028, "incomeTaxExpense": -177663000, "netIncome": 282758000, "netIncomeRatio": 0.5019126279596919, "eps": 0.0, "epsdiluted": 0.0, "weightedAverageShsOut": 164836992, "weightedAverageShsOutDil": 171350820, "link": "https://www.sec.gov/Archives/edgar/data/1442145/000119312512085286/0001193125-12-085286-index.htm", "finalLink": "https://www.sec.gov/Archives/edgar/data/1442145/000119312512085286/d282185d10k.htm"}, {"date": "2011-09-30", "symbol": "VRSK", "fillingDate": "2011-11-01", "acceptedDate": "2011-11-01 16:16:15", "period": "Q3", "revenue": 340098000, "costOfRevenue": 137619000, "grossProfit": 202479000, "grossProfitRatio": 0.5953548683026657, "researchAndDevelopmentExpenses": 0.0, "generalAndAdministrativeExpenses": 51475000, "sellingAndMarketingExpenses": 0.0, "otherExpenses": -14580000, "operatingExpenses": 51475000, "costAndExpenses": 189094000, "interestExpense": 0.0, "depreciationAndAmortization": 32958000, "ebitda": 164367000, "ebitdaratio": 0.48329305082652646, "operatingIncome": 131409000, "operatingIncomeRatio": 0.3863856888308664, "totalOtherIncomeExpensesNet": 0.0, "incomeBeforeTax": 116829000, "incomeBeforeTaxRatio": 0.34351569253568087, "incomeTaxExpense": -45842000, "netIncome": 70987000, "netIncomeRatio": 0.20872513216778693, "eps": 0.0, "epsdiluted": 0.0, "weightedAverageShsOut": 164836992, "weightedAverageShsOutDil": 171350820, "link": "https://www.sec.gov/Archives/edgar/data/1442145/000095012311093958/0000950123-11-093958-index.htm", "finalLink": "https://www.sec.gov/Archives/edgar/data/1442145/000095012311093958/c22496e10vq.htm"}, {"date": "2011-06-30", "symbol": "VRSK", "fillingDate": "2011-08-02", "acceptedDate": "2011-08-02 16:16:33", "period": "Q2", "revenue": 327280000, "costOfRevenue": 131185000, "grossProfit": 196095000, "grossProfitRatio": 0.5991658518699584, "researchAndDevelopmentExpenses": 0.0, "generalAndAdministrativeExpenses": 55909000, "sellingAndMarketingExpenses": 0.0, "otherExpenses": -14770000, "operatingExpenses": 55909000, "costAndExpenses": 187094000, "interestExpense": 0.0, "depreciationAndAmortization": -11305000, "ebitda": 112513000, "ebitdaratio": 0.34378208262038623, "operatingIncome": 123818000, "operatingIncomeRatio": 0.3783243705695429, "totalOtherIncomeExpensesNet": 0.0, "incomeBeforeTax": 109048000, "incomeBeforeTaxRatio": 0.3331948178929357, "incomeTaxExpense": -43471000, "netIncome": 65577000, "netIncomeRatio": 0.20036971400635542, "eps": 0.0, "epsdiluted": 0.0, "weightedAverageShsOut": 164836992, "weightedAverageShsOutDil": 171350820, "link": "https://www.sec.gov/Archives/edgar/data/1442145/000095012311071625/0000950123-11-071625-index.htm", "finalLink": "https://www.sec.gov/Archives/edgar/data/1442145/000095012311071625/c18159e10vq.htm"}, {"date": "2011-03-31", "symbol": "VRSK", "fillingDate": "2011-05-03", "acceptedDate": "2011-05-03 16:31:46", "period": "Q1", "revenue": 312869000, "costOfRevenue": 124556000, "grossProfit": 188313000, "grossProfitRatio": 0.6018908872403466, "researchAndDevelopmentExpenses": 0.0, "generalAndAdministrativeExpenses": 49256000, "sellingAndMarketingExpenses": 0.0, "otherExpenses": -9243000.0, "operatingExpenses": 49256000, "costAndExpenses": 173812000, "interestExpense": 0.0, "depreciationAndAmortization": 11305000, "ebitda": 130602000, "ebitdaratio": 0.4174334945296594, "operatingIncome": 119297000, "operatingIncomeRatio": 0.3813001607701626, "totalOtherIncomeExpensesNet": 0.0, "incomeBeforeTax": 110054000, "incomeBeforeTaxRatio": 0.3517574448091693, "incomeTaxExpense": -44178000, "netIncome": 65876000, "netIncomeRatio": 0.21055457715529502, "eps": 0.0, "epsdiluted": 0.0, "weightedAverageShsOut": 164836992, "weightedAverageShsOutDil": 171350820, "link": "https://www.sec.gov/Archives/edgar/data/1442145/000095012311043876/0000950123-11-043876-index.htm", "finalLink": "https://www.sec.gov/Archives/edgar/data/1442145/000095012311043876/c14720e10vq.htm"}, {"date": "2010-12-31", "symbol": "VRSK", "fillingDate": "2011-02-28", "acceptedDate": "2011-02-28 16:39:38", "period": "FY", "revenue": 293158000, "costOfRevenue": 116475000, "grossProfit": 176683000, "grossProfitRatio": 0.6026886525354928, "researchAndDevelopmentExpenses": 0.0, "generalAndAdministrativeExpenses": 45240000, "sellingAndMarketingExpenses": 0.0, "otherExpenses": -9122000.0, "operatingExpenses": 45240000, "costAndExpenses": 161715000, "interestExpense": 9269000.0, "depreciationAndAmortization": 10820000, "ebitda": 124527000, "ebitdaratio": 0.42477776489128727, "operatingIncome": 113707000, "operatingIncomeRatio": 0.38786934008282226, "totalOtherIncomeExpensesNet": 0.0, "incomeBeforeTax": 104585000, "incomeBeforeTaxRatio": 0.3567530137332087, "incomeTaxExpense": -38692000, "netIncome": 65893000, "netIncomeRatio": 0.22476957817968468, "eps": 1.36, "epsdiluted": 1.36, "weightedAverageShsOut": 177733503, "weightedAverageShsOutDil": 186394962, "link": "https://www.sec.gov/Archives/edgar/data/1442145/000095012311019814/0000950123-11-019814-index.htm", "finalLink": "https://www.sec.gov/Archives/edgar/data/1442145/000095012311019814/y89886e10vk.htm"}, {"date": "2010-09-30", "symbol": "VRSK", "fillingDate": "2010-11-03", "acceptedDate": "2010-11-03 17:25:37", "period": "Q3", "revenue": 287354000, "costOfRevenue": 117005000, "grossProfit": 170349000, "grossProfitRatio": 0.5928193099800246, "researchAndDevelopmentExpenses": 0.0, "generalAndAdministrativeExpenses": 40982000, "sellingAndMarketingExpenses": 0.0, "otherExpenses": -8416000.0, "operatingExpenses": 40982000, "costAndExpenses": 157987000, "interestExpense": 8484000.0, "depreciationAndAmortization": 10035000, "ebitda": 123753000, "ebitdaratio": 0.4306639197644717, "operatingIncome": 113718000, "operatingIncomeRatio": 0.39574183759404774, "totalOtherIncomeExpensesNet": 0.0, "incomeBeforeTax": 105302000, "incomeBeforeTaxRatio": 0.36645392094768126, "incomeTaxExpense": -42422000, "netIncome": 62880000, "netIncomeRatio": 0.21882416809927824, "eps": 0.98, "epsdiluted": 0.98, "weightedAverageShsOut": 179744297, "weightedAverageShsOutDil": 188728438, "link": "https://www.sec.gov/Archives/edgar/data/1442145/000095012310100219/0000950123-10-100219-index.htm", "finalLink": "https://www.sec.gov/Archives/edgar/data/1442145/000095012310100219/c07450e10vq.htm"}, {"date": "2010-06-30", "symbol": "VRSK", "fillingDate": "2010-08-04", "acceptedDate": "2010-08-04 16:40:47", "period": "Q2", "revenue": 281677000, "costOfRevenue": 115000000, "grossProfit": 166677000, "grossProfitRatio": 0.5917309542490157, "researchAndDevelopmentExpenses": 0.0, "generalAndAdministrativeExpenses": 42638000, "sellingAndMarketingExpenses": 0.0, "otherExpenses": -8324000.0, "operatingExpenses": 42638000, "costAndExpenses": 157638000, "interestExpense": 8445000.0, "depreciationAndAmortization": 9944000.0, "ebitda": 117019000, "ebitdaratio": 0.4154368301281255, "operatingIncome": 107075000, "operatingIncomeRatio": 0.3801339832503186, "totalOtherIncomeExpensesNet": 0.0, "incomeBeforeTax": 98751000, "incomeBeforeTaxRatio": 0.35058240466917784, "incomeTaxExpense": -40347000, "netIncome": 58404000, "netIncomeRatio": 0.2073438725916564, "eps": 0.63, "epsdiluted": 0.63, "weightedAverageShsOut": 180272828, "weightedAverageShsOutDil": 189498324, "link": "https://www.sec.gov/Archives/edgar/data/1442145/000095012310072531/0000950123-10-072531-index.htm", "finalLink": "https://www.sec.gov/Archives/edgar/data/1442145/000095012310072531/c03781e10vq.htm"}, {"date": "2010-03-31", "symbol": "VRSK", "fillingDate": "2010-05-06", "acceptedDate": "2010-05-06 17:14:42", "period": "Q1", "revenue": 276154000, "costOfRevenue": 114993000, "grossProfit": 161161000, "grossProfitRatio": 0.5835910397821505, "researchAndDevelopmentExpenses": 0.0, "generalAndAdministrativeExpenses": 37514000, "sellingAndMarketingExpenses": 0.0, "otherExpenses": -8402000.0, "operatingExpenses": 37514000, "costAndExpenses": 152507000, "interestExpense": 8466000.0, "depreciationAndAmortization": 9929000.0, "ebitda": 116343000, "ebitdaratio": 0.42129753688159505, "operatingIncome": 106414000, "operatingIncomeRatio": 0.385342960811721, "totalOtherIncomeExpensesNet": 0.0, "incomeBeforeTax": 98012000, "incomeBeforeTaxRatio": 0.3549179081237281, "incomeTaxExpense": -42637000, "netIncome": 55375000, "netIncomeRatio": 0.200522172411046, "eps": 0.31, "epsdiluted": 0.31, "weightedAverageShsOut": 180053550, "weightedAverageShsOutDil": 189454756, "link": "https://www.sec.gov/Archives/edgar/data/1442145/000095012310045644/0000950123-10-045644-index.htm", "finalLink": "https://www.sec.gov/Archives/edgar/data/1442145/000095012310045644/c99696e10vq.htm"}, {"date": "2009-12-31", "symbol": "VRSK", "fillingDate": "2010-03-09", "acceptedDate": "2010-03-09 16:52:10", "period": "FY", "revenue": 523976000, "costOfRevenue": 491294000, "grossProfit": 32682000, "grossProfitRatio": 0.06237308579018886, "researchAndDevelopmentExpenses": 0.0, "generalAndAdministrativeExpenses": 162604000, "sellingAndMarketingExpenses": 0.0, "otherExpenses": -37402000, "operatingExpenses": 162604000, "costAndExpenses": 653898000, "interestExpense": 35265000, "depreciationAndAmortization": 0.0, "ebitda": 126614000, "ebitdaratio": 0.24164083851168755, "operatingIncome": 126614000, "operatingIncomeRatio": 0.24164083851168755, "totalOtherIncomeExpensesNet": 0.0, "incomeBeforeTax": 264605000, "incomeBeforeTaxRatio": 0.5049945035650488, "incomeTaxExpense": -137991000, "netIncome": 126614000, "netIncomeRatio": 0.24164083851168755, "eps": 0.72, "epsdiluted": 0.72, "weightedAverageShsOut": 174767795, "weightedAverageShsOutDil": 182165661, "link": "https://www.sec.gov/Archives/edgar/data/1442145/000095012310022607/0000950123-10-022607-index.htm", "finalLink": "https://www.sec.gov/Archives/edgar/data/1442145/000095012310022607/c96162e10vk.htm"}]