[{"date": "2020-03-31", "symbol": "CTXS", "fillingDate": "2020-05-05", "acceptedDate": "2020-05-05 10:53:54", "period": "Q1", "revenue": 860945000, "costOfRevenue": 222873000, "grossProfit": 638072000, "grossProfitRatio": 0.7411298050398109, "researchAndDevelopmentExpenses": 134458000, "generalAndAdministrativeExpenses": 80099000, "sellingAndMarketingExpenses": 326109000, "otherExpenses": 3155000.0, "operatingExpenses": 543821000, "costAndExpenses": 766694000, "interestExpense": 14611000, "depreciationAndAmortization": 53701000, "ebitda": 244340000, "ebitdaratio": 0.2838044242082828, "operatingIncome": 190639000, "operatingIncomeRatio": 0.22142994035623645, "totalOtherIncomeExpensesNet": 2098000.0, "incomeBeforeTax": 190639000, "incomeBeforeTaxRatio": 0.22142994035623645, "incomeTaxExpense": 9417000.0, "netIncome": 181222000, "netIncomeRatio": 0.21049195941668747, "eps": 1.45, "epsdiluted": 1.42, "weightedAverageShsOut": 124737000, "weightedAverageShsOutDil": 127577000, "link": "https://www.sec.gov/Archives/edgar/data/877890/000087789020000155/0000877890-20-000155-index.htm", "finalLink": "https://www.sec.gov/Archives/edgar/data/877890/000087789020000155/ctxs-20200331.htm"}, {"date": "2019-12-31", "symbol": "CTXS", "fillingDate": "2020-02-14", "acceptedDate": "2020-02-14 11:47:15", "period": "FY", "revenue": 2665694000, "costOfRevenue": 229721000, "grossProfit": 2435973000, "grossProfitRatio": 0.9138231920092854, "researchAndDevelopmentExpenses": 128165000, "generalAndAdministrativeExpenses": 81678000, "sellingAndMarketingExpenses": 284998000, "otherExpenses": -26617000, "operatingExpenses": 467148000, "costAndExpenses": 696869000, "interestExpense": 8830000.0, "depreciationAndAmortization": -121213000, "ebitda": 64148000, "ebitdaratio": 0.024064277445198137, "operatingIncome": 185361000, "operatingIncomeRatio": 0.06953573816049403, "totalOtherIncomeExpensesNet": -2659000.0, "incomeBeforeTax": 175959000, "incomeBeforeTaxRatio": 0.06600870167393556, "incomeTaxExpense": -31154000, "netIncome": 207113000, "netIncomeRatio": 0.0776957145118682, "eps": 5.21, "epsdiluted": 5.21, "weightedAverageShsOut": 130853000, "weightedAverageShsOutDil": 135495000, "link": "https://www.sec.gov/Archives/edgar/data/877890/000087789020000051/0000877890-20-000051-index.htm", "finalLink": "https://www.sec.gov/Archives/edgar/data/877890/000087789020000051/ctxs-20191231.htm"}, {"date": "2019-09-30", "symbol": "CTXS", "fillingDate": "2019-11-01", "acceptedDate": "2019-11-01 11:26:33", "period": "Q3", "revenue": 732901000, "costOfRevenue": 126918000, "grossProfit": 605983000, "grossProfitRatio": 0.8268279071798238, "researchAndDevelopmentExpenses": 126420000, "generalAndAdministrativeExpenses": 80042000, "sellingAndMarketingExpenses": 274874000, "otherExpenses": 13816000, "operatingExpenses": 495152000, "costAndExpenses": 622070000, "interestExpense": 8822000.0, "depreciationAndAmortization": 69754000, "ebitda": 180585000, "ebitdaratio": 0.246397535274, "operatingIncome": 110831000, "operatingIncomeRatio": 0.151222334258, "totalOtherIncomeExpensesNet": 3735000.0, "incomeBeforeTax": 108114000, "incomeBeforeTaxRatio": 0.147515148704, "incomeTaxExpense": -141159000, "netIncome": 270857000, "netIncomeRatio": 0.369568331876, "eps": 2.07, "epsdiluted": 2.0, "weightedAverageShsOut": 131020000, "weightedAverageShsOutDil": 136297000, "link": "https://www.sec.gov/Archives/edgar/data/877890/000087789019000279/0000877890-19-000279-index.htm", "finalLink": "https://www.sec.gov/Archives/edgar/data/877890/000087789019000279/ctxs09-30x201910xq.htm"}, {"date": "2019-06-30", "symbol": "CTXS", "fillingDate": "2019-08-06", "acceptedDate": "2019-08-06 15:27:10", "period": "Q2", "revenue": 748697000, "costOfRevenue": 110479000, "grossProfit": 638218000, "grossProfitRatio": 0.8524383028114177, "researchAndDevelopmentExpenses": 134029000, "generalAndAdministrativeExpenses": 81162000, "sellingAndMarketingExpenses": 298429000, "otherExpenses": 7516000.0, "operatingExpenses": 521136000, "costAndExpenses": 631615000, "interestExpense": 10289000, "depreciationAndAmortization": 56217000, "ebitda": 173299000, "ebitdaratio": 0.231467469484, "operatingIncome": 117082000, "operatingIncomeRatio": 0.156381019291, "totalOtherIncomeExpensesNet": -3420000.0, "incomeBeforeTax": 107243000, "incomeBeforeTaxRatio": 0.143239521462, "incomeTaxExpense": 13748000, "netIncome": 93495000, "netIncomeRatio": 0.124876952893, "eps": 0.71, "epsdiluted": 0.7, "weightedAverageShsOut": 131396000, "weightedAverageShsOutDil": 137635000, "link": "https://www.sec.gov/Archives/edgar/data/877890/000087789019000210/0000877890-19-000210-index.htm", "finalLink": "https://www.sec.gov/Archives/edgar/data/877890/000087789019000210/ctxs06-30x201910xq.htm"}, {"date": "2019-03-31", "symbol": "CTXS", "fillingDate": "2019-05-10", "acceptedDate": "2019-05-10 16:39:55", "period": "Q1", "revenue": 719143000, "costOfRevenue": 107473000, "grossProfit": 611670000, "grossProfitRatio": 0.8505540622657802, "researchAndDevelopmentExpenses": 130263000, "generalAndAdministrativeExpenses": 77547000, "sellingAndMarketingExpenses": 274655000, "otherExpenses": 6361000.0, "operatingExpenses": 488826000, "costAndExpenses": 596299000, "interestExpense": 18033000, "depreciationAndAmortization": 62472000, "ebitda": 185316000, "ebitdaratio": 0.257690056081, "operatingIncome": 122844000, "operatingIncomeRatio": 0.170819989905, "totalOtherIncomeExpensesNet": 3699000.0, "incomeBeforeTax": 118184000, "incomeBeforeTaxRatio": 0.1643400547596236, "incomeTaxExpense": 7836000.0, "netIncome": 110348000, "netIncomeRatio": 0.153443751799, "eps": 0.84, "epsdiluted": 0.78, "weightedAverageShsOut": 131483000, "weightedAverageShsOutDil": 141025000, "link": "https://www.sec.gov/Archives/edgar/data/877890/000087789019000134/0000877890-19-000134-index.htm", "finalLink": "https://www.sec.gov/Archives/edgar/data/877890/000087789019000134/ctxs03-31x201910xq.htm"}, {"date": "2018-12-31", "symbol": "CTXS", "fillingDate": "2019-02-15", "acceptedDate": "2019-02-15 10:41:47", "period": "FY", "revenue": 801870000, "costOfRevenue": 112851000, "grossProfit": 689019000, "grossProfitRatio": 0.8592652175539676, "researchAndDevelopmentExpenses": 116934000, "generalAndAdministrativeExpenses": 88192000, "sellingAndMarketingExpenses": 273729000, "otherExpenses": 7693000.0, "operatingExpenses": 486548000, "costAndExpenses": 599399000, "interestExpense": 19322000, "depreciationAndAmortization": 57557000, "ebitda": 260028000, "ebitdaratio": 0.324277002507, "operatingIncome": 202471000, "operatingIncomeRatio": 0.252498534675, "totalOtherIncomeExpensesNet": -6526000.0, "incomeBeforeTax": 187624000, "incomeBeforeTaxRatio": 0.23398306458652898, "incomeTaxExpense": 21906000, "netIncome": 165718000, "netIncomeRatio": 0.206664421914, "eps": 1.23, "epsdiluted": 1.14, "weightedAverageShsOut": 136030000, "weightedAverageShsOutDil": 145934000, "link": "https://www.sec.gov/Archives/edgar/data/877890/000087789019000035/0000877890-19-000035-index.htm", "finalLink": "https://www.sec.gov/Archives/edgar/data/877890/000087789019000035/ctxs12-31x201810xk.htm"}, {"date": "2018-09-30", "symbol": "CTXS", "fillingDate": "2018-11-05", "acceptedDate": "2018-11-05 17:11:29", "period": "Q3", "revenue": 732476000, "costOfRevenue": 103917000, "grossProfit": 628559000, "grossProfitRatio": 0.8581291400673878, "researchAndDevelopmentExpenses": 111557000, "generalAndAdministrativeExpenses": 86084000, "sellingAndMarketingExpenses": 262562000, "otherExpenses": 3577000.0, "operatingExpenses": 463780000, "costAndExpenses": 567697000, "interestExpense": 19962000, "depreciationAndAmortization": 55316000, "ebitda": 220095000, "ebitdaratio": 0.300480834867, "operatingIncome": 164779000, "operatingIncomeRatio": 0.224961636968, "totalOtherIncomeExpensesNet": 3702000.0, "incomeBeforeTax": 159415000, "incomeBeforeTaxRatio": 0.217638530136, "incomeTaxExpense": 558000.0, "netIncome": 158857000, "netIncomeRatio": 0.216876730432, "eps": 1.18, "epsdiluted": 1.08, "weightedAverageShsOut": 136752000, "weightedAverageShsOutDil": 146554000, "link": "https://www.sec.gov/Archives/edgar/data/877890/000087789018000149/0000877890-18-000149-index.htm", "finalLink": "https://www.sec.gov/Archives/edgar/data/877890/000087789018000149/ctxs09-30x201810xq.htm"}, {"date": "2018-06-30", "symbol": "CTXS", "fillingDate": "2018-08-03", "acceptedDate": "2018-08-03 10:04:14", "period": "Q2", "revenue": 742365000, "costOfRevenue": 108749000, "grossProfit": 633616000, "grossProfitRatio": 0.85351006580321, "researchAndDevelopmentExpenses": 112943000, "generalAndAdministrativeExpenses": 77340000, "sellingAndMarketingExpenses": 286730000, "otherExpenses": 11456000, "operatingExpenses": 488469000, "costAndExpenses": 597218000, "interestExpense": 20542000, "depreciationAndAmortization": 54390000, "ebitda": 199537000, "ebitdaratio": 0.26878557044, "operatingIncome": 145147000, "operatingIncomeRatio": 0.195519724125, "totalOtherIncomeExpensesNet": -2537000.0, "incomeBeforeTax": 131470000, "incomeBeforeTaxRatio": 0.177096172368, "incomeTaxExpense": 24637000, "netIncome": 106833000, "netIncomeRatio": 0.143908993554, "eps": 0.78, "epsdiluted": 0.73, "weightedAverageShsOut": 137614000, "weightedAverageShsOutDil": 145709000, "link": "https://www.sec.gov/Archives/edgar/data/877890/000087789018000117/0000877890-18-000117-index.htm", "finalLink": "https://www.sec.gov/Archives/edgar/data/877890/000087789018000117/ctxs06-30x201810xq.htm"}, {"date": "2018-03-31", "symbol": "CTXS", "fillingDate": "2018-05-04", "acceptedDate": "2018-05-04 09:46:29", "period": "Q1", "revenue": 697192000, "costOfRevenue": 108286000, "grossProfit": 588906000, "grossProfitRatio": 0.8446826699101538, "researchAndDevelopmentExpenses": 98550000, "generalAndAdministrativeExpenses": 63727000, "sellingAndMarketingExpenses": 251213000, "otherExpenses": 9853000.0, "operatingExpenses": 423343000, "costAndExpenses": 531629000, "interestExpense": 20336000, "depreciationAndAmortization": 51876000, "ebitda": 217439000, "ebitdaratio": 0.31187822006, "operatingIncome": 165563000, "operatingIncomeRatio": 0.237471170065, "totalOtherIncomeExpensesNet": -3012000.0, "incomeBeforeTax": 150946000, "incomeBeforeTaxRatio": 0.21650563976637713, "incomeTaxExpense": 6687000.0, "netIncome": 144259000, "netIncomeRatio": 0.20691430768, "eps": 1.04, "epsdiluted": 0.99, "weightedAverageShsOut": 139248000, "weightedAverageShsOutDil": 146388000, "link": "https://www.sec.gov/Archives/edgar/data/877890/000087789018000071/0000877890-18-000071-index.htm", "finalLink": "https://www.sec.gov/Archives/edgar/data/877890/000087789018000071/ctxs03-31x201810xq.htm"}, {"date": "2017-12-31", "symbol": "CTXS", "fillingDate": "2018-02-16", "acceptedDate": "2018-02-16 10:57:07", "period": "FY", "revenue": 777857000, "costOfRevenue": 121939000, "grossProfit": 655918000, "grossProfitRatio": 0.8432372531197894, "researchAndDevelopmentExpenses": 99323000, "generalAndAdministrativeExpenses": 65532000, "sellingAndMarketingExpenses": 241548000, "otherExpenses": 59816000, "operatingExpenses": 466219000, "costAndExpenses": 588158000, "interestExpense": 16323000, "depreciationAndAmortization": 58500000, "ebitda": 248199000, "ebitdaratio": 0.319080499372, "operatingIncome": 189699000, "operatingIncomeRatio": 0.24387387399, "totalOtherIncomeExpensesNet": -16000.0, "incomeBeforeTax": 182123000, "incomeBeforeTaxRatio": 0.234134294607, "incomeTaxExpense": 466012000, "netIncome": -241185000, "netIncomeRatio": -0.3100634178261557, "eps": -1.86, "epsdiluted": -1.81, "weightedAverageShsOut": 150779000, "weightedAverageShsOutDil": 155503000, "link": "https://www.sec.gov/Archives/edgar/data/877890/000087789018000025/0000877890-18-000025-index.htm", "finalLink": "https://www.sec.gov/Archives/edgar/data/877890/000087789018000025/ctxs12-31x201710xk.htm"}, {"date": "2017-09-30", "symbol": "CTXS", "fillingDate": "2017-11-02", "acceptedDate": "2017-11-02 13:17:26", "period": "Q3", "revenue": 690925000, "costOfRevenue": 105937000, "grossProfit": 584988000, "grossProfitRatio": 0.8466736621196223, "researchAndDevelopmentExpenses": 107113000, "generalAndAdministrativeExpenses": 79378000, "sellingAndMarketingExpenses": 249499000, "otherExpenses": 12285000, "operatingExpenses": 448275000, "costAndExpenses": 554212000, "interestExpense": 11726000, "depreciationAndAmortization": 52410000, "ebitda": 189123000, "ebitdaratio": 0.273724355031, "operatingIncome": 136713000, "operatingIncomeRatio": 0.197869522741, "totalOtherIncomeExpensesNet": 981000.0, "incomeBeforeTax": 133841000, "incomeBeforeTaxRatio": 0.193712776351, "incomeTaxExpense": 7121000.0, "netIncome": 126720000, "netIncomeRatio": 0.183406303144, "eps": 0.83, "epsdiluted": 0.81, "weightedAverageShsOut": 151896000, "weightedAverageShsOutDil": 156384000, "link": "https://www.sec.gov/Archives/edgar/data/877890/000087789017000151/0000877890-17-000151-index.htm", "finalLink": "https://www.sec.gov/Archives/edgar/data/877890/000087789017000151/ctxs09-30x201710xq.htm"}, {"date": "2017-06-30", "symbol": "CTXS", "fillingDate": "2017-08-04", "acceptedDate": "2017-08-04 16:13:17", "period": "Q2", "revenue": 693227000, "costOfRevenue": 109312000, "grossProfit": 583915000, "grossProfitRatio": 0.8423142780070597, "researchAndDevelopmentExpenses": 106696000, "generalAndAdministrativeExpenses": 81444000, "sellingAndMarketingExpenses": 268300000, "otherExpenses": 5534000.0, "operatingExpenses": 461974000, "costAndExpenses": 571286000, "interestExpense": 12007000, "depreciationAndAmortization": 48103000, "ebitda": 170044000, "ebitdaratio": 0.245293388746, "operatingIncome": 121941000, "operatingIncomeRatio": 0.175903419803, "totalOtherIncomeExpensesNet": -1141000.0, "incomeBeforeTax": 114353000, "incomeBeforeTaxRatio": 0.16495751031, "incomeTaxExpense": 5524000.0, "netIncome": 108829000, "netIncomeRatio": 0.156988980522, "eps": 0.72, "epsdiluted": 0.7, "weightedAverageShsOut": 152247000, "weightedAverageShsOutDil": 157239000, "link": "https://www.sec.gov/Archives/edgar/data/877890/000087789017000106/0000877890-17-000106-index.htm", "finalLink": "https://www.sec.gov/Archives/edgar/data/877890/000087789017000106/ctxs06-30x201710xq.htm"}, {"date": "2017-03-31", "symbol": "CTXS", "fillingDate": "2017-05-08", "acceptedDate": "2017-05-08 14:52:36", "period": "Q1", "revenue": 662677000, "costOfRevenue": 102458000, "grossProfit": 560219000, "grossProfitRatio": 0.8453877228272597, "researchAndDevelopmentExpenses": 102669000, "generalAndAdministrativeExpenses": 76211000, "sellingAndMarketingExpenses": 246765000, "otherExpenses": 11930000, "operatingExpenses": 437575000, "costAndExpenses": 540033000, "interestExpense": 11553000, "depreciationAndAmortization": 49300000, "ebitda": 171944000, "ebitdaratio": 0.25946879098, "operatingIncome": 122644000, "operatingIncomeRatio": 0.185073572796, "totalOtherIncomeExpensesNet": 3326000.0, "incomeBeforeTax": 120029000, "incomeBeforeTaxRatio": 0.181127457268, "incomeTaxExpense": 49704000, "netIncome": 27621000, "netIncomeRatio": 0.0416809395829, "eps": 0.18, "epsdiluted": 0.17, "weightedAverageShsOut": 153247000, "weightedAverageShsOutDil": 158369000, "link": "https://www.sec.gov/Archives/edgar/data/877890/000087789017000069/0000877890-17-000069-index.htm", "finalLink": "https://www.sec.gov/Archives/edgar/data/877890/000087789017000069/ctxs03-31x201710xq.htm"}, {"date": "2016-12-31", "symbol": "CTXS", "fillingDate": "2017-02-16", "acceptedDate": "2017-02-16 15:20:26", "period": "FY", "revenue": 908356000, "costOfRevenue": 138152000, "grossProfit": 770204000, "grossProfitRatio": 0.8479098503230011, "researchAndDevelopmentExpenses": 113658000, "generalAndAdministrativeExpenses": 95967000, "sellingAndMarketingExpenses": 302769000, "otherExpenses": 26520000, "operatingExpenses": 538914000, "costAndExpenses": 677066000, "interestExpense": 11344000, "depreciationAndAmortization": 66968000, "ebitda": 298258000, "ebitdaratio": 0.328349237524, "operatingIncome": 231290000, "operatingIncomeRatio": 0.25462483872, "totalOtherIncomeExpensesNet": 22279000, "incomeBeforeTax": 221174000, "incomeBeforeTaxRatio": 0.24348823589, "incomeTaxExpense": 21324000, "netIncome": 199850000, "netIncomeRatio": 0.220012858395, "eps": 1.29, "epsdiluted": 1.26, "weightedAverageShsOut": 155134000, "weightedAverageShsOutDil": 157084000, "link": "https://www.sec.gov/Archives/edgar/data/877890/000087789017000030/0000877890-17-000030-index.htm", "finalLink": "https://www.sec.gov/Archives/edgar/data/877890/000087789017000030/ctxs12-31x201610xk.htm"}, {"date": "2016-09-30", "symbol": "CTXS", "fillingDate": "2016-11-04", "acceptedDate": "2016-11-04 13:53:49", "period": "Q3", "revenue": 841251000, "costOfRevenue": 137975000, "grossProfit": 703276000, "grossProfitRatio": 0.8359883078890842, "researchAndDevelopmentExpenses": 126887000, "generalAndAdministrativeExpenses": 93686000, "sellingAndMarketingExpenses": 291848000, "otherExpenses": 37028000, "operatingExpenses": 549449000, "costAndExpenses": 687424000, "interestExpense": 11254000, "depreciationAndAmortization": 70136000, "ebitda": 223963000, "ebitdaratio": 0.266226132272, "operatingIncome": 153827000, "operatingIncomeRatio": 0.182855057527, "totalOtherIncomeExpensesNet": -781000.0, "incomeBeforeTax": 147260000, "incomeBeforeTaxRatio": 0.175048826094, "incomeTaxExpense": 15359000, "netIncome": 131901000, "netIncomeRatio": 0.15679149267, "eps": 0.85, "epsdiluted": 0.84, "weightedAverageShsOut": 154847000, "weightedAverageShsOutDil": 156697000, "link": "https://www.sec.gov/Archives/edgar/data/877890/000087789016000338/0000877890-16-000338-index.htm", "finalLink": "https://www.sec.gov/Archives/edgar/data/877890/000087789016000338/ctxs09-30x201610xq.htm"}, {"date": "2016-06-30", "symbol": "CTXS", "fillingDate": "2016-08-05", "acceptedDate": "2016-08-05 17:03:48", "period": "Q2", "revenue": 842980000, "costOfRevenue": 144322000, "grossProfit": 698658000, "grossProfitRatio": 0.8287954637120691, "researchAndDevelopmentExpenses": 124761000, "generalAndAdministrativeExpenses": 97136000, "sellingAndMarketingExpenses": 298449000, "otherExpenses": 25225000, "operatingExpenses": 545571000, "costAndExpenses": 689893000, "interestExpense": 11196000, "depreciationAndAmortization": 78058000, "ebitda": 231145000, "ebitdaratio": 0.274199862393, "operatingIncome": 153087000, "operatingIncomeRatio": 0.181602173243, "totalOtherIncomeExpensesNet": -15712000, "incomeBeforeTax": 145783000, "incomeBeforeTaxRatio": 0.172937673492, "incomeTaxExpense": 24885000, "netIncome": 120898000, "netIncomeRatio": 0.143417400176, "eps": 0.78, "epsdiluted": 0.77, "weightedAverageShsOut": 154485000, "weightedAverageShsOutDil": 156258000, "link": "https://www.sec.gov/Archives/edgar/data/877890/000087789016000297/0000877890-16-000297-index.htm", "finalLink": "https://www.sec.gov/Archives/edgar/data/877890/000087789016000297/ctxs06-30x201610xq.htm"}, {"date": "2016-03-31", "symbol": "CTXS", "fillingDate": "2016-05-06", "acceptedDate": "2016-05-06 10:38:39", "period": "Q1", "revenue": 825678000, "costOfRevenue": 139092000, "grossProfit": 686586000, "grossProfitRatio": 0.8315420781466867, "researchAndDevelopmentExpenses": 123959000, "generalAndAdministrativeExpenses": 90779000, "sellingAndMarketingExpenses": 292748000, "otherExpenses": 68146000, "operatingExpenses": 575632000, "costAndExpenses": 714724000, "interestExpense": 11155000, "depreciationAndAmortization": 70961000, "ebitda": 181915000, "ebitdaratio": 0.220321965706, "operatingIncome": 110954000, "operatingIncomeRatio": 0.134379261649, "totalOtherIncomeExpensesNet": 0.0, "incomeBeforeTax": 102547000, "incomeBeforeTaxRatio": 0.124197326318, "incomeTaxExpense": 19084000, "netIncome": 83463000, "netIncomeRatio": 0.101084199894, "eps": 0.54, "epsdiluted": 0.54, "weightedAverageShsOut": 154067000, "weightedAverageShsOutDil": 155945000, "link": "https://www.sec.gov/Archives/edgar/data/877890/000087789016000251/0000877890-16-000251-index.htm", "finalLink": "https://www.sec.gov/Archives/edgar/data/877890/000087789016000251/ctxs03-31x201610xq.htm"}, {"date": "2015-12-31", "symbol": "CTXS", "fillingDate": "2016-02-18", "acceptedDate": "2016-02-18 14:13:18", "period": "FY", "revenue": 904763000, "costOfRevenue": 202753000, "grossProfit": 702010000, "grossProfitRatio": 0.7759048502204444, "researchAndDevelopmentExpenses": 140003000, "generalAndAdministrativeExpenses": 100968000, "sellingAndMarketingExpenses": 299112000, "otherExpenses": 49521000, "operatingExpenses": 589604000, "costAndExpenses": 792357000, "interestExpense": 10957000, "depreciationAndAmortization": 133082000, "ebitda": 245488000, "ebitdaratio": 0.271328513655, "operatingIncome": 112406000, "operatingIncomeRatio": 0.124238060133, "totalOtherIncomeExpensesNet": 37997000, "incomeBeforeTax": 112195000, "incomeBeforeTaxRatio": 0.124004849889, "incomeTaxExpense": -19079000, "netIncome": 131274000, "netIncomeRatio": 0.145092140152, "eps": 0.84, "epsdiluted": 0.83, "weightedAverageShsOut": 158874000, "weightedAverageShsOutDil": 160362000, "link": "https://www.sec.gov/Archives/edgar/data/877890/000087789016000184/0000877890-16-000184-index.htm", "finalLink": "https://www.sec.gov/Archives/edgar/data/877890/000087789016000184/ctxs12-31x201510xk.htm"}, {"date": "2015-09-30", "symbol": "CTXS", "fillingDate": "2015-11-04", "acceptedDate": "2015-11-04 10:42:53", "period": "Q3", "revenue": 813270000, "costOfRevenue": 146254000, "grossProfit": 667016000, "grossProfitRatio": 0.8201655046909391, "researchAndDevelopmentExpenses": 139128000, "generalAndAdministrativeExpenses": 79799000, "sellingAndMarketingExpenses": 293587000, "otherExpenses": 90704000, "operatingExpenses": 603218000, "costAndExpenses": 749472000, "interestExpense": 11075000, "depreciationAndAmortization": 144850000, "ebitda": 208648000, "ebitdaratio": 0.256554403827, "operatingIncome": 63798000, "operatingIncomeRatio": 0.0784462724556, "totalOtherIncomeExpensesNet": 11111000, "incomeBeforeTax": 53358000, "incomeBeforeTaxRatio": 0.0656092072743, "incomeTaxExpense": -2567000.0, "netIncome": 55925000, "netIncomeRatio": 0.0687656006, "eps": 0.35, "epsdiluted": 0.34, "weightedAverageShsOut": 160359000, "weightedAverageShsOutDil": 161716000, "link": "https://www.sec.gov/Archives/edgar/data/877890/000087789015000135/0000877890-15-000135-index.htm", "finalLink": "https://www.sec.gov/Archives/edgar/data/877890/000087789015000135/ctxs09-30x201510xq.htm"}, {"date": "2015-06-30", "symbol": "CTXS", "fillingDate": "2015-08-07", "acceptedDate": "2015-08-07 15:49:19", "period": "Q2", "revenue": 796759000, "costOfRevenue": 132751000, "grossProfit": 664008000, "grossProfitRatio": 0.8333862560699032, "researchAndDevelopmentExpenses": 140203000, "generalAndAdministrativeExpenses": 79872000, "sellingAndMarketingExpenses": 296258000, "otherExpenses": 25526000, "operatingExpenses": 541859000, "costAndExpenses": 674610000, "interestExpense": 11001000, "depreciationAndAmortization": 76879000, "ebitda": 199028000, "ebitdaratio": 0.249796990056, "operatingIncome": 122149000, "operatingIncomeRatio": 0.153307336346, "totalOtherIncomeExpensesNet": -11111000, "incomeBeforeTax": 110727000, "incomeBeforeTaxRatio": 0.13897175934, "incomeTaxExpense": 7452000.0, "netIncome": 103275000, "netIncomeRatio": 0.129618868441, "eps": 0.64, "epsdiluted": 0.64, "weightedAverageShsOut": 160347000, "weightedAverageShsOutDil": 161674000, "link": "https://www.sec.gov/Archives/edgar/data/877890/000087789015000098/0000877890-15-000098-index.htm", "finalLink": "https://www.sec.gov/Archives/edgar/data/877890/000087789015000098/ctxs6-30x201510xq.htm"}, {"date": "2015-03-31", "symbol": "CTXS", "fillingDate": "2015-05-08", "acceptedDate": "2015-05-08 13:30:48", "period": "Q1", "revenue": 760802000, "costOfRevenue": 132606000, "grossProfit": 628196000, "grossProfitRatio": 0.8257023509401921, "researchAndDevelopmentExpenses": 144641000, "generalAndAdministrativeExpenses": 82026000, "sellingAndMarketingExpenses": 306405000, "otherExpenses": 43392000, "operatingExpenses": 576464000, "costAndExpenses": 709070000, "interestExpense": 11120000, "depreciationAndAmortization": 74081000, "ebitda": 125813000, "ebitdaratio": 0.165368913331, "operatingIncome": 51732000, "operatingIncomeRatio": 0.0679966666754, "totalOtherIncomeExpensesNet": -16137000, "incomeBeforeTax": 35597000, "incomeBeforeTaxRatio": 0.0467887834154, "incomeTaxExpense": 6710000.0, "netIncome": 28887000, "netIncomeRatio": 0.0379691430885, "eps": 0.18, "epsdiluted": 0.18, "weightedAverageShsOut": 160323000, "weightedAverageShsOutDil": 162036000, "link": "https://www.sec.gov/Archives/edgar/data/877890/000087789015000056/0000877890-15-000056-index.htm", "finalLink": "https://www.sec.gov/Archives/edgar/data/877890/000087789015000056/ctxs3-31x201510xq.htm"}, {"date": "2014-12-31", "symbol": "CTXS", "fillingDate": "2015-02-19", "acceptedDate": "2015-02-19 15:40:23", "period": "FY", "revenue": 851483000, "costOfRevenue": 174652000, "grossProfit": 676831000, "grossProfitRatio": 0.7948849243026578, "researchAndDevelopmentExpenses": 141947000, "generalAndAdministrativeExpenses": 77316000, "sellingAndMarketingExpenses": 323978000, "otherExpenses": 16182000, "operatingExpenses": 559423000, "costAndExpenses": 734075000, "interestExpense": 10731000, "depreciationAndAmortization": 102243000, "ebitda": 219651000, "ebitdaratio": 0.257962871837, "operatingIncome": 117408000, "operatingIncomeRatio": 0.137886487458, "totalOtherIncomeExpensesNet": -1692000.0, "incomeBeforeTax": 107701000, "incomeBeforeTaxRatio": 0.126486377297, "incomeTaxExpense": 12473000, "netIncome": 95228000, "netIncomeRatio": 0.111837817079, "eps": 0.57, "epsdiluted": 0.57, "weightedAverageShsOut": 169879000, "weightedAverageShsOutDil": 171270000, "link": "https://www.sec.gov/Archives/edgar/data/877890/000087789015000016/0000877890-15-000016-index.htm", "finalLink": "https://www.sec.gov/Archives/edgar/data/877890/000087789015000016/ctxs12-31x201410xk.htm"}, {"date": "2014-09-30", "symbol": "CTXS", "fillingDate": "2014-11-04", "acceptedDate": "2014-11-04 16:52:25", "period": "Q3", "revenue": 758994000, "costOfRevenue": 135985000, "grossProfit": 623009000, "grossProfitRatio": 0.8208352108185308, "researchAndDevelopmentExpenses": 137877000, "generalAndAdministrativeExpenses": 95203000, "sellingAndMarketingExpenses": 318252000, "otherExpenses": 13080000, "operatingExpenses": 564412000, "costAndExpenses": 700397000, "interestExpense": 10551000, "depreciationAndAmortization": 76745000, "ebitda": 135342000, "ebitdaratio": 0.178317615159, "operatingIncome": 58597000, "operatingIncomeRatio": 0.0772035088551, "totalOtherIncomeExpensesNet": -2235000.0, "incomeBeforeTax": 48222000, "incomeBeforeTaxRatio": 0.0635340990838, "incomeTaxExpense": 690000.0, "netIncome": 47532000, "netIncomeRatio": 0.0626250009882, "eps": 0.29, "epsdiluted": 0.29, "weightedAverageShsOut": 172622000, "weightedAverageShsOutDil": 174023000, "link": "https://www.sec.gov/Archives/edgar/data/877890/000087789014000100/0000877890-14-000100-index.htm", "finalLink": "https://www.sec.gov/Archives/edgar/data/877890/000087789014000100/ctxs9-30x201410xq.htm"}, {"date": "2014-06-30", "symbol": "CTXS", "fillingDate": "2014-08-05", "acceptedDate": "2014-08-05 13:32:14", "period": "Q2", "revenue": 781560000, "costOfRevenue": 175256000, "grossProfit": 606304000, "grossProfitRatio": 0.7757612979169866, "researchAndDevelopmentExpenses": 140375000, "generalAndAdministrativeExpenses": 75015000, "sellingAndMarketingExpenses": 321539000, "otherExpenses": 14956000, "operatingExpenses": 551885000, "costAndExpenses": 727141000, "interestExpense": 7050000.0, "depreciationAndAmortization": 104544000, "ebitda": 158963000, "ebitdaratio": 0.203391934081, "operatingIncome": 54419000, "operatingIncomeRatio": 0.0696286913353, "totalOtherIncomeExpensesNet": -3767000.0, "incomeBeforeTax": 51028000, "incomeBeforeTaxRatio": 0.0652899329546, "incomeTaxExpense": -1996000.0, "netIncome": 53024000, "netIncomeRatio": 0.0678437995803, "eps": 0.32, "epsdiluted": 0.31, "weightedAverageShsOut": 176946000, "weightedAverageShsOutDil": 178246000, "link": "https://www.sec.gov/Archives/edgar/data/877890/000087789014000085/0000877890-14-000085-index.htm", "finalLink": "https://www.sec.gov/Archives/edgar/data/877890/000087789014000085/ctxs6-30x201410xq.htm"}, {"date": "2014-03-31", "symbol": "CTXS", "fillingDate": "2014-05-06", "acceptedDate": "2014-05-06 16:04:23", "period": "Q1", "revenue": 750819000, "costOfRevenue": 134326000, "grossProfit": 616493000, "grossProfitRatio": 0.8210940319837404, "researchAndDevelopmentExpenses": 133618000, "generalAndAdministrativeExpenses": 72388000, "sellingAndMarketingExpenses": 316496000, "otherExpenses": 22104000, "operatingExpenses": 544606000, "costAndExpenses": 678932000, "interestExpense": 0.0, "depreciationAndAmortization": 70031000, "ebitda": 141918000, "ebitdaratio": 0.189017592789, "operatingIncome": 71887000, "operatingIncomeRatio": 0.0957447800335, "totalOtherIncomeExpensesNet": 0.0, "incomeBeforeTax": 68755000, "incomeBeforeTaxRatio": 0.09157333525123898, "incomeTaxExpense": 12816000, "netIncome": 55939000, "netIncomeRatio": 0.0745039749926, "eps": 0.3, "epsdiluted": 0.3, "weightedAverageShsOut": 183997000, "weightedAverageShsOutDil": 185681000, "link": "https://www.sec.gov/Archives/edgar/data/877890/000087789014000046/0000877890-14-000046-index.htm", "finalLink": "https://www.sec.gov/Archives/edgar/data/877890/000087789014000046/ctxs3-31x201410xq.htm"}, {"date": "2013-12-31", "symbol": "CTXS", "fillingDate": "2014-02-20", "acceptedDate": "2014-02-20 14:23:50", "period": "FY", "revenue": 802420000, "costOfRevenue": 136708000, "grossProfit": 665712000, "grossProfitRatio": 0.8296303681363875, "researchAndDevelopmentExpenses": 126498000, "generalAndAdministrativeExpenses": 66528000, "sellingAndMarketingExpenses": 301486000, "otherExpenses": 10346000, "operatingExpenses": 504858000, "costAndExpenses": 641566000, "interestExpense": 0.0, "depreciationAndAmortization": 68858000, "ebitda": 229712000, "ebitdaratio": 0.286274021086, "operatingIncome": 160854000, "operatingIncomeRatio": 0.200461105157, "totalOtherIncomeExpensesNet": -968000.0, "incomeBeforeTax": 146817000, "incomeBeforeTaxRatio": 0.182967772488, "incomeTaxExpense": 23374000, "netIncome": 138644000, "netIncomeRatio": 0.172782333441, "eps": 0.75, "epsdiluted": 0.74, "weightedAverageShsOut": 186672000, "weightedAverageShsOutDil": 188245000, "link": "https://www.sec.gov/Archives/edgar/data/877890/000087789014000007/0000877890-14-000007-index.htm", "finalLink": "https://www.sec.gov/Archives/edgar/data/877890/000087789014000007/ctxs12-31x201310xk.htm"}, {"date": "2013-09-30", "symbol": "CTXS", "fillingDate": "2013-11-05", "acceptedDate": "2013-11-05 14:33:01", "period": "Q3", "revenue": 712731000, "costOfRevenue": 123933000, "grossProfit": 588798000, "grossProfitRatio": 0.8261153226111956, "researchAndDevelopmentExpenses": 127049000, "generalAndAdministrativeExpenses": 63580000, "sellingAndMarketingExpenses": 300416000, "otherExpenses": 10386000, "operatingExpenses": 501431000, "costAndExpenses": 625364000, "interestExpense": 0.0, "depreciationAndAmortization": 68156000, "ebitda": 155523000, "ebitdaratio": 0.218207149682, "operatingIncome": 87367000, "operatingIncomeRatio": 0.122580608953, "totalOtherIncomeExpensesNet": 1359000.0, "incomeBeforeTax": 90483000, "incomeBeforeTaxRatio": 0.126952524866, "incomeTaxExpense": 14075000, "netIncome": 76730000, "netIncomeRatio": 0.107656324756, "eps": 0.41, "epsdiluted": 0.4, "weightedAverageShsOut": 187120000, "weightedAverageShsOutDil": 188830000, "link": "https://www.sec.gov/Archives/edgar/data/877890/000087789013000083/0000877890-13-000083-index.htm", "finalLink": "https://www.sec.gov/Archives/edgar/data/877890/000087789013000083/ctxs9-30x201310xq.htm"}, {"date": "2013-06-30", "symbol": "CTXS", "fillingDate": "2013-08-06", "acceptedDate": "2013-08-06 14:40:47", "period": "Q2", "revenue": 730384000, "costOfRevenue": 127240000, "grossProfit": 603144000, "grossProfitRatio": 0.8257902692282416, "researchAndDevelopmentExpenses": 132299000, "generalAndAdministrativeExpenses": 67343000, "sellingAndMarketingExpenses": 317096000, "otherExpenses": 10518000, "operatingExpenses": 527256000, "costAndExpenses": 654496000, "interestExpense": 0.0, "depreciationAndAmortization": 65950000, "ebitda": 141838000, "ebitdaratio": 0.194196477469, "operatingIncome": 75888000, "operatingIncomeRatio": 0.103901509343, "totalOtherIncomeExpensesNet": -646000.0, "incomeBeforeTax": 65726000, "incomeBeforeTaxRatio": 0.0899882801376, "incomeTaxExpense": 12802000, "netIncome": 64461000, "netIncomeRatio": 0.0882563144866, "eps": 0.34, "epsdiluted": 0.34, "weightedAverageShsOut": 186945000, "weightedAverageShsOutDil": 188750000, "link": "https://www.sec.gov/Archives/edgar/data/877890/000087789013000068/0000877890-13-000068-index.htm", "finalLink": "https://www.sec.gov/Archives/edgar/data/877890/000087789013000068/ctxs6-30x201310xq.htm"}, {"date": "2013-03-31", "symbol": "CTXS", "fillingDate": "2013-05-07", "acceptedDate": "2013-05-07 13:56:05", "period": "Q1", "revenue": 672899000, "costOfRevenue": 114914000, "grossProfit": 557985000, "grossProfitRatio": 0.8292254855483513, "researchAndDevelopmentExpenses": 130492000, "generalAndAdministrativeExpenses": 62785000, "sellingAndMarketingExpenses": 297682000, "otherExpenses": 10418000, "operatingExpenses": 501377000, "costAndExpenses": 616291000, "interestExpense": 0.0, "depreciationAndAmortization": 64536000, "ebitda": 121144000, "ebitdaratio": 0.180032961856, "operatingIncome": 56608000, "operatingIncomeRatio": 0.0841255522746, "totalOtherIncomeExpensesNet": -766000.0, "incomeBeforeTax": 49153000, "incomeBeforeTaxRatio": 0.0730466236389, "incomeTaxExpense": -1884000.0, "netIncome": 59688000, "netIncomeRatio": 0.0887027622273, "eps": 0.32, "epsdiluted": 0.32, "weightedAverageShsOut": 186658000, "weightedAverageShsOutDil": 189011000, "link": "https://www.sec.gov/Archives/edgar/data/877890/000087789013000044/0000877890-13-000044-index.htm", "finalLink": "https://www.sec.gov/Archives/edgar/data/877890/000087789013000044/ctxs3-31x201310xq.htm"}, {"date": "2012-12-31", "symbol": "CTXS", "fillingDate": "2013-02-21", "acceptedDate": "2013-02-21 16:19:19", "period": "FY", "revenue": 739996000, "costOfRevenue": 117368000, "grossProfit": 622628000, "grossProfitRatio": 0.8413937372634447, "researchAndDevelopmentExpenses": 122208000, "generalAndAdministrativeExpenses": 58852000, "sellingAndMarketingExpenses": 287097000, "otherExpenses": 9050000.0, "operatingExpenses": 477207000, "costAndExpenses": 594575000, "interestExpense": 0.0, "depreciationAndAmortization": 60818000, "ebitda": 206239000, "ebitdaratio": 0.278702857853, "operatingIncome": 145421000, "operatingIncomeRatio": 0.196515927113, "totalOtherIncomeExpensesNet": 1628000.0, "incomeBeforeTax": 116457000, "incomeBeforeTaxRatio": 0.157375175001, "incomeTaxExpense": 35207000, "netIncome": 114029000, "netIncomeRatio": 0.154094076184, "eps": 0.61, "epsdiluted": 0.6, "weightedAverageShsOut": 186722000, "weightedAverageShsOutDil": 189129000, "link": "https://www.sec.gov/Archives/edgar/data/877890/000087789013000016/0000877890-13-000016-index.htm", "finalLink": "https://www.sec.gov/Archives/edgar/data/877890/000087789013000016/ctxs12-31x201210xk.htm"}, {"date": "2012-09-30", "symbol": "CTXS", "fillingDate": "2012-11-05", "acceptedDate": "2012-11-05 16:08:39", "period": "Q3", "revenue": 641422000, "costOfRevenue": 106068000, "grossProfit": 535354000, "grossProfitRatio": 0.8346361677647477, "researchAndDevelopmentExpenses": 114713000, "generalAndAdministrativeExpenses": 65252000, "sellingAndMarketingExpenses": 263136000, "otherExpenses": 9838000.0, "operatingExpenses": 452939000, "costAndExpenses": 559007000, "interestExpense": 0.0, "depreciationAndAmortization": 58710000, "ebitda": 141125000, "ebitdaratio": 0.220018957878, "operatingIncome": 82415000, "operatingIncomeRatio": 0.128487953329, "totalOtherIncomeExpensesNet": 6424000.0, "incomeBeforeTax": 89966000, "incomeBeforeTaxRatio": 0.140260234292, "incomeTaxExpense": 12653000, "netIncome": 78245000, "netIncomeRatio": 0.121986773138, "eps": 0.42, "epsdiluted": 0.41, "weightedAverageShsOut": 186326000, "weightedAverageShsOutDil": 189282000, "link": "https://www.sec.gov/Archives/edgar/data/877890/000087789012000099/0000877890-12-000099-index.htm", "finalLink": "https://www.sec.gov/Archives/edgar/data/877890/000087789012000099/ctxs9-30x201210xq.htm"}, {"date": "2012-06-30", "symbol": "CTXS", "fillingDate": "2012-08-07", "acceptedDate": "2012-08-07 14:26:07", "period": "Q2", "revenue": 615210000, "costOfRevenue": 94358000, "grossProfit": 520852000, "grossProfitRatio": 0.8466247297670714, "researchAndDevelopmentExpenses": 110028000, "generalAndAdministrativeExpenses": 61299000, "sellingAndMarketingExpenses": 262139000, "otherExpenses": 5194000.0, "operatingExpenses": 438660000, "costAndExpenses": 533018000, "interestExpense": 0.0, "depreciationAndAmortization": 45798000, "ebitda": 127990000, "ebitdaratio": 0.208042782139, "operatingIncome": 82192000, "operatingIncomeRatio": 0.133599908974, "totalOtherIncomeExpensesNet": 525000.0, "incomeBeforeTax": 74573000, "incomeBeforeTaxRatio": 0.121215519904, "incomeTaxExpense": 9822000.0, "netIncome": 92006000, "netIncomeRatio": 0.149552185433, "eps": 0.49, "epsdiluted": 0.49, "weightedAverageShsOut": 186052000, "weightedAverageShsOutDil": 189082000, "link": "https://www.sec.gov/Archives/edgar/data/877890/000087789012000078/0000877890-12-000078-index.htm", "finalLink": "https://www.sec.gov/Archives/edgar/data/877890/000087789012000078/ctxs6-30x201210xq.htm"}, {"date": "2012-03-31", "symbol": "CTXS", "fillingDate": "2012-05-07", "acceptedDate": "2012-05-07 15:10:44", "period": "Q1", "revenue": 589495000, "costOfRevenue": 86343000, "grossProfit": 503152000, "grossProfitRatio": 0.8535305642965589, "researchAndDevelopmentExpenses": 103622000, "generalAndAdministrativeExpenses": 59856000, "sellingAndMarketingExpenses": 248457000, "otherExpenses": 10467000, "operatingExpenses": 422402000, "costAndExpenses": 508745000, "interestExpense": 0.0, "depreciationAndAmortization": 49547000, "ebitda": 130297000, "ebitdaratio": 0.221031560912, "operatingIncome": 80750000, "operatingIncomeRatio": 0.136981653788, "totalOtherIncomeExpensesNet": 722000.0, "incomeBeforeTax": 75407000, "incomeBeforeTaxRatio": 0.127917963681, "incomeTaxExpense": 16283000, "netIncome": 68267000, "netIncomeRatio": 0.115805901662, "eps": 0.37, "epsdiluted": 0.36, "weightedAverageShsOut": 185730000, "weightedAverageShsOutDil": 188884000, "link": "https://www.sec.gov/Archives/edgar/data/877890/000087789012000052/0000877890-12-000052-index.htm", "finalLink": "https://www.sec.gov/Archives/edgar/data/877890/000087789012000052/ctxs3-31x201210xq.htm"}, {"date": "2011-12-31", "symbol": "CTXS", "fillingDate": "2012-02-23", "acceptedDate": "2012-02-23 15:11:48", "period": "FY", "revenue": 619366000, "costOfRevenue": 79160000, "grossProfit": 540206000, "grossProfitRatio": 0.8721918865420446, "researchAndDevelopmentExpenses": 88764000, "generalAndAdministrativeExpenses": 77883000, "sellingAndMarketingExpenses": 233231000, "otherExpenses": 4514000.0, "operatingExpenses": 404392000, "costAndExpenses": 483552000, "interestExpense": 0.0, "depreciationAndAmortization": 43661000, "ebitda": 179475000, "ebitdaratio": 0.289772121815, "operatingIncome": 135814000, "operatingIncomeRatio": 0.219279069242, "totalOtherIncomeExpensesNet": -336000.0, "incomeBeforeTax": 101457000, "incomeBeforeTaxRatio": 0.163807829296, "incomeTaxExpense": 29847000, "netIncome": 108699000, "netIncomeRatio": 0.175500431086, "eps": 0.58, "epsdiluted": 0.57, "weightedAverageShsOut": 187315000, "weightedAverageShsOutDil": 190641000, "link": "https://www.sec.gov/Archives/edgar/data/877890/000087789012000019/0000877890-12-000019-index.htm", "finalLink": "https://www.sec.gov/Archives/edgar/data/877890/000087789012000019/ctxs12-31x201110xk.htm"}, {"date": "2011-09-30", "symbol": "CTXS", "fillingDate": "2011-11-07", "acceptedDate": "2011-11-07 16:22:16", "period": "Q3", "revenue": 565348000, "costOfRevenue": 76735000, "grossProfit": 488613000, "grossProfitRatio": 0.8642694411229898, "researchAndDevelopmentExpenses": 88933000, "generalAndAdministrativeExpenses": 77586000, "sellingAndMarketingExpenses": 212985000, "otherExpenses": 4430000.0, "operatingExpenses": 383934000, "costAndExpenses": 460669000, "interestExpense": 0.0, "depreciationAndAmortization": 42889000, "ebitda": 147568000, "ebitdaratio": 0.261021530102, "operatingIncome": 104679000, "operatingIncomeRatio": 0.185158521831, "totalOtherIncomeExpensesNet": -4946000.0, "incomeBeforeTax": 51456000, "incomeBeforeTaxRatio": 0.0910165066472, "incomeTaxExpense": 10642000, "netIncome": 92176000, "netIncomeRatio": 0.163042939924, "eps": 0.49, "epsdiluted": 0.49, "weightedAverageShsOut": 187688000, "weightedAverageShsOutDil": 191155000, "link": "https://www.sec.gov/Archives/edgar/data/877890/000087789011000094/0000877890-11-000094-index.htm", "finalLink": "https://www.sec.gov/Archives/edgar/data/877890/000087789011000094/ctxs9-30x201110xq.htm"}, {"date": "2011-06-30", "symbol": "CTXS", "fillingDate": "2011-08-08", "acceptedDate": "2011-08-08 14:34:55", "period": "Q2", "revenue": 530790000, "costOfRevenue": 68896000, "grossProfit": 461894000, "grossProfitRatio": 0.8702010211194634, "researchAndDevelopmentExpenses": 83312000, "generalAndAdministrativeExpenses": 79696000, "sellingAndMarketingExpenses": 199359000, "otherExpenses": 3937000.0, "operatingExpenses": 366304000, "costAndExpenses": 435200000, "interestExpense": 0.0, "depreciationAndAmortization": 36856000, "ebitda": 132446000, "ebitdaratio": 0.249526177961, "operatingIncome": 95590000, "operatingIncomeRatio": 0.180090054447, "totalOtherIncomeExpensesNet": 1361000.0, "incomeBeforeTax": 100678000, "incomeBeforeTaxRatio": 0.189675766311, "incomeTaxExpense": 19270000, "netIncome": 81944000, "netIncomeRatio": 0.154381205373, "eps": 0.44, "epsdiluted": 0.43, "weightedAverageShsOut": 187810000, "weightedAverageShsOutDil": 191636000, "link": "https://www.sec.gov/Archives/edgar/data/877890/000119312511213995/0001193125-11-213995-index.htm", "finalLink": "https://www.sec.gov/Archives/edgar/data/877890/000119312511213995/d10q.htm"}, {"date": "2011-03-31", "symbol": "CTXS", "fillingDate": "2011-05-09", "acceptedDate": "2011-05-09 14:28:58", "period": "Q1", "revenue": 490888000, "costOfRevenue": 57406000, "grossProfit": 433482000, "grossProfitRatio": 0.8830568276266684, "researchAndDevelopmentExpenses": 82718000, "generalAndAdministrativeExpenses": 72105000, "sellingAndMarketingExpenses": 194243000, "otherExpenses": 3533000.0, "operatingExpenses": 352599000, "costAndExpenses": 410005000, "interestExpense": 0.0, "depreciationAndAmortization": 35849000, "ebitda": 116732000, "ebitdaratio": 0.237797623898, "operatingIncome": 80883000, "operatingIncomeRatio": 0.16476874562, "totalOtherIncomeExpensesNet": 3633000.0, "incomeBeforeTax": 88455000, "incomeBeforeTaxRatio": 0.180193852773, "incomeTaxExpense": 15108000, "netIncome": 73503000, "netIncomeRatio": 0.149734766383, "eps": 0.39, "epsdiluted": 0.38, "weightedAverageShsOut": 187571000, "weightedAverageShsOutDil": 191500000, "link": "https://www.sec.gov/Archives/edgar/data/877890/000119312511132100/0001193125-11-132100-index.htm", "finalLink": "https://www.sec.gov/Archives/edgar/data/877890/000119312511132100/d10q.htm"}, {"date": "2010-12-31", "symbol": "CTXS", "fillingDate": "2011-02-24", "acceptedDate": "2011-02-24 16:36:32", "period": "FY", "revenue": 529724000, "costOfRevenue": 63368000, "grossProfit": 466356000, "grossProfitRatio": 0.8803754407955842, "researchAndDevelopmentExpenses": 82003000, "generalAndAdministrativeExpenses": 70047000, "sellingAndMarketingExpenses": 197899000, "otherExpenses": 3061000.0, "operatingExpenses": 353010000, "costAndExpenses": 416378000, "interestExpense": 186000.0, "depreciationAndAmortization": 35532000, "ebitda": 148878000, "ebitdaratio": 0.281048243991, "operatingIncome": 113346000, "operatingIncomeRatio": 0.213971804185, "totalOtherIncomeExpensesNet": -764000.0, "incomeBeforeTax": 115942000, "incomeBeforeTaxRatio": 0.218872469437, "incomeTaxExpense": 22186000, "netIncome": 94380000, "netIncomeRatio": 0.178168253657, "eps": 0.5, "epsdiluted": 0.5, "weightedAverageShsOut": 185959000, "weightedAverageShsOutDil": 190335000, "link": "https://www.sec.gov/Archives/edgar/data/877890/000119312511045415/0001193125-11-045415-index.htm", "finalLink": "https://www.sec.gov/Archives/edgar/data/877890/000119312511045415/d10k.htm"}, {"date": "2010-09-30", "symbol": "CTXS", "fillingDate": "2010-11-09", "acceptedDate": "2010-11-09 13:40:56", "period": "Q3", "revenue": 472233000, "costOfRevenue": 57798000, "grossProfit": 414435000, "grossProfitRatio": 0.8776070287336971, "researchAndDevelopmentExpenses": 87399000, "generalAndAdministrativeExpenses": 67404000, "sellingAndMarketingExpenses": 174734000, "otherExpenses": 3421000.0, "operatingExpenses": 332958000, "costAndExpenses": 390756000, "interestExpense": 131000.0, "depreciationAndAmortization": 34471000, "ebitda": 115948000, "ebitdaratio": 0.245531337285, "operatingIncome": 81477000, "operatingIncomeRatio": 0.172535591541, "totalOtherIncomeExpensesNet": 2193000.0, "incomeBeforeTax": 87177000, "incomeBeforeTaxRatio": 0.184605904289, "incomeTaxExpense": -602000.0, "netIncome": 87779000, "netIncomeRatio": 0.185880698723, "eps": 0.48, "epsdiluted": 0.46, "weightedAverageShsOut": 185397000, "weightedAverageShsOutDil": 189827000, "link": "https://www.sec.gov/Archives/edgar/data/877890/000119312510253801/0001193125-10-253801-index.htm", "finalLink": "https://www.sec.gov/Archives/edgar/data/877890/000119312510253801/d10q.htm"}, {"date": "2010-06-30", "symbol": "CTXS", "fillingDate": "2010-08-09", "acceptedDate": "2010-08-09 15:23:54", "period": "Q2", "revenue": 458433000, "costOfRevenue": 53555000, "grossProfit": 404878000, "grossProfitRatio": 0.8831781307192109, "researchAndDevelopmentExpenses": 79543000, "generalAndAdministrativeExpenses": 60805000, "sellingAndMarketingExpenses": 186601000, "otherExpenses": 4111000.0, "operatingExpenses": 331060000, "costAndExpenses": 384615000, "interestExpense": 85000.0, "depreciationAndAmortization": 34160000, "ebitda": 107978000, "ebitdaratio": 0.235537145014, "operatingIncome": 73818000, "operatingIncomeRatio": 0.161022439484, "totalOtherIncomeExpensesNet": -2877000.0, "incomeBeforeTax": 74693000, "incomeBeforeTaxRatio": 0.162931115343, "incomeTaxExpense": 27136000, "netIncome": 47557000, "netIncomeRatio": 0.103738168936, "eps": 0.25, "epsdiluted": 0.25, "weightedAverageShsOut": 184703000, "weightedAverageShsOutDil": 189126000, "link": "https://www.sec.gov/Archives/edgar/data/877890/000119312510183214/0001193125-10-183214-index.htm", "finalLink": "https://www.sec.gov/Archives/edgar/data/877890/000119312510183214/d10q.htm"}, {"date": "2010-03-31", "symbol": "CTXS", "fillingDate": "2010-05-05", "acceptedDate": "2010-05-05 15:10:47", "period": "Q1", "revenue": 414272000, "costOfRevenue": 48699000, "grossProfit": 365573000, "grossProfitRatio": 0.8824467982388382, "researchAndDevelopmentExpenses": 77702000, "generalAndAdministrativeExpenses": 60619000, "sellingAndMarketingExpenses": 170520000, "otherExpenses": 4657000.0, "operatingExpenses": 313498000, "costAndExpenses": 362197000, "interestExpense": 56000.0, "depreciationAndAmortization": 33995000, "ebitda": 86070000, "ebitdaratio": 0.207762050054, "operatingIncome": 52075000, "operatingIncomeRatio": 0.125702437046, "totalOtherIncomeExpensesNet": 433000.0, "incomeBeforeTax": 56008000, "incomeBeforeTaxRatio": 0.135196199598, "incomeTaxExpense": 8659000.0, "netIncome": 47349000, "netIncomeRatio": 0.114294473196, "eps": 0.26, "epsdiluted": 0.25, "weightedAverageShsOut": 184018000, "weightedAverageShsOutDil": 188842000, "link": "https://www.sec.gov/Archives/edgar/data/877890/000119312510108665/0001193125-10-108665-index.htm", "finalLink": "https://www.sec.gov/Archives/edgar/data/877890/000119312510108665/d10q.htm"}, {"date": "2009-12-31", "symbol": "CTXS", "fillingDate": "2010-02-24", "acceptedDate": "2010-02-23 21:30:10", "period": "FY", "revenue": 451160000, "costOfRevenue": 92377000, "grossProfit": 358783000, "grossProfitRatio": 0.7952455891479742, "researchAndDevelopmentExpenses": 66918000, "generalAndAdministrativeExpenses": 64328000, "sellingAndMarketingExpenses": 180101000, "otherExpenses": 9350000.0, "operatingExpenses": 320697000, "costAndExpenses": 413074000, "interestExpense": 183000.0, "depreciationAndAmortization": 18557000, "ebitda": 96405000, "ebitdaratio": 0.21368250731447824, "operatingIncome": 77848000, "operatingIncomeRatio": 0.17255075804592607, "totalOtherIncomeExpensesNet": 19000.0, "incomeBeforeTax": 81200000, "incomeBeforeTaxRatio": 0.17998049472470964, "incomeTaxExpense": 0.0, "netIncome": 88148000, "netIncomeRatio": 0.19538079616987322, "eps": 1.05, "epsdiluted": 1.03, "weightedAverageShsOut": 181805000, "weightedAverageShsOutDil": 184985000, "link": "https://www.sec.gov/Archives/edgar/data/877890/000119312510037944/0001193125-10-037944-index.htm", "finalLink": "https://www.sec.gov/Archives/edgar/data/877890/000119312510037944/d10k.htm"}, {"date": "2009-09-30", "symbol": "CTXS", "fillingDate": "2009-11-04", "acceptedDate": "2009-11-04 15:21:16", "period": "Q3", "revenue": 401042000, "costOfRevenue": 79294000, "grossProfit": 321748000, "grossProfitRatio": 0.8022800604425472, "researchAndDevelopmentExpenses": 68865000, "generalAndAdministrativeExpenses": 57254000, "sellingAndMarketingExpenses": 168233000, "otherExpenses": 5172000.0, "operatingExpenses": 299524000, "costAndExpenses": 378818000, "interestExpense": 85000.0, "depreciationAndAmortization": 16653000, "ebitda": 72753000, "ebitdaratio": 0.1814099271398008, "operatingIncome": 56100000, "operatingIncomeRatio": 0.1398855980171653, "totalOtherIncomeExpensesNet": 1651000.0, "incomeBeforeTax": 61725000, "incomeBeforeTaxRatio": 0.15391156038519657, "incomeTaxExpense": 0.0, "netIncome": 53423000, "netIncomeRatio": 0.13321048668219287, "eps": 0.57, "epsdiluted": 0.56, "weightedAverageShsOut": 181805000, "weightedAverageShsOutDil": 184985000, "link": "https://www.sec.gov/Archives/edgar/data/877890/000119312509223664/0001193125-09-223664-index.htm", "finalLink": "https://www.sec.gov/Archives/edgar/data/877890/000119312509223664/d10q.htm"}, {"date": "2009-06-30", "symbol": "CTXS", "fillingDate": "2009-08-07", "acceptedDate": "2009-08-07 14:57:02", "period": "Q2", "revenue": 392828000, "costOfRevenue": 76699000, "grossProfit": 316129000, "grossProfitRatio": 0.8047516979441384, "researchAndDevelopmentExpenses": 75160000, "generalAndAdministrativeExpenses": 59552000, "sellingAndMarketingExpenses": 167130000, "otherExpenses": 7199000.0, "operatingExpenses": 309041000, "costAndExpenses": 385740000, "interestExpense": 34000.0, "depreciationAndAmortization": 16586000, "ebitda": 56312000, "ebitdaratio": 0.14335027034732759, "operatingIncome": 39726000, "operatingIncomeRatio": 0.10112822914863502, "totalOtherIncomeExpensesNet": -712000.0, "incomeBeforeTax": 44795000, "incomeBeforeTaxRatio": 0.11403209547180955, "incomeTaxExpense": 755000.0, "netIncome": 42519000, "netIncomeRatio": 0.10823821112547985, "eps": 0.27, "epsdiluted": 0.27, "weightedAverageShsOut": 181805000, "weightedAverageShsOutDil": 184985000, "link": "https://www.sec.gov/Archives/edgar/data/877890/000119312509168937/0001193125-09-168937-index.htm", "finalLink": "https://www.sec.gov/Archives/edgar/data/877890/000119312509168937/d10q.htm"}, {"date": "2009-03-31", "symbol": "CTXS", "fillingDate": "2009-05-08", "acceptedDate": "2009-05-08 15:02:29", "period": "Q1", "revenue": 369058000, "costOfRevenue": 78333000, "grossProfit": 290725000, "grossProfitRatio": 0.7877488091302722, "researchAndDevelopmentExpenses": 71037000, "generalAndAdministrativeExpenses": 58489000, "sellingAndMarketingExpenses": 163589000, "otherExpenses": 25724000, "operatingExpenses": 318839000, "costAndExpenses": 397172000, "interestExpense": 124000.0, "depreciationAndAmortization": 17093000, "ebitda": 22096000, "ebitdaratio": 0.059871348134981496, "operatingIncome": 5003000.0, "operatingIncomeRatio": 0.013556134808078947, "totalOtherIncomeExpensesNet": 0.0, "incomeBeforeTax": 6172000.0, "incomeBeforeTaxRatio": 0.016723658611925495, "incomeTaxExpense": -755000.0, "netIncome": 6927000.0, "netIncomeRatio": 0.018769407518601414, "eps": 0.04, "epsdiluted": 0.04, "weightedAverageShsOut": 180347000, "weightedAverageShsOutDil": 182373000, "link": "https://www.sec.gov/Archives/edgar/data/877890/000119312509105185/0001193125-09-105185-index.htm", "finalLink": "https://www.sec.gov/Archives/edgar/data/877890/000119312509105185/d10q.htm"}, {"date": "2008-12-31", "symbol": "CTXS", "fillingDate": "2009-02-27", "acceptedDate": "2009-02-27 16:36:20", "period": "FY", "revenue": 415697000, "costOfRevenue": 80601000, "grossProfit": 335096000, "grossProfitRatio": 0.8061063707460001, "researchAndDevelopmentExpenses": 70114000, "generalAndAdministrativeExpenses": 64109000, "sellingAndMarketingExpenses": 164808000, "otherExpenses": 6989000.0, "operatingExpenses": 306020000, "costAndExpenses": 386621000, "interestExpense": 191000.0, "depreciationAndAmortization": 18360000, "ebitda": 81481000, "ebitdaratio": 0.19601055576537718, "operatingIncome": 63121000, "operatingIncomeRatio": 0.15184377082346034, "totalOtherIncomeExpensesNet": 7005000.0, "incomeBeforeTax": 72069000, "incomeBeforeTaxRatio": 0.17336906448687386, "incomeTaxExpense": 0.0, "netIncome": 60100000, "netIncomeRatio": 0.1445764583338345, "eps": 0.97, "epsdiluted": 0.96, "weightedAverageShsOut": 183023000, "weightedAverageShsOutDil": 186682000, "link": "https://www.sec.gov/Archives/edgar/data/877890/000119312509041053/0001193125-09-041053-index.htm", "finalLink": "https://www.sec.gov/Archives/edgar/data/877890/000119312509041053/d10k.htm"}, {"date": "2008-09-30", "symbol": "CTXS", "fillingDate": "2008-11-05", "acceptedDate": "2008-11-05 17:27:12", "period": "Q3", "revenue": 398893000, "costOfRevenue": 72628000, "grossProfit": 326265000, "grossProfitRatio": 0.8179261105108387, "researchAndDevelopmentExpenses": 72500000, "generalAndAdministrativeExpenses": 61866000, "sellingAndMarketingExpenses": 169072000, "otherExpenses": 5468000.0, "operatingExpenses": 308906000, "costAndExpenses": 381534000, "interestExpense": 143000.0, "depreciationAndAmortization": 17416000, "ebitda": 65115000, "ebitdaratio": 0.16323926466496028, "operatingIncome": 47699000, "operatingIncomeRatio": 0.11957843331419704, "totalOtherIncomeExpensesNet": -3992000.0, "incomeBeforeTax": 50880000, "incomeBeforeTaxRatio": 0.12755300293562433, "incomeTaxExpense": 0.0, "netIncome": 49149000, "netIncomeRatio": 0.12321349334282627, "eps": 0.64, "epsdiluted": 0.63, "weightedAverageShsOut": 183764000, "weightedAverageShsOutDil": 187886000, "link": "https://www.sec.gov/Archives/edgar/data/877890/000119312508226103/0001193125-08-226103-index.htm", "finalLink": "https://www.sec.gov/Archives/edgar/data/877890/000119312508226103/d10q.htm"}, {"date": "2008-06-30", "symbol": "CTXS", "fillingDate": "2008-08-06", "acceptedDate": "2008-08-06 16:13:00", "period": "Q2", "revenue": 391730000, "costOfRevenue": 78738000, "grossProfit": 312992000, "grossProfitRatio": 0.7989993107497511, "researchAndDevelopmentExpenses": 73965000, "generalAndAdministrativeExpenses": 68067000, "sellingAndMarketingExpenses": 169244000, "otherExpenses": 5707000.0, "operatingExpenses": 316983000, "costAndExpenses": 395721000, "interestExpense": 55000.0, "depreciationAndAmortization": 18683000, "ebitda": 47573000, "ebitdaratio": 0.12144334107676205, "operatingIncome": 28890000, "operatingIncomeRatio": 0.07374977663186379, "totalOtherIncomeExpensesNet": -1222000.0, "incomeBeforeTax": 35212000, "incomeBeforeTaxRatio": 0.08988844357082684, "incomeTaxExpense": 0.0, "netIncome": 34649000, "netIncomeRatio": 0.08845122916294386, "eps": 0.37, "epsdiluted": 0.37, "weightedAverageShsOut": 184541000, "weightedAverageShsOutDil": 189004000, "link": "https://www.sec.gov/Archives/edgar/data/877890/000119312508168252/0001193125-08-168252-index.htm", "finalLink": "https://www.sec.gov/Archives/edgar/data/877890/000119312508168252/d10q.htm"}, {"date": "2008-03-31", "symbol": "CTXS", "fillingDate": "2008-05-06", "acceptedDate": "2008-05-06 16:54:16", "period": "Q1", "revenue": 377034000, "costOfRevenue": 70269000, "grossProfit": 306765000, "grossProfitRatio": 0.8136268877607855, "researchAndDevelopmentExpenses": 71530000, "generalAndAdministrativeExpenses": 62637000, "sellingAndMarketingExpenses": 166445000, "otherExpenses": 5700000.0, "operatingExpenses": 306312000, "costAndExpenses": 376581000, "interestExpense": 55000.0, "depreciationAndAmortization": 16293000, "ebitda": 46584000, "ebitdaratio": 0.12355384395041295, "operatingIncome": 30291000, "operatingIncomeRatio": 0.08034023456770477, "totalOtherIncomeExpensesNet": -1791000.0, "incomeBeforeTax": 38762000, "incomeBeforeTaxRatio": 0.10280770434496624, "incomeTaxExpense": 0.0, "netIncome": 34378000, "netIncomeRatio": 0.09118010577295416, "eps": 0.19, "epsdiluted": 0.18, "weightedAverageShsOut": 185486000, "weightedAverageShsOutDil": 189987000, "link": "https://www.sec.gov/Archives/edgar/data/877890/000119312508104208/0001193125-08-104208-index.htm", "finalLink": "https://www.sec.gov/Archives/edgar/data/877890/000119312508104208/d10q.htm"}, {"date": "2007-12-31", "symbol": "CTXS", "fillingDate": "2008-02-27", "acceptedDate": "2008-02-27 16:34:16", "period": "FY", "revenue": 399559000, "costOfRevenue": 37208000, "grossProfit": 362351000, "grossProfitRatio": 0.9068773322588154, "researchAndDevelopmentExpenses": 61460000, "generalAndAdministrativeExpenses": 60716000, "sellingAndMarketingExpenses": 173353000, "otherExpenses": 14249000, "operatingExpenses": 309778000, "costAndExpenses": 272570000, "interestExpense": 161000.0, "depreciationAndAmortization": 15492000, "ebitda": 64950000, "ebitdaratio": 0.16255421602316553, "operatingIncome": 49458000, "operatingIncomeRatio": 0.12378146906964929, "totalOtherIncomeExpensesNet": -335000.0, "incomeBeforeTax": 60652000, "incomeBeforeTaxRatio": 0.15179735658563567, "incomeTaxExpense": 0.0, "netIncome": 62765000, "netIncomeRatio": 0.1570856869698843, "eps": 1.14, "epsdiluted": 1.14, "weightedAverageShsOut": 188142982, "weightedAverageShsOutDil": 188142982, "link": "https://www.sec.gov/Archives/edgar/data/877890/000119312508040132/0001193125-08-040132-index.htm", "finalLink": "https://www.sec.gov/Archives/edgar/data/877890/000119312508040132/d10k.htm"}, {"date": "2007-09-30", "symbol": "CTXS", "fillingDate": "2007-11-07", "acceptedDate": "2007-11-07 16:19:46", "period": "Q3", "revenue": 349931000, "costOfRevenue": 65143000, "grossProfit": 284788000, "grossProfitRatio": 0.813840442830158, "researchAndDevelopmentExpenses": 49332000, "generalAndAdministrativeExpenses": 54638000, "sellingAndMarketingExpenses": 146031000, "otherExpenses": 3940000.0, "operatingExpenses": 253941000, "costAndExpenses": 319084000, "interestExpense": 254000.0, "depreciationAndAmortization": 10809000, "ebitda": 70793000, "ebitdaratio": 0.2023055973891996, "operatingIncome": 59984000, "operatingIncomeRatio": 0.1714166507111402, "totalOtherIncomeExpensesNet": 43000.0, "incomeBeforeTax": 73445000, "incomeBeforeTaxRatio": 0.2098842343204803, "incomeTaxExpense": 0.0, "netIncome": 60695000, "netIncomeRatio": 0.17344847984316908, "eps": 0.84, "epsdiluted": 0.82, "weightedAverageShsOut": 179760000, "weightedAverageShsOutDil": 185522000, "link": "https://www.sec.gov/Archives/edgar/data/877890/000119312507238475/0001193125-07-238475-index.htm", "finalLink": "https://www.sec.gov/Archives/edgar/data/877890/000119312507238475/d10q.htm"}, {"date": "2007-06-30", "symbol": "CTXS", "fillingDate": "2007-09-07", "acceptedDate": "2007-09-07 16:54:39", "period": "Q2", "revenue": 334364000, "costOfRevenue": 57072000, "grossProfit": 277292000, "grossProfitRatio": 0.8293117680133029, "researchAndDevelopmentExpenses": 47767000, "generalAndAdministrativeExpenses": 55972000, "sellingAndMarketingExpenses": 140376000, "otherExpenses": 3651000.0, "operatingExpenses": 247766000, "costAndExpenses": 304838000, "interestExpense": 98000.0, "depreciationAndAmortization": 10307000, "ebitda": 65041000, "ebitdaratio": 0.19452153940017466, "operatingIncome": 54734000, "operatingIncomeRatio": 0.16369585242430404, "totalOtherIncomeExpensesNet": 105000.0, "incomeBeforeTax": 67242000, "incomeBeforeTaxRatio": 0.20110418585732914, "incomeTaxExpense": 0.0, "netIncome": 53390000, "netIncomeRatio": 0.15967628093933559, "eps": 0.51, "epsdiluted": 0.49, "weightedAverageShsOut": 179529000, "weightedAverageShsOutDil": 184893000, "link": "https://www.sec.gov/Archives/edgar/data/877890/000119312507197556/0001193125-07-197556-index.htm", "finalLink": "https://www.sec.gov/Archives/edgar/data/877890/000119312507197556/d10q.htm"}, {"date": "2007-03-31", "symbol": "CTXS", "fillingDate": "2007-09-07", "acceptedDate": "2007-09-07 16:51:15", "period": "Q1", "revenue": 308088000, "costOfRevenue": 52600000, "grossProfit": 255488000, "grossProfitRatio": 0.8292695593466801, "researchAndDevelopmentExpenses": 46544000, "generalAndAdministrativeExpenses": 57903000, "sellingAndMarketingExpenses": 130649000, "otherExpenses": 5347000.0, "operatingExpenses": 240443000, "costAndExpenses": 293043000, "interestExpense": 224000.0, "depreciationAndAmortization": 10375000, "ebitda": 48606000, "ebitdaratio": 0.15776661213679208, "operatingIncome": 38231000, "operatingIncomeRatio": 0.12409116875697852, "totalOtherIncomeExpensesNet": 187000.0, "incomeBeforeTax": 49569000, "incomeBeforeTaxRatio": 0.16089234244761236, "incomeTaxExpense": 0.0, "netIncome": 37633000, "netIncomeRatio": 0.12215016488795409, "eps": 0.21, "epsdiluted": 0.2, "weightedAverageShsOut": 179282000, "weightedAverageShsOutDil": 184357000, "link": "https://www.sec.gov/Archives/edgar/data/877890/000119312507197549/0001193125-07-197549-index.htm", "finalLink": "https://www.sec.gov/Archives/edgar/data/877890/000119312507197549/d10q.htm"}, {"date": "2006-12-31", "symbol": "CTXS", "fillingDate": "2007-09-07", "acceptedDate": "2007-09-07 16:48:28", "period": "FY", "revenue": 321002000, "costOfRevenue": 27703000, "grossProfit": 293299000, "grossProfitRatio": 0.9136983570195825, "researchAndDevelopmentExpenses": 44017000, "generalAndAdministrativeExpenses": 56298000, "sellingAndMarketingExpenses": 136377000, "otherExpenses": 4392000.0, "operatingExpenses": 241084000, "costAndExpenses": 213381000, "interestExpense": 341000.0, "depreciationAndAmortization": 9351000.0, "ebitda": 60893000, "ebitdaratio": 0.18969663740412832, "operatingIncome": 51542000, "operatingIncomeRatio": 0.1605659777820699, "totalOtherIncomeExpensesNet": -546000.0, "incomeBeforeTax": 62406000, "incomeBeforeTaxRatio": 0.19441000367598957, "incomeTaxExpense": 0.0, "netIncome": 45250000, "netIncomeRatio": 0.14096485380153395, "eps": 0.97, "epsdiluted": 0.97, "weightedAverageShsOut": 188656701, "weightedAverageShsOutDil": 188656701, "link": "https://www.sec.gov/Archives/edgar/data/877890/000119312507197541/0001193125-07-197541-index.htm", "finalLink": "https://www.sec.gov/Archives/edgar/data/877890/000119312507197541/d10k.htm"}, {"date": "2006-09-30", "symbol": "CTXS", "fillingDate": "2006-11-03", "acceptedDate": "2006-11-03 16:57:23", "period": "Q3", "revenue": 277851000, "costOfRevenue": 43699000, "grossProfit": 234152000, "grossProfitRatio": 0.8427250576747969, "researchAndDevelopmentExpenses": 39432000, "generalAndAdministrativeExpenses": 42957000, "sellingAndMarketingExpenses": 118027000, "otherExpenses": 5360000.0, "operatingExpenses": 205776000, "costAndExpenses": 249475000, "interestExpense": 75000.0, "depreciationAndAmortization": 9017000.0, "ebitda": 56914000, "ebitdaratio": 0.20483640512360943, "operatingIncome": 47897000, "operatingIncomeRatio": 0.17238375964095864, "totalOtherIncomeExpensesNet": 597000.0, "incomeBeforeTax": 59974000, "incomeBeforeTaxRatio": 0.21584950207125403, "incomeTaxExpense": 0.0, "netIncome": 46618000, "netIncomeRatio": 0.1677805730409464, "eps": 0.76, "epsdiluted": 0.73, "weightedAverageShsOut": 181418000, "weightedAverageShsOutDil": 188829000, "link": "https://www.sec.gov/Archives/edgar/data/877890/000119312506223806/0001193125-06-223806-index.htm", "finalLink": "https://www.sec.gov/Archives/edgar/data/877890/000119312506223806/d10q.htm"}, {"date": "2006-06-30", "symbol": "CTXS", "fillingDate": "2006-08-08", "acceptedDate": "2006-08-08 14:39:24", "period": "Q2", "revenue": 275468000, "costOfRevenue": 65681000, "grossProfit": 209787000, "grossProfitRatio": 0.7615657717048804, "researchAndDevelopmentExpenses": 38222000, "generalAndAdministrativeExpenses": 40796000, "sellingAndMarketingExpenses": 117002000, "otherExpenses": 4150000.0, "operatingExpenses": 200170000, "costAndExpenses": 265851000, "interestExpense": 73000.0, "depreciationAndAmortization": 8735000.0, "ebitda": 59911000, "ebitdaratio": 0.21748805668898022, "operatingIncome": 51176000, "operatingIncomeRatio": 0.18577838442214703, "totalOtherIncomeExpensesNet": 111000.0, "incomeBeforeTax": 61516000, "incomeBeforeTaxRatio": 0.22331450477006404, "incomeTaxExpense": 0.0, "netIncome": 46450000, "netIncomeRatio": 0.1686221267080024, "eps": 0.5, "epsdiluted": 0.48, "weightedAverageShsOut": 180609000, "weightedAverageShsOutDil": 188762000, "link": "https://www.sec.gov/Archives/edgar/data/877890/000119312506165474/0001193125-06-165474-index.htm", "finalLink": "https://www.sec.gov/Archives/edgar/data/877890/000119312506165474/d10q.htm"}, {"date": "2006-03-31", "symbol": "CTXS", "fillingDate": "2006-05-04", "acceptedDate": "2006-05-04 13:51:48", "period": "Q1", "revenue": 259998000, "costOfRevenue": 17021000, "grossProfit": 242977000, "grossProfitRatio": 0.93453411180086, "researchAndDevelopmentExpenses": 33660000, "generalAndAdministrativeExpenses": 38618000, "sellingAndMarketingExpenses": 108937000, "otherExpenses": 4032000.0, "operatingExpenses": 185247000, "costAndExpenses": 202268000, "interestExpense": 438000.0, "depreciationAndAmortization": 9033000.0, "ebitda": 61762000, "ebitdaratio": 0.23754798113831646, "operatingIncome": 52729000, "operatingIncomeRatio": 0.20280540619543228, "totalOtherIncomeExpensesNet": -708000.0, "incomeBeforeTax": 59185000, "incomeBeforeTaxRatio": 0.22763636643358795, "incomeTaxExpense": 0.0, "netIncome": 44679000, "netIncomeRatio": 0.17184362956638127, "eps": 0.25, "epsdiluted": 0.24, "weightedAverageShsOut": 178169000, "weightedAverageShsOutDil": 186013000, "link": "https://www.sec.gov/Archives/edgar/data/877890/000119312506100033/0001193125-06-100033-index.htm", "finalLink": "https://www.sec.gov/Archives/edgar/data/877890/000119312506100033/d10q.htm"}, {"date": "2005-12-31", "symbol": "CTXS", "fillingDate": "2006-03-14", "acceptedDate": "2006-03-14 15:37:36", "period": "FY", "revenue": 268656000, "costOfRevenue": 37686000, "grossProfit": 230970000, "grossProfitRatio": 0.8597239592638913, "researchAndDevelopmentExpenses": 29680000, "generalAndAdministrativeExpenses": 36058000, "sellingAndMarketingExpenses": 110359000, "otherExpenses": 4084000.0, "operatingExpenses": 180181000, "costAndExpenses": 217867000, "interestExpense": 1145000.0, "depreciationAndAmortization": 9362000.0, "ebitda": 76355000, "ebitdaratio": 0.2842110356738729, "operatingIncome": 66993000, "operatingIncomeRatio": 0.24936349830266213, "totalOtherIncomeExpensesNet": -350000.0, "incomeBeforeTax": 72369000, "incomeBeforeTaxRatio": 0.26937421833124886, "incomeTaxExpense": 0.0, "netIncome": 58941000, "netIncomeRatio": 0.21939208504556013, "eps": 0.97, "epsdiluted": 0.93, "weightedAverageShsOut": 172221000, "weightedAverageShsOutDil": 178036000, "link": "https://www.sec.gov/Archives/edgar/data/877890/000119312506053617/0001193125-06-053617-index.htm", "finalLink": "https://www.sec.gov/Archives/edgar/data/877890/000119312506053617/d10k.htm"}, {"date": "2005-09-30", "symbol": "CTXS", "fillingDate": "2005-11-09", "acceptedDate": "2005-11-09 15:03:40", "period": "Q3", "revenue": 226947000, "costOfRevenue": 27355000, "grossProfit": 199592000, "grossProfitRatio": 0.8794652495957206, "researchAndDevelopmentExpenses": 27540000, "generalAndAdministrativeExpenses": 31919000, "sellingAndMarketingExpenses": 96632000, "otherExpenses": 10147000, "operatingExpenses": 166238000, "costAndExpenses": 193593000, "interestExpense": 1060000.0, "depreciationAndAmortization": 7624000.0, "ebitda": 52417000, "ebitdaratio": 0.23096582021353004, "operatingIncome": 44793000, "operatingIncomeRatio": 0.19737207365596374, "totalOtherIncomeExpensesNet": -112000.0, "incomeBeforeTax": 50363000, "incomeBeforeTaxRatio": 0.22191524893477332, "incomeTaxExpense": 0.0, "netIncome": 40953000, "netIncomeRatio": 0.1804518235535169, "eps": 0.63, "epsdiluted": 0.61, "weightedAverageShsOut": 170921000, "weightedAverageShsOutDil": 176441000, "link": "https://www.sec.gov/Archives/edgar/data/877890/000119312505221396/0001193125-05-221396-index.htm", "finalLink": "https://www.sec.gov/Archives/edgar/data/877890/000119312505221396/d10q.htm"}, {"date": "2005-06-30", "symbol": "CTXS", "fillingDate": "2005-08-09", "acceptedDate": "2005-08-09 16:21:50", "period": "Q2", "revenue": 403918000, "costOfRevenue": 19037000, "grossProfit": 384881000, "grossProfitRatio": 0.9528691467079952, "researchAndDevelopmentExpenses": 26402000, "generalAndAdministrativeExpenses": 30150000, "sellingAndMarketingExpenses": 92035000, "otherExpenses": 2214000.0, "operatingExpenses": 150801000, "costAndExpenses": 169838000, "interestExpense": 16000.0, "depreciationAndAmortization": 5907000.0, "ebitda": 54970000, "ebitdaratio": 0.13609197906505777, "operatingIncome": 49063000, "operatingIncomeRatio": 0.12146772364687883, "totalOtherIncomeExpensesNet": -370000.0, "incomeBeforeTax": 54046000, "incomeBeforeTaxRatio": 0.13380438603875044, "incomeTaxExpense": 0.0, "netIncome": 27886000, "netIncomeRatio": 0.0690387652939458, "eps": 0.39, "epsdiluted": 0.38, "weightedAverageShsOut": 169930000, "weightedAverageShsOutDil": 175541000, "link": "https://www.sec.gov/Archives/edgar/data/877890/000119312505162631/0001193125-05-162631-index.htm", "finalLink": "https://www.sec.gov/Archives/edgar/data/877890/000119312505162631/d10q.htm"}, {"date": "2005-03-31", "symbol": "CTXS", "fillingDate": "2005-05-06", "acceptedDate": "2005-05-06 15:28:04", "period": "Q1", "revenue": 9201000.0, "costOfRevenue": 15084000, "grossProfit": -5883000.0, "grossProfitRatio": -0.6393870231496577, "researchAndDevelopmentExpenses": 25065000, "generalAndAdministrativeExpenses": 27411000, "sellingAndMarketingExpenses": 94394000, "otherExpenses": 2177000.0, "operatingExpenses": 149047000, "costAndExpenses": 164131000, "interestExpense": 8000.0, "depreciationAndAmortization": 5495000.0, "ebitda": 49137000, "ebitdaratio": 5.34039778284969, "operatingIncome": 43642000, "operatingIncomeRatio": 4.743180089120748, "totalOtherIncomeExpensesNet": 464000.0, "incomeBeforeTax": 48730000, "incomeBeforeTaxRatio": 5.296163460493425, "incomeTaxExpense": 0.0, "netIncome": 38560000, "netIncomeRatio": 4.19084882078035, "eps": 0.23, "epsdiluted": 0.22, "weightedAverageShsOut": 170139000, "weightedAverageShsOutDil": 175913000, "link": "https://www.sec.gov/Archives/edgar/data/877890/000119312505099177/0001193125-05-099177-index.htm", "finalLink": "https://www.sec.gov/Archives/edgar/data/877890/000119312505099177/d10q.htm"}, {"date": "2004-12-31", "symbol": "CTXS", "fillingDate": "2005-03-11", "acceptedDate": "2005-03-11 15:12:37", "period": "FY", "revenue": 213967000, "costOfRevenue": 2691000.0, "grossProfit": 211276000, "grossProfitRatio": 0.987423294246309, "researchAndDevelopmentExpenses": 23314000, "generalAndAdministrativeExpenses": 27786000, "sellingAndMarketingExpenses": 100022000, "otherExpenses": -7900000.0, "operatingExpenses": 143222000, "costAndExpenses": 140531000, "interestExpense": 7226000.0, "depreciationAndAmortization": -2173000.0, "ebitda": 56706000, "ebitdaratio": 0.26502217631690866, "operatingIncome": 58879000, "operatingIncomeRatio": 0.27517794800132733, "totalOtherIncomeExpensesNet": 852000.0, "incomeBeforeTax": 63158000, "incomeBeforeTaxRatio": 0.2951763589712432, "incomeTaxExpense": 0.0, "netIncome": 52298000, "netIncomeRatio": 0.24442086863862184, "eps": 0.75, "epsdiluted": 0.75, "weightedAverageShsOut": 174734000, "weightedAverageShsOutDil": 174734000, "link": "https://www.sec.gov/Archives/edgar/data/877890/000119312505047753/0001193125-05-047753-index.htm", "finalLink": "https://www.sec.gov/Archives/edgar/data/877890/000119312505047753/d10k.htm"}, {"date": "2004-09-30", "symbol": "CTXS", "fillingDate": "2004-11-05", "acceptedDate": "2004-11-05 13:24:05", "period": "Q3", "revenue": 187578000, "costOfRevenue": 19953000, "grossProfit": 167625000, "grossProfitRatio": 0.8936282506477305, "researchAndDevelopmentExpenses": 21832000, "generalAndAdministrativeExpenses": 26142000, "sellingAndMarketingExpenses": 82612000, "otherExpenses": 5273000.0, "operatingExpenses": 135859000, "costAndExpenses": 155812000, "interestExpense": 8000.0, "depreciationAndAmortization": 5273000.0, "ebitda": 51596000, "ebitdaratio": 0.27506423994285045, "operatingIncome": 46323000, "operatingIncomeRatio": 0.24695326744074464, "totalOtherIncomeExpensesNet": 727000.0, "incomeBeforeTax": 49630000, "incomeBeforeTaxRatio": 0.2645832666943885, "incomeTaxExpense": 0.0, "netIncome": 38448000, "netIncomeRatio": 0.20497073217541503, "eps": 0.47, "epsdiluted": 0.46, "weightedAverageShsOut": 168647000, "weightedAverageShsOutDil": 173911000, "link": "https://www.sec.gov/Archives/edgar/data/877890/000119312504187604/0001193125-04-187604-index.htm", "finalLink": "https://www.sec.gov/Archives/edgar/data/877890/000119312504187604/d10q.htm"}, {"date": "2004-06-30", "symbol": "CTXS", "fillingDate": "2004-08-06", "acceptedDate": "2004-08-06 14:04:57", "period": "Q2", "revenue": 178302000, "costOfRevenue": 689000.0, "grossProfit": 177613000, "grossProfitRatio": 0.9961357696492468, "researchAndDevelopmentExpenses": 22173000, "generalAndAdministrativeExpenses": 27837000, "sellingAndMarketingExpenses": 80804000, "otherExpenses": 5471000.0, "operatingExpenses": 136285000, "costAndExpenses": 136974000, "interestExpense": 8000.0, "depreciationAndAmortization": 5471000.0, "ebitda": 42563000, "ebitdaratio": 0.23871297012933113, "operatingIncome": 37092000, "operatingIncomeRatio": 0.20802907426725442, "totalOtherIncomeExpensesNet": 190000.0, "incomeBeforeTax": 39841000, "incomeBeforeTaxRatio": 0.22344673643593455, "incomeTaxExpense": 0.0, "netIncome": 31475000, "netIncomeRatio": 0.17652634294623729, "eps": 0.0, "epsdiluted": 0.0, "weightedAverageShsOut": 166457000, "weightedAverageShsOutDil": 172584000, "link": "https://www.sec.gov/Archives/edgar/data/877890/000119312504134113/0001193125-04-134113-index.htm", "finalLink": "https://www.sec.gov/Archives/edgar/data/877890/000119312504134113/d10q.htm"}, {"date": "2004-03-31", "symbol": "CTXS", "fillingDate": "2004-05-07", "acceptedDate": "2004-05-07 13:32:41", "period": "Q1", "revenue": 161310000, "costOfRevenue": 8472000.0, "grossProfit": 152838000, "grossProfitRatio": 0.9474800074390924, "researchAndDevelopmentExpenses": 19038000, "generalAndAdministrativeExpenses": 24751000, "sellingAndMarketingExpenses": 74128000, "otherExpenses": 22460000, "operatingExpenses": 140377000, "costAndExpenses": 148849000, "interestExpense": 4344000.0, "depreciationAndAmortization": 3760000.0, "ebitda": 20457000, "ebitdaratio": 0.12681792821275803, "operatingIncome": 16697000, "operatingIncomeRatio": 0.10350877192982456, "totalOtherIncomeExpensesNet": 985000.0, "incomeBeforeTax": 11804000, "incomeBeforeTaxRatio": 0.07317587254354968, "incomeTaxExpense": 0.0, "netIncome": 9325000.0, "netIncomeRatio": 0.05780794743041349, "eps": 0.06, "epsdiluted": 0.05, "weightedAverageShsOut": 166457000, "weightedAverageShsOutDil": 172584000, "link": "https://www.sec.gov/Archives/edgar/data/877890/000119312504081817/0001193125-04-081817-index.htm", "finalLink": "https://www.sec.gov/Archives/edgar/data/877890/000119312504081817/d10q.htm"}, {"date": "2003-12-31", "symbol": "CTXS", "fillingDate": "2004-03-12", "acceptedDate": "2004-03-12 12:32:08", "period": "FY", "revenue": 157744000, "costOfRevenue": 4919000.0, "grossProfit": 152825000, "grossProfitRatio": 0.9688165635459985, "researchAndDevelopmentExpenses": 17418000, "generalAndAdministrativeExpenses": 21208000, "sellingAndMarketingExpenses": 69157000, "otherExpenses": 2795000.0, "operatingExpenses": 110578000, "costAndExpenses": 115497000, "interestExpense": 4650000.0, "depreciationAndAmortization": 2795000.0, "ebitda": 45042000, "ebitdaratio": 0.2855385941779085, "operatingIncome": 42247000, "operatingIncomeRatio": 0.2678200121716198, "totalOtherIncomeExpensesNet": 1206000.0, "incomeBeforeTax": 44446000, "incomeBeforeTaxRatio": 0.2817603205193224, "incomeTaxExpense": 0.0, "netIncome": 36275000, "netIncomeRatio": 0.22996120296176084, "eps": 0.74, "epsdiluted": 0.74, "weightedAverageShsOut": 171447000, "weightedAverageShsOutDil": 171447000, "link": "https://www.sec.gov/Archives/edgar/data/877890/000095014404002373/0000950144-04-002373-index.htm", "finalLink": "https://www.sec.gov/Archives/edgar/data/877890/000095014404002373/g87646e10vk.htm"}, {"date": "2003-09-30", "symbol": "CTXS", "fillingDate": "2003-11-10", "acceptedDate": "2003-11-10 15:58:43", "period": "Q3", "revenue": 144341000, "costOfRevenue": 5350000.0, "grossProfit": 138991000, "grossProfitRatio": 0.9629349942150879, "researchAndDevelopmentExpenses": 15656000, "generalAndAdministrativeExpenses": 20420000, "sellingAndMarketingExpenses": 61331000, "otherExpenses": 2868000.0, "operatingExpenses": 100275000, "costAndExpenses": 105625000, "interestExpense": 4558000.0, "depreciationAndAmortization": 2868000.0, "ebitda": 41584000, "ebitdaratio": 0.28809555150650196, "operatingIncome": 38716000, "operatingIncomeRatio": 0.2682259371904033, "totalOtherIncomeExpensesNet": 277000.0, "incomeBeforeTax": 39737000, "incomeBeforeTaxRatio": 0.2752994644626267, "incomeTaxExpense": 0.0, "netIncome": 30995000, "netIncomeRatio": 0.21473455220623386, "eps": 0.55, "epsdiluted": 0.55, "weightedAverageShsOut": 165662000, "weightedAverageShsOutDil": 165662000, "link": "https://www.sec.gov/Archives/edgar/data/877890/000095014403012502/0000950144-03-012502-index.htm", "finalLink": "https://www.sec.gov/Archives/edgar/data/877890/000095014403012502/g85602e10vq.htm"}, {"date": "2003-06-30", "symbol": "CTXS", "fillingDate": "2003-08-12", "acceptedDate": "2003-08-12 15:32:09", "period": "Q2", "revenue": 143049000, "costOfRevenue": 5036000.0, "grossProfit": 138013000, "grossProfitRatio": 0.9647952799390419, "researchAndDevelopmentExpenses": 16244000, "generalAndAdministrativeExpenses": 23022000, "sellingAndMarketingExpenses": 60550000, "otherExpenses": 2699000.0, "operatingExpenses": 102515000, "costAndExpenses": 107551000, "interestExpense": 4523000.0, "depreciationAndAmortization": 2699000.0, "ebitda": 38197000, "ebitdaratio": 0.2670203916140623, "operatingIncome": 35498000, "operatingIncomeRatio": 0.2481527308824249, "totalOtherIncomeExpensesNet": 1629000.0, "incomeBeforeTax": 37116000, "incomeBeforeTaxRatio": 0.2594635404651553, "incomeTaxExpense": 0.0, "netIncome": 29344000, "netIncomeRatio": 0.2051325070430412, "eps": 0.36, "epsdiluted": 0.36, "weightedAverageShsOut": 166349000, "weightedAverageShsOutDil": 166349000, "link": "https://www.sec.gov/Archives/edgar/data/877890/000095014403009747/0000950144-03-009747-index.htm", "finalLink": "https://www.sec.gov/Archives/edgar/data/877890/000095014403009747/g84066e10vq.htm"}, {"date": "2003-03-31", "symbol": "CTXS", "fillingDate": "2003-05-12", "acceptedDate": "2003-05-12 16:58:09", "period": "Q1", "revenue": 143491000, "costOfRevenue": 4731000.0, "grossProfit": 138760000, "grossProfitRatio": 0.9670292910356747, "researchAndDevelopmentExpenses": 15125000, "generalAndAdministrativeExpenses": 21022000, "sellingAndMarketingExpenses": 61711000, "otherExpenses": 2974000.0, "operatingExpenses": 100832000, "costAndExpenses": 105563000, "interestExpense": 4549000.0, "depreciationAndAmortization": 2974000.0, "ebitda": 40902000, "ebitdaratio": 0.2850492365374832, "operatingIncome": 37928000, "operatingIncomeRatio": 0.26432319797060444, "totalOtherIncomeExpensesNet": 346000.0, "incomeBeforeTax": 39388000, "incomeBeforeTaxRatio": 0.2744980521426431, "incomeTaxExpense": 0.0, "netIncome": 30329000, "netIncomeRatio": 0.2113651727286032, "eps": 0.18, "epsdiluted": 0.18, "weightedAverageShsOut": 167300000, "weightedAverageShsOutDil": 167300000, "link": "https://www.sec.gov/Archives/edgar/data/877890/000095014403006453/0000950144-03-006453-index.htm", "finalLink": "https://www.sec.gov/Archives/edgar/data/877890/000095014403006453/g82741e10vq.htm"}, {"date": "2002-12-31", "symbol": "CTXS", "fillingDate": "2003-03-24", "acceptedDate": "2003-03-24 17:16:49", "period": "FY", "revenue": 148784000, "costOfRevenue": 5145000.0, "grossProfit": 143639000, "grossProfitRatio": 0.9654196687815895, "researchAndDevelopmentExpenses": 15869000, "generalAndAdministrativeExpenses": 23297000, "sellingAndMarketingExpenses": 56491000, "otherExpenses": 2708000.0, "operatingExpenses": 98365000, "costAndExpenses": 103510000, "interestExpense": 4640000.0, "depreciationAndAmortization": 2708000.0, "ebitda": 47982000, "ebitdaratio": 0.3224943542316378, "operatingIncome": 45274000, "operatingIncomeRatio": 0.3042934724163889, "totalOtherIncomeExpensesNet": 2379000.0, "incomeBeforeTax": 49212000, "incomeBeforeTaxRatio": 0.3307613721905581, "incomeTaxExpense": 0.0, "netIncome": 39567000, "netIncomeRatio": 0.26593585331756103, "eps": 0.52, "epsdiluted": 0.52, "weightedAverageShsOut": 179359000, "weightedAverageShsOutDil": 179359000, "link": "https://www.sec.gov/Archives/edgar/data/877890/000095014403003643/0000950144-03-003643-index.htm", "finalLink": "https://www.sec.gov/Archives/edgar/data/877890/000095014403003643/g81173e10vk.htm"}, {"date": "2002-09-30", "symbol": "CTXS", "fillingDate": "2002-11-12", "acceptedDate": "2002-11-12 16:04:48", "period": "Q3", "revenue": 118898000, "costOfRevenue": 4375000.0, "grossProfit": 114523000, "grossProfitRatio": 0.9632037544786287, "researchAndDevelopmentExpenses": 17146000, "generalAndAdministrativeExpenses": 21072000, "sellingAndMarketingExpenses": 56291000, "otherExpenses": 2646000.0, "operatingExpenses": 97155000, "costAndExpenses": 101530000, "interestExpense": 4303000.0, "depreciationAndAmortization": 2646000.0, "ebitda": 20014000, "ebitdaratio": 0.16832915608336557, "operatingIncome": 17368000, "operatingIncomeRatio": 0.14607478679204022, "totalOtherIncomeExpensesNet": -2379000.0, "incomeBeforeTax": 19312000, "incomeBeforeTaxRatio": 0.1624249356591364, "incomeTaxExpense": 0.0, "netIncome": 16815000, "netIncomeRatio": 0.1414237413581389, "eps": 0.3, "epsdiluted": 0.3, "weightedAverageShsOut": 179712000, "weightedAverageShsOutDil": 179712000, "link": "https://www.sec.gov/Archives/edgar/data/877890/000095014402011528/0000950144-02-011528-index.htm", "finalLink": "https://www.sec.gov/Archives/edgar/data/877890/000095014402011528/g79152e10vq.htm"}]