[{"date": "2020-03-31", "symbol": "REGN", "fillingDate": "2020-05-05", "acceptedDate": "2020-05-05 07:51:29", "period": "Q1", "revenue": 1828200000, "costOfRevenue": 78800000, "grossProfit": 1749400000, "grossProfitRatio": 0.956897494803632, "researchAndDevelopmentExpenses": 583900000, "generalAndAdministrativeExpenses": 367300000, "sellingAndMarketingExpenses": 0.0, "otherExpenses": 40400000, "operatingExpenses": 991600000, "costAndExpenses": 1128100000, "interestExpense": 6100000.0, "depreciationAndAmortization": 56100000, "ebitda": 756200000, "ebitdaratio": 0.413630893775, "operatingIncome": 700100000, "operatingIncomeRatio": 0.382944973198, "totalOtherIncomeExpensesNet": -40000000, "incomeBeforeTax": 668600000, "incomeBeforeTaxRatio": 0.365714910841, "incomeTaxExpense": 44000000, "netIncome": 624600000, "netIncomeRatio": 0.341647522153, "eps": 5.69, "epsdiluted": 5.43, "weightedAverageShsOut": 109800000, "weightedAverageShsOutDil": 115100000, "link": "https://www.sec.gov/Archives/edgar/data/872589/000180422020000011/0001804220-20-000011-index.htm", "finalLink": "https://www.sec.gov/Archives/edgar/data/872589/000180422020000011/regn-033120x10q.htm"}, {"date": "2019-12-31", "symbol": "REGN", "fillingDate": "2020-02-07", "acceptedDate": "2020-02-07 09:04:34", "period": "FY", "revenue": 2169500000, "costOfRevenue": 108500000, "grossProfit": 2061000000, "grossProfitRatio": 0.9499884766075133, "researchAndDevelopmentExpenses": 683100000, "generalAndAdministrativeExpenses": 586800000, "sellingAndMarketingExpenses": 0.0, "otherExpenses": 221000000, "operatingExpenses": 1269900000, "costAndExpenses": 1493800000, "interestExpense": 6700000.0, "depreciationAndAmortization": 54300000, "ebitda": 730000000, "ebitdaratio": 0.336483060613, "operatingIncome": 675700000, "operatingIncomeRatio": 0.311454252132, "totalOtherIncomeExpensesNet": 214100000, "incomeBeforeTax": 889800000, "incomeBeforeTaxRatio": 0.410140585388, "incomeTaxExpense": 97800000, "netIncome": 792000000, "netIncomeRatio": 0.36506107398, "eps": 7.26, "epsdiluted": 6.92, "weightedAverageShsOut": 109200000, "weightedAverageShsOutDil": 114600000, "link": "https://www.sec.gov/Archives/edgar/data/872589/000153217620000008/0001532176-20-000008-index.htm", "finalLink": "https://www.sec.gov/Archives/edgar/data/872589/000153217620000008/regn-123119x10k.htm"}, {"date": "2019-09-30", "symbol": "REGN", "fillingDate": "2019-11-05", "acceptedDate": "2019-11-05 07:47:53", "period": "Q3", "revenue": 2048400000, "costOfRevenue": 115900000, "grossProfit": 1932500000, "grossProfitRatio": 0.9434192540519429, "researchAndDevelopmentExpenses": 663400000, "generalAndAdministrativeExpenses": 419900000, "sellingAndMarketingExpenses": 0.0, "otherExpenses": 37000000, "operatingExpenses": 1083300000, "costAndExpenses": 1309900000, "interestExpense": 7800000.0, "depreciationAndAmortization": 52900000, "ebitda": 791400000, "ebitdaratio": 0.386350322203, "operatingIncome": 738500000, "operatingIncomeRatio": 0.36052528803, "totalOtherIncomeExpensesNet": 30000000, "incomeBeforeTax": 768500000, "incomeBeforeTaxRatio": 0.375170865065, "incomeTaxExpense": 98900000, "netIncome": 669600000, "netIncomeRatio": 0.326889279438, "eps": 6.12, "epsdiluted": 5.85, "weightedAverageShsOut": 109200000, "weightedAverageShsOutDil": 114700000, "link": "https://www.sec.gov/Archives/edgar/data/872589/000153217619000034/0001532176-19-000034-index.htm", "finalLink": "https://www.sec.gov/Archives/edgar/data/872589/000153217619000034/regn-093019x10q.htm"}, {"date": "2019-06-30", "symbol": "REGN", "fillingDate": "2019-08-06", "acceptedDate": "2019-08-06 07:55:20", "period": "Q2", "revenue": 1933700000, "costOfRevenue": 67000000, "grossProfit": 1866700000, "grossProfitRatio": 0.9653513988726276, "researchAndDevelopmentExpenses": 1048300000, "generalAndAdministrativeExpenses": 417300000, "sellingAndMarketingExpenses": 0.0, "otherExpenses": -82000000, "operatingExpenses": 1465600000, "costAndExpenses": 1618100000, "interestExpense": 8000000.0, "depreciationAndAmortization": 52100000, "ebitda": 367700000, "ebitdaratio": 0.19015359156, "operatingIncome": 315600000, "operatingIncomeRatio": 0.163210425609, "totalOtherIncomeExpensesNet": -82000000, "incomeBeforeTax": 224700000, "incomeBeforeTaxRatio": 0.116202099602, "incomeTaxExpense": 31600000, "netIncome": 193100000, "netIncomeRatio": 0.0998603713089, "eps": 1.77, "epsdiluted": 1.7, "weightedAverageShsOut": 109100000, "weightedAverageShsOutDil": 115000000, "link": "https://www.sec.gov/Archives/edgar/data/872589/000153217619000026/0001532176-19-000026-index.htm", "finalLink": "https://www.sec.gov/Archives/edgar/data/872589/000153217619000026/regn-063019x10q.htm"}, {"date": "2019-03-31", "symbol": "REGN", "fillingDate": "2019-05-07", "acceptedDate": "2019-05-07 07:50:15", "period": "Q1", "revenue": 1711800000, "costOfRevenue": 70900000, "grossProfit": 1640900000, "grossProfitRatio": 0.9585816100011684, "researchAndDevelopmentExpenses": 641800000, "generalAndAdministrativeExpenses": 410800000, "sellingAndMarketingExpenses": 0.0, "otherExpenses": 73000000, "operatingExpenses": 1052600000, "costAndExpenses": 1231800000, "interestExpense": 7700000.0, "depreciationAndAmortization": 51000000, "ebitda": 531000000, "ebitdaratio": 0.310199789695, "operatingIncome": 480000000, "operatingIncomeRatio": 0.280406589555, "totalOtherIncomeExpensesNet": 66100000, "incomeBeforeTax": 546100000, "incomeBeforeTaxRatio": 0.319020913658, "incomeTaxExpense": 85000000, "netIncome": 461100000, "netIncomeRatio": 0.269365580091, "eps": 4.23, "epsdiluted": 3.99, "weightedAverageShsOut": 108900000, "weightedAverageShsOutDil": 115500000, "link": "https://www.sec.gov/Archives/edgar/data/872589/000153217619000017/0001532176-19-000017-index.htm", "finalLink": "https://www.sec.gov/Archives/edgar/data/872589/000153217619000017/regn-033119x10q.htm"}, {"date": "2018-12-31", "symbol": "REGN", "fillingDate": "2019-02-07", "acceptedDate": "2019-02-07 16:12:36", "period": "FY", "revenue": 1927797000, "costOfRevenue": 43990000, "grossProfit": 1883807000, "grossProfitRatio": 0.9771812073574137, "researchAndDevelopmentExpenses": 601253000, "generalAndAdministrativeExpenses": 491314000, "sellingAndMarketingExpenses": 0.0, "otherExpenses": 47000000, "operatingExpenses": 1092567000, "costAndExpenses": 1209739000, "interestExpense": 7349000.0, "depreciationAndAmortization": 42759000, "ebitda": 760817000, "ebitdaratio": 0.394656180085, "operatingIncome": 718058000, "operatingIncomeRatio": 0.372475940153, "totalOtherIncomeExpensesNet": 47000000, "incomeBeforeTax": 676167000, "incomeBeforeTaxRatio": 0.350745955098, "incomeTaxExpense": -109000000, "netIncome": 820353000, "netIncomeRatio": 0.425539099812, "eps": 7.59, "epsdiluted": 7.15, "weightedAverageShsOut": 107900000, "weightedAverageShsOutDil": 114800000, "link": "https://www.sec.gov/Archives/edgar/data/872589/000153217619000009/0001532176-19-000009-index.htm", "finalLink": "https://www.sec.gov/Archives/edgar/data/872589/000153217619000009/regn-123118x10k.htm"}, {"date": "2018-09-30", "symbol": "REGN", "fillingDate": "2018-11-06", "acceptedDate": "2018-11-06 07:56:51", "period": "Q3", "revenue": 1663496000, "costOfRevenue": 30817000, "grossProfit": 1632679000, "grossProfitRatio": 0.9814745571976128, "researchAndDevelopmentExpenses": 556972000, "generalAndAdministrativeExpenses": 369232000, "sellingAndMarketingExpenses": 0.0, "otherExpenses": 16432000, "operatingExpenses": 926204000, "costAndExpenses": 1036573000, "interestExpense": 7494000.0, "depreciationAndAmortization": 35441000, "ebitda": 662364000, "ebitdaratio": 0.398175889813, "operatingIncome": 626923000, "operatingIncomeRatio": 0.376870758932, "totalOtherIncomeExpensesNet": 8938000.0, "incomeBeforeTax": 635861000, "incomeBeforeTaxRatio": 0.382243780568, "incomeTaxExpense": 41206000, "netIncome": 594655000, "netIncomeRatio": 0.357473056743, "eps": 5.5, "epsdiluted": 5.17, "weightedAverageShsOut": 107828000, "weightedAverageShsOutDil": 114843000, "link": "https://www.sec.gov/Archives/edgar/data/872589/000153217618000036/0001532176-18-000036-index.htm", "finalLink": "https://www.sec.gov/Archives/edgar/data/872589/000153217618000036/regn-093018x10q.htm"}, {"date": "2018-06-30", "symbol": "REGN", "fillingDate": "2018-08-02", "acceptedDate": "2018-08-02 16:11:08", "period": "Q2", "revenue": 1608022000, "costOfRevenue": 35950000, "grossProfit": 1572072000, "grossProfitRatio": 0.9776433407005626, "researchAndDevelopmentExpenses": 529289000, "generalAndAdministrativeExpenses": 364884000, "sellingAndMarketingExpenses": 0.0, "otherExpenses": 65410000, "operatingExpenses": 894173000, "costAndExpenses": 985834000, "interestExpense": 6918000.0, "depreciationAndAmortization": 33642000, "ebitda": 655830000, "ebitdaratio": 0.40784889759, "operatingIncome": 622188000, "operatingIncomeRatio": 0.386927542036, "totalOtherIncomeExpensesNet": 33886000, "incomeBeforeTax": 656074000, "incomeBeforeTaxRatio": 0.408000636807, "incomeTaxExpense": 104662000, "netIncome": 551412000, "netIncomeRatio": 0.342913218849, "eps": 5.12, "epsdiluted": 4.81, "weightedAverageShsOut": 107724000, "weightedAverageShsOutDil": 114697000, "link": "https://www.sec.gov/Archives/edgar/data/872589/000153217618000028/0001532176-18-000028-index.htm", "finalLink": "https://www.sec.gov/Archives/edgar/data/872589/000153217618000028/regn-063018x10q.htm"}, {"date": "2018-03-31", "symbol": "REGN", "fillingDate": "2018-05-03", "acceptedDate": "2018-05-03 16:02:59", "period": "Q1", "revenue": 1511485000, "costOfRevenue": 69243000, "grossProfit": 1442242000, "grossProfitRatio": 0.9541887613836724, "researchAndDevelopmentExpenses": 498586000, "generalAndAdministrativeExpenses": 330770000, "sellingAndMarketingExpenses": 0.0, "otherExpenses": 0.0, "operatingExpenses": 829356000, "costAndExpenses": 944254000, "interestExpense": 6439000.0, "depreciationAndAmortization": 36358000, "ebitda": 603589000, "ebitdaratio": 0.399335090987, "operatingIncome": 567231000, "operatingIncomeRatio": 0.375280601528, "totalOtherIncomeExpensesNet": 18167000, "incomeBeforeTax": 585398000, "incomeBeforeTaxRatio": 0.387299907045, "incomeTaxExpense": 107418000, "netIncome": 477980000, "netIncomeRatio": 0.316232049938, "eps": 4.44, "epsdiluted": 4.16, "weightedAverageShsOut": 107648000, "weightedAverageShsOutDil": 114906000, "link": "https://www.sec.gov/Archives/edgar/data/872589/000153217618000020/0001532176-18-000020-index.htm", "finalLink": "https://www.sec.gov/Archives/edgar/data/872589/000153217618000020/regn-033118x10q.htm"}, {"date": "2017-12-31", "symbol": "REGN", "fillingDate": "2018-02-08", "acceptedDate": "2018-02-08 16:22:58", "period": "FY", "revenue": 1582447000, "costOfRevenue": 52733000, "grossProfit": 1529714000, "grossProfitRatio": 0.9666762931080788, "researchAndDevelopmentExpenses": 527983000, "generalAndAdministrativeExpenses": 409913000, "sellingAndMarketingExpenses": 0.0, "otherExpenses": 24039000, "operatingExpenses": 931861000, "costAndExpenses": 1043636000, "interestExpense": 0.0, "depreciationAndAmortization": 34507000, "ebitda": 573318000, "ebitdaratio": 0.362298389772, "operatingIncome": 538811000, "operatingIncomeRatio": 0.340492288209, "totalOtherIncomeExpensesNet": 15956000, "incomeBeforeTax": 554767000, "incomeBeforeTaxRatio": 0.350575406317, "incomeTaxExpense": 381248000, "netIncome": 173519000, "netIncomeRatio": 0.109652329588, "eps": 1.61, "epsdiluted": 1.5, "weightedAverageShsOut": 106338000, "weightedAverageShsOutDil": 115954000, "link": "https://www.sec.gov/Archives/edgar/data/872589/000153217618000013/0001532176-18-000013-index.htm", "finalLink": "https://www.sec.gov/Archives/edgar/data/872589/000153217618000013/regn-123117x10k.htm"}, {"date": "2017-09-30", "symbol": "REGN", "fillingDate": "2017-11-08", "acceptedDate": "2017-11-08 07:54:13", "period": "Q3", "revenue": 1500673000, "costOfRevenue": 46388000, "grossProfit": 1454285000, "grossProfitRatio": 0.9690885356103561, "researchAndDevelopmentExpenses": 529749000, "generalAndAdministrativeExpenses": 306766000, "sellingAndMarketingExpenses": 0.0, "otherExpenses": 9813000.0, "operatingExpenses": 830333000, "costAndExpenses": 940747000, "interestExpense": 0.0, "depreciationAndAmortization": 37719000, "ebitda": 597645000, "ebitdaratio": 0.398251317909, "operatingIncome": 559926000, "operatingIncomeRatio": 0.373116595021, "totalOtherIncomeExpensesNet": 5679000.0, "incomeBeforeTax": 565605000, "incomeBeforeTaxRatio": 0.376900897131, "incomeTaxExpense": 177288000, "netIncome": 388317000, "netIncomeRatio": 0.25876190216, "eps": 3.64, "epsdiluted": 3.33, "weightedAverageShsOut": 106108000, "weightedAverageShsOutDil": 115994000, "link": "https://www.sec.gov/Archives/edgar/data/872589/000153217617000034/0001532176-17-000034-index.htm", "finalLink": "https://www.sec.gov/Archives/edgar/data/872589/000153217617000034/regn-093017x10q.htm"}, {"date": "2017-06-30", "symbol": "REGN", "fillingDate": "2017-08-03", "acceptedDate": "2017-08-03 07:46:53", "period": "Q2", "revenue": 1470116000, "costOfRevenue": 42133000, "grossProfit": 1427983000, "grossProfitRatio": 0.9713403568153806, "researchAndDevelopmentExpenses": 509975000, "generalAndAdministrativeExpenses": 306908000, "sellingAndMarketingExpenses": 0.0, "otherExpenses": -19061000, "operatingExpenses": 811482000, "costAndExpenses": 919804000, "interestExpense": 0.0, "depreciationAndAmortization": 35126000, "ebitda": 585438000, "ebitdaratio": 0.398225718243, "operatingIncome": 550312000, "operatingIncomeRatio": 0.374332365609, "totalOtherIncomeExpensesNet": -19061000, "incomeBeforeTax": 525850000, "incomeBeforeTaxRatio": 0.357692862332, "incomeTaxExpense": 138106000, "netIncome": 387744000, "netIncomeRatio": 0.263750615598, "eps": 3.66, "epsdiluted": 3.35, "weightedAverageShsOut": 105804000, "weightedAverageShsOutDil": 115607000, "link": "https://www.sec.gov/Archives/edgar/data/872589/000153217617000027/0001532176-17-000027-index.htm", "finalLink": "https://www.sec.gov/Archives/edgar/data/872589/000153217617000027/regn-063017x10q.htm"}, {"date": "2017-03-31", "symbol": "REGN", "fillingDate": "2017-05-04", "acceptedDate": "2017-05-04 07:43:33", "period": "Q1", "revenue": 1318991000, "costOfRevenue": 61253000, "grossProfit": 1257738000, "grossProfitRatio": 0.9535607142126065, "researchAndDevelopmentExpenses": 507435000, "generalAndAdministrativeExpenses": 296846000, "sellingAndMarketingExpenses": 0.0, "otherExpenses": 9248000.0, "operatingExpenses": 796780000, "costAndExpenses": 888449000, "interestExpense": 0.0, "depreciationAndAmortization": 38115000, "ebitda": 468657000, "ebitdaratio": 0.355314782284, "operatingIncome": 430542000, "operatingIncomeRatio": 0.326417693525, "totalOtherIncomeExpensesNet": 1747000.0, "incomeBeforeTax": 432289000, "incomeBeforeTaxRatio": 0.327742190811, "incomeTaxExpense": 183358000, "netIncome": 248931000, "netIncomeRatio": 0.188728353719, "eps": 2.36, "epsdiluted": 2.16, "weightedAverageShsOut": 105572000, "weightedAverageShsOutDil": 115106000, "link": "https://www.sec.gov/Archives/edgar/data/872589/000153217617000017/0001532176-17-000017-index.htm", "finalLink": "https://www.sec.gov/Archives/edgar/data/872589/000153217617000017/regn-033117x10q.htm"}, {"date": "2016-12-31", "symbol": "REGN", "fillingDate": "2017-02-09", "acceptedDate": "2017-02-09 16:05:36", "period": "FY", "revenue": 1226827000, "costOfRevenue": 44534000, "grossProfit": 1182293000, "grossProfitRatio": 0.963699853361558, "researchAndDevelopmentExpenses": 479206000, "generalAndAdministrativeExpenses": 325937000, "sellingAndMarketingExpenses": 0.0, "otherExpenses": 10070000, "operatingExpenses": 794147000, "costAndExpenses": 879824000, "interestExpense": 0.0, "depreciationAndAmortization": 28900000, "ebitda": 375903000, "ebitdaratio": 0.306402614224, "operatingIncome": 347003000, "operatingIncomeRatio": 0.28284591063, "totalOtherIncomeExpensesNet": 6269000.0, "incomeBeforeTax": 341527000, "incomeBeforeTaxRatio": 0.27838236361, "incomeTaxExpense": 88412000, "netIncome": 253115000, "netIncomeRatio": 0.206316783051, "eps": 2.41, "epsdiluted": 2.19, "weightedAverageShsOut": 104719000, "weightedAverageShsOutDil": 116367000, "link": "https://www.sec.gov/Archives/edgar/data/872589/000153217617000008/0001532176-17-000008-index.htm", "finalLink": "https://www.sec.gov/Archives/edgar/data/872589/000153217617000008/regn-123116x10k.htm"}, {"date": "2016-09-30", "symbol": "REGN", "fillingDate": "2016-11-04", "acceptedDate": "2016-11-04 07:32:27", "period": "Q3", "revenue": 1220122000, "costOfRevenue": 29901000, "grossProfit": 1190221000, "grossProfitRatio": 0.9754934342631311, "researchAndDevelopmentExpenses": 543047000, "generalAndAdministrativeExpenses": 270045000, "sellingAndMarketingExpenses": 0.0, "otherExpenses": 222000.0, "operatingExpenses": 813314000, "costAndExpenses": 857320000, "interestExpense": 0.0, "depreciationAndAmortization": 27839000, "ebitda": 390641000, "ebitdaratio": 0.320165524431, "operatingIncome": 362802000, "operatingIncomeRatio": 0.297348953629, "totalOtherIncomeExpensesNet": 3079000.0, "incomeBeforeTax": 365881000, "incomeBeforeTaxRatio": 0.299872471769, "incomeTaxExpense": 101077000, "netIncome": 264804000, "netIncomeRatio": 0.217030755941, "eps": 2.53, "epsdiluted": 2.27, "weightedAverageShsOut": 104586000, "weightedAverageShsOutDil": 116567000, "link": "https://www.sec.gov/Archives/edgar/data/872589/000153217616000082/0001532176-16-000082-index.htm", "finalLink": "https://www.sec.gov/Archives/edgar/data/872589/000153217616000082/regn-093016x10q.htm"}, {"date": "2016-06-30", "symbol": "REGN", "fillingDate": "2016-08-04", "acceptedDate": "2016-08-04 07:31:35", "period": "Q2", "revenue": 1212629000, "costOfRevenue": 41247000, "grossProfit": 1171382000, "grossProfitRatio": 0.9659854745350804, "researchAndDevelopmentExpenses": 559930000, "generalAndAdministrativeExpenses": 292038000, "sellingAndMarketingExpenses": 0.0, "otherExpenses": 2173000.0, "operatingExpenses": 854141000, "costAndExpenses": 921001000, "interestExpense": 0.0, "depreciationAndAmortization": 25029000, "ebitda": 316657000, "ebitdaratio": 0.261132630013, "operatingIncome": 291628000, "operatingIncomeRatio": 0.240492351742, "totalOtherIncomeExpensesNet": 628000.0, "incomeBeforeTax": 292256000, "incomeBeforeTaxRatio": 0.241010234787, "incomeTaxExpense": 80389000, "netIncome": 211867000, "netIncomeRatio": 0.174717081647, "eps": 2.02, "epsdiluted": 1.79, "weightedAverageShsOut": 104462000, "weightedAverageShsOutDil": 116617000, "link": "https://www.sec.gov/Archives/edgar/data/872589/000153217616000067/0001532176-16-000067-index.htm", "finalLink": "https://www.sec.gov/Archives/edgar/data/872589/000153217616000067/regn-063016x10q.htm"}, {"date": "2016-03-31", "symbol": "REGN", "fillingDate": "2016-05-05", "acceptedDate": "2016-05-05 07:35:22", "period": "Q1", "revenue": 1200849000, "costOfRevenue": 78942000, "grossProfit": 1121907000, "grossProfitRatio": 0.934261509981688, "researchAndDevelopmentExpenses": 470112000, "generalAndAdministrativeExpenses": 289677000, "sellingAndMarketingExpenses": 0.0, "otherExpenses": 1406000.0, "operatingExpenses": 761195000, "costAndExpenses": 871541000, "interestExpense": 0.0, "depreciationAndAmortization": 22977000, "ebitda": 352285000, "ebitdaratio": 0.293363278814, "operatingIncome": 329308000, "operatingIncomeRatio": 0.274229316092, "totalOtherIncomeExpensesNet": 843000.0, "incomeBeforeTax": 330151000, "incomeBeforeTaxRatio": 0.274931319425, "incomeTaxExpense": 164415000, "netIncome": 165736000, "netIncomeRatio": 0.138015687235, "eps": 1.59, "epsdiluted": 1.45, "weightedAverageShsOut": 104290000, "weightedAverageShsOutDil": 114228000, "link": "https://www.sec.gov/Archives/edgar/data/872589/000153217616000055/0001532176-16-000055-index.htm", "finalLink": "https://www.sec.gov/Archives/edgar/data/872589/000153217616000055/regn-033116x10q.htm"}, {"date": "2015-12-31", "symbol": "REGN", "fillingDate": "2016-02-11", "acceptedDate": "2016-02-11 16:45:24", "period": "FY", "revenue": 1098077000, "costOfRevenue": 71078000, "grossProfit": 1026999000, "grossProfitRatio": 0.9352704773891084, "researchAndDevelopmentExpenses": 461210000, "generalAndAdministrativeExpenses": 294954000, "sellingAndMarketingExpenses": 0.0, "otherExpenses": 6283000.0, "operatingExpenses": 756164000, "costAndExpenses": 866995000, "interestExpense": 3609000.0, "depreciationAndAmortization": 22910000, "ebitda": 253992000, "ebitdaratio": 0.231306183446, "operatingIncome": 231082000, "operatingIncomeRatio": 0.210442437097, "totalOtherIncomeExpensesNet": 1750000.0, "incomeBeforeTax": 227289000, "incomeBeforeTaxRatio": 0.206988216673, "incomeTaxExpense": 72295000, "netIncome": 154994000, "netIncomeRatio": 0.141150392914, "eps": 1.49, "epsdiluted": 1.34, "weightedAverageShsOut": 103061000, "weightedAverageShsOutDil": 115230000, "link": "https://www.sec.gov/Archives/edgar/data/872589/000153217616000045/0001532176-16-000045-index.htm", "finalLink": "https://www.sec.gov/Archives/edgar/data/872589/000153217616000045/regn-123115x10k.htm"}, {"date": "2015-09-30", "symbol": "REGN", "fillingDate": "2015-11-04", "acceptedDate": "2015-11-04 07:24:05", "period": "Q3", "revenue": 1137422000, "costOfRevenue": 67199000, "grossProfit": 1070223000, "grossProfitRatio": 0.9409199048374306, "researchAndDevelopmentExpenses": 425924000, "generalAndAdministrativeExpenses": 209993000, "sellingAndMarketingExpenses": 0.0, "otherExpenses": 0.0, "operatingExpenses": 635917000, "costAndExpenses": 745000000, "interestExpense": 1715000.0, "depreciationAndAmortization": 20674000, "ebitda": 413096000, "ebitdaratio": 0.363186222879, "operatingIncome": 392422000, "operatingIncomeRatio": 0.345010031457, "totalOtherIncomeExpensesNet": 867000.0, "incomeBeforeTax": 393289000, "incomeBeforeTaxRatio": 0.345772281528, "incomeTaxExpense": 182891000, "netIncome": 210398000, "netIncomeRatio": 0.184977958928, "eps": 2.04, "epsdiluted": 1.83, "weightedAverageShsOut": 102825000, "weightedAverageShsOutDil": 115144000, "link": "https://www.sec.gov/Archives/edgar/data/872589/000153217615000037/0001532176-15-000037-index.htm", "finalLink": "https://www.sec.gov/Archives/edgar/data/872589/000153217615000037/regn-093015x10q.htm"}, {"date": "2015-06-30", "symbol": "REGN", "fillingDate": "2015-08-04", "acceptedDate": "2015-08-04 07:21:24", "period": "Q2", "revenue": 998617000, "costOfRevenue": 60855000, "grossProfit": 937762000, "grossProfitRatio": 0.9390607209771114, "researchAndDevelopmentExpenses": 390330000, "generalAndAdministrativeExpenses": 174588000, "sellingAndMarketingExpenses": 0.0, "otherExpenses": 0.0, "operatingExpenses": 564918000, "costAndExpenses": 653758000, "interestExpense": 2748000.0, "depreciationAndAmortization": 15298000, "ebitda": 360157000, "ebitdaratio": 0.360655786953, "operatingIncome": 344859000, "operatingIncomeRatio": 0.345336600519, "totalOtherIncomeExpensesNet": 1849000.0, "incomeBeforeTax": 327996000, "incomeBeforeTaxRatio": 0.328450246691, "incomeTaxExpense": 133353000, "netIncome": 194643000, "netIncomeRatio": 0.194912564076, "eps": 1.9, "epsdiluted": 1.69, "weightedAverageShsOut": 102558000, "weightedAverageShsOutDil": 114962000, "link": "https://www.sec.gov/Archives/edgar/data/872589/000153217615000029/0001532176-15-000029-index.htm", "finalLink": "https://www.sec.gov/Archives/edgar/data/872589/000153217615000029/regn-063015x10q.htm"}, {"date": "2015-03-31", "symbol": "REGN", "fillingDate": "2015-05-07", "acceptedDate": "2015-05-07 07:30:44", "period": "Q1", "revenue": 869612000, "costOfRevenue": 42570000, "grossProfit": 827042000, "grossProfitRatio": 0.9510471336642089, "researchAndDevelopmentExpenses": 343113000, "generalAndAdministrativeExpenses": 158991000, "sellingAndMarketingExpenses": 0.0, "otherExpenses": 0.0, "operatingExpenses": 502104000, "costAndExpenses": 586059000, "interestExpense": 6169000.0, "depreciationAndAmortization": 16027000, "ebitda": 299580000, "ebitdaratio": 0.344498465983, "operatingIncome": 283553000, "operatingIncomeRatio": 0.32606840752, "totalOtherIncomeExpensesNet": 81000.0, "incomeBeforeTax": 276523000, "incomeBeforeTaxRatio": 0.317984342442, "incomeTaxExpense": 200502000, "netIncome": 76021000, "netIncomeRatio": 0.0874194468338, "eps": 0.74, "epsdiluted": 0.66, "weightedAverageShsOut": 102227000, "weightedAverageShsOutDil": 114519000, "link": "https://www.sec.gov/Archives/edgar/data/872589/000153217615000020/0001532176-15-000020-index.htm", "finalLink": "https://www.sec.gov/Archives/edgar/data/872589/000153217615000020/regn-033115x10q.htm"}, {"date": "2014-12-31", "symbol": "REGN", "fillingDate": "2015-02-12", "acceptedDate": "2015-02-12 16:39:16", "period": "FY", "revenue": 802329000, "costOfRevenue": 37957000, "grossProfit": 764372000, "grossProfitRatio": 0.9526914769377649, "researchAndDevelopmentExpenses": 351745000, "generalAndAdministrativeExpenses": 143743000, "sellingAndMarketingExpenses": 0.0, "otherExpenses": 8157000.0, "operatingExpenses": 495488000, "costAndExpenses": 554962000, "interestExpense": 6350000.0, "depreciationAndAmortization": 14135000, "ebitda": 261502000, "ebitdaratio": 0.325928640246, "operatingIncome": 247367000, "operatingIncomeRatio": 0.30831117908, "totalOtherIncomeExpensesNet": 2952000.0, "incomeBeforeTax": 221287000, "incomeBeforeTaxRatio": 0.275805810335, "incomeTaxExpense": 111111000, "netIncome": 110176000, "netIncomeRatio": 0.137320226491, "eps": 1.09, "epsdiluted": 0.97, "weightedAverageShsOut": 100612000, "weightedAverageShsOutDil": 113413000, "link": "https://www.sec.gov/Archives/edgar/data/872589/000153217615000008/0001532176-15-000008-index.htm", "finalLink": "https://www.sec.gov/Archives/edgar/data/872589/000153217615000008/regn-123114x10k.htm"}, {"date": "2014-09-30", "symbol": "REGN", "fillingDate": "2014-11-04", "acceptedDate": "2014-11-04 07:06:24", "period": "Q3", "revenue": 725788000, "costOfRevenue": 33655000, "grossProfit": 692133000, "grossProfitRatio": 0.9536297100530734, "researchAndDevelopmentExpenses": 337728000, "generalAndAdministrativeExpenses": 149748000, "sellingAndMarketingExpenses": 0.0, "otherExpenses": 0.0, "operatingExpenses": 487476000, "costAndExpenses": 543069000, "interestExpense": 9232000.0, "depreciationAndAmortization": 14005000, "ebitda": 196724000, "ebitdaratio": 0.27104884622, "operatingIncome": 182719000, "operatingIncomeRatio": 0.251752577888, "totalOtherIncomeExpensesNet": 5205000.0, "incomeBeforeTax": 176078000, "incomeBeforeTaxRatio": 0.242602523051, "incomeTaxExpense": 96358000, "netIncome": 79720000, "netIncomeRatio": 0.109839236802, "eps": 0.79, "epsdiluted": 0.7, "weightedAverageShsOut": 100325000, "weightedAverageShsOutDil": 113203000, "link": "https://www.sec.gov/Archives/edgar/data/872589/000153217614000046/0001532176-14-000046-index.htm", "finalLink": "https://www.sec.gov/Archives/edgar/data/872589/000153217614000046/regn-093014x10q.htm"}, {"date": "2014-06-30", "symbol": "REGN", "fillingDate": "2014-08-05", "acceptedDate": "2014-08-05 06:52:44", "period": "Q2", "revenue": 665700000, "costOfRevenue": 29945000, "grossProfit": 635755000, "grossProfitRatio": 0.9550172750488208, "researchAndDevelopmentExpenses": 294501000, "generalAndAdministrativeExpenses": 102414000, "sellingAndMarketingExpenses": 0.0, "otherExpenses": 0.0, "operatingExpenses": 396915000, "costAndExpenses": 443294000, "interestExpense": 10177000, "depreciationAndAmortization": 13016000, "ebitda": 235422000, "ebitdaratio": 0.35364578639, "operatingIncome": 222406000, "operatingIncomeRatio": 0.334093435481, "totalOtherIncomeExpensesNet": -19287000, "incomeBeforeTax": 203119000, "incomeBeforeTaxRatio": 0.305120925342, "incomeTaxExpense": 110384000, "netIncome": 92735000, "netIncomeRatio": 0.139304491513, "eps": 0.92, "epsdiluted": 0.82, "weightedAverageShsOut": 100085000, "weightedAverageShsOutDil": 113121000, "link": "https://www.sec.gov/Archives/edgar/data/872589/000153217614000035/0001532176-14-000035-index.htm", "finalLink": "https://www.sec.gov/Archives/edgar/data/872589/000153217614000035/regn-063014x10q.htm"}, {"date": "2014-03-31", "symbol": "REGN", "fillingDate": "2014-05-08", "acceptedDate": "2014-05-08 06:57:11", "period": "Q1", "revenue": 625740000, "costOfRevenue": 27473000, "grossProfit": 598267000, "grossProfitRatio": 0.9560951833029693, "researchAndDevelopmentExpenses": 287379000, "generalAndAdministrativeExpenses": 108850000, "sellingAndMarketingExpenses": 0.0, "otherExpenses": 0.0, "operatingExpenses": 396229000, "costAndExpenses": 439801000, "interestExpense": 11613000, "depreciationAndAmortization": 11530000, "ebitda": 197469000, "ebitdaratio": 0.31557675712, "operatingIncome": 185939000, "operatingIncomeRatio": 0.297150573721, "totalOtherIncomeExpensesNet": -10676000, "incomeBeforeTax": 175263000, "incomeBeforeTaxRatio": 0.280089174417, "incomeTaxExpense": 109820000, "netIncome": 65443000, "netIncomeRatio": 0.104584971394, "eps": 0.66, "epsdiluted": 0.58, "weightedAverageShsOut": 98709000, "weightedAverageShsOutDil": 112151000, "link": "https://www.sec.gov/Archives/edgar/data/872589/000153217614000022/0001532176-14-000022-index.htm", "finalLink": "https://www.sec.gov/Archives/edgar/data/872589/000153217614000022/regn-033114x10q.htm"}, {"date": "2013-12-31", "symbol": "REGN", "fillingDate": "2014-02-13", "acceptedDate": "2014-02-13 16:07:14", "period": "FY", "revenue": 610412000, "costOfRevenue": 34491000, "grossProfit": 575921000, "grossProfitRatio": 0.9434955407167618, "researchAndDevelopmentExpenses": 268140000, "generalAndAdministrativeExpenses": 82085000, "sellingAndMarketingExpenses": 0.0, "otherExpenses": 0.0, "operatingExpenses": 350225000, "costAndExpenses": 398339000, "interestExpense": 11661000, "depreciationAndAmortization": 11292000, "ebitda": 223365000, "ebitdaratio": 0.365924981816, "operatingIncome": 212073000, "operatingIncomeRatio": 0.347426000799, "totalOtherIncomeExpensesNet": -13920000, "incomeBeforeTax": 198153000, "incomeBeforeTaxRatio": 0.324621730897, "incomeTaxExpense": 101347000, "netIncome": 96806000, "netIncomeRatio": 0.158591246568, "eps": 0.97, "epsdiluted": 0.86, "weightedAverageShsOut": 97917000, "weightedAverageShsOutDil": 111290000, "link": "https://www.sec.gov/Archives/edgar/data/872589/000153217614000008/0001532176-14-000008-index.htm", "finalLink": "https://www.sec.gov/Archives/edgar/data/872589/000153217614000008/regn-123113x10k.htm"}, {"date": "2013-09-30", "symbol": "REGN", "fillingDate": "2013-11-05", "acceptedDate": "2013-11-05 07:14:08", "period": "Q3", "revenue": 597027000, "costOfRevenue": 28253000, "grossProfit": 568774000, "grossProfitRatio": 0.952677182103992, "researchAndDevelopmentExpenses": 224045000, "generalAndAdministrativeExpenses": 97607000, "sellingAndMarketingExpenses": 0.0, "otherExpenses": 0.0, "operatingExpenses": 321652000, "costAndExpenses": 360225000, "interestExpense": 11736000, "depreciationAndAmortization": 10803000, "ebitda": 247605000, "ebitdaratio": 0.414729987086, "operatingIncome": 236802000, "operatingIncomeRatio": 0.39663532805, "totalOtherIncomeExpensesNet": -11118000, "incomeBeforeTax": 225684000, "incomeBeforeTaxRatio": 0.378013054686, "incomeTaxExpense": 84378000, "netIncome": 141306000, "netIncomeRatio": 0.236682763091, "eps": 1.45, "epsdiluted": 1.26, "weightedAverageShsOut": 97602000, "weightedAverageShsOutDil": 115554000, "link": "https://www.sec.gov/Archives/edgar/data/872589/000153217613000030/0001532176-13-000030-index.htm", "finalLink": "https://www.sec.gov/Archives/edgar/data/872589/000153217613000030/regn-93013x10q.htm"}, {"date": "2013-06-30", "symbol": "REGN", "fillingDate": "2013-08-06", "acceptedDate": "2013-08-06 07:10:00", "period": "Q2", "revenue": 457642000, "costOfRevenue": 26249000, "grossProfit": 431393000, "grossProfitRatio": 0.9426429392407165, "researchAndDevelopmentExpenses": 187463000, "generalAndAdministrativeExpenses": 72463000, "sellingAndMarketingExpenses": 0.0, "otherExpenses": 0.0, "operatingExpenses": 259926000, "costAndExpenses": 299539000, "interestExpense": 11365000, "depreciationAndAmortization": 9702000.0, "ebitda": 167805000, "ebitdaratio": 0.366673076335, "operatingIncome": 158103000, "operatingIncomeRatio": 0.34547309906, "totalOtherIncomeExpensesNet": -10411000, "incomeBeforeTax": 147692000, "incomeBeforeTaxRatio": 0.322723875868, "incomeTaxExpense": 60316000, "netIncome": 87376000, "netIncomeRatio": 0.190926532093, "eps": 0.89, "epsdiluted": 0.79, "weightedAverageShsOut": 97289000, "weightedAverageShsOutDil": 110305000, "link": "https://www.sec.gov/Archives/edgar/data/872589/000153217613000022/0001532176-13-000022-index.htm", "finalLink": "https://www.sec.gov/Archives/edgar/data/872589/000153217613000022/regn-63013x10q.htm"}, {"date": "2013-03-31", "symbol": "REGN", "fillingDate": "2013-05-03", "acceptedDate": "2013-05-03 10:20:35", "period": "Q1", "revenue": 439664000, "costOfRevenue": 29055000, "grossProfit": 410609000, "grossProfitRatio": 0.9339154445212708, "researchAndDevelopmentExpenses": 180299000, "generalAndAdministrativeExpenses": 77260000, "sellingAndMarketingExpenses": 0.0, "otherExpenses": 0.0, "operatingExpenses": 257559000, "costAndExpenses": 286614000, "interestExpense": 11675000, "depreciationAndAmortization": 9407000.0, "ebitda": 162457000, "ebitdaratio": 0.369502620183, "operatingIncome": 153050000, "operatingIncomeRatio": 0.348106736053, "totalOtherIncomeExpensesNet": -11219000, "incomeBeforeTax": 141831000, "incomeBeforeTaxRatio": 0.322589522908, "incomeTaxExpense": 42957000, "netIncome": 98874000, "netIncomeRatio": 0.224885367008, "eps": 1.02, "epsdiluted": 0.9, "weightedAverageShsOut": 96878000, "weightedAverageShsOutDil": 109369000, "link": "https://www.sec.gov/Archives/edgar/data/872589/000153217613000008/0001532176-13-000008-index.htm", "finalLink": "https://www.sec.gov/Archives/edgar/data/872589/000153217613000008/regn-33113x10q.htm"}, {"date": "2012-12-31", "symbol": "REGN", "fillingDate": "2013-02-15", "acceptedDate": "2013-02-15 16:13:21", "period": "FY", "revenue": 414602000, "costOfRevenue": 30169000, "grossProfit": 384433000, "grossProfitRatio": 0.9272338290698067, "researchAndDevelopmentExpenses": 181024000, "generalAndAdministrativeExpenses": 57739000, "sellingAndMarketingExpenses": 0.0, "otherExpenses": 0.0, "operatingExpenses": 238763000, "costAndExpenses": 268932000, "interestExpense": 11495000, "depreciationAndAmortization": 9778000.0, "ebitda": 155448000, "ebitdaratio": 0.37493306834, "operatingIncome": 145670000, "operatingIncomeRatio": 0.351349004588, "totalOtherIncomeExpensesNet": -11111000, "incomeBeforeTax": 134559000, "incomeBeforeTaxRatio": 0.324549809215, "incomeTaxExpense": -335848000, "netIncome": 470407000, "netIncomeRatio": 1.13459896479, "eps": 4.95, "epsdiluted": 4.2, "weightedAverageShsOut": 94685000, "weightedAverageShsOutDil": 115382000, "link": "https://www.sec.gov/Archives/edgar/data/872589/000153217613000004/0001532176-13-000004-index.htm", "finalLink": "https://www.sec.gov/Archives/edgar/data/872589/000153217613000004/regn-123112x10k.htm"}, {"date": "2012-09-30", "symbol": "REGN", "fillingDate": "2012-10-24", "acceptedDate": "2012-10-24 07:29:40", "period": "Q3", "revenue": 427687000, "costOfRevenue": 20145000, "grossProfit": 407542000, "grossProfitRatio": 0.952897796753233, "researchAndDevelopmentExpenses": 158295000, "generalAndAdministrativeExpenses": 46883000, "sellingAndMarketingExpenses": 0.0, "otherExpenses": 0.0, "operatingExpenses": 205178000, "costAndExpenses": 225323000, "interestExpense": 11413000, "depreciationAndAmortization": 27162000, "ebitda": 229526000, "ebitdaratio": 0.536668170882, "operatingIncome": 202364000, "operatingIncomeRatio": 0.473159109349, "totalOtherIncomeExpensesNet": -10896000, "incomeBeforeTax": 191468000, "incomeBeforeTaxRatio": 0.44768253419, "incomeTaxExpense": 0.0, "netIncome": 191468000, "netIncomeRatio": 0.44768253419, "eps": 2.03, "epsdiluted": 1.74, "weightedAverageShsOut": 94349000, "weightedAverageShsOutDil": 109780000, "link": "https://www.sec.gov/Archives/edgar/data/872589/000153217612000004/0001532176-12-000004-index.htm", "finalLink": "https://www.sec.gov/Archives/edgar/data/872589/000153217612000004/regn-93012x10q.htm"}, {"date": "2012-06-30", "symbol": "REGN", "fillingDate": "2012-07-25", "acceptedDate": "2012-07-25 07:00:24", "period": "Q2", "revenue": 304399000, "costOfRevenue": 21843000, "grossProfit": 282556000, "grossProfitRatio": 0.9282422084172418, "researchAndDevelopmentExpenses": 147373000, "generalAndAdministrativeExpenses": 47705000, "sellingAndMarketingExpenses": 0.0, "otherExpenses": 0.0, "operatingExpenses": 195078000, "costAndExpenses": 216921000, "interestExpense": 11236000, "depreciationAndAmortization": 9417000.0, "ebitda": 87478000, "ebitdaratio": 0.287379393493, "operatingIncome": 87478000, "operatingIncomeRatio": 0.287379393493, "totalOtherIncomeExpensesNet": -10735000, "incomeBeforeTax": 76743000, "incomeBeforeTaxRatio": 0.252113180398, "incomeTaxExpense": 0.0, "netIncome": 76743000, "netIncomeRatio": 0.252113180398, "eps": 0.82, "epsdiluted": 0.7, "weightedAverageShsOut": 94017000, "weightedAverageShsOutDil": 108998000, "link": "https://www.sec.gov/Archives/edgar/data/872589/000120677412003062/0001206774-12-003062-index.htm", "finalLink": "https://www.sec.gov/Archives/edgar/data/872589/000120677412003062/regeneron_10q.htm"}, {"date": "2012-03-31", "symbol": "REGN", "fillingDate": "2012-04-26", "acceptedDate": "2012-04-26 07:31:17", "period": "Q1", "revenue": 231789000, "costOfRevenue": 12298000, "grossProfit": 219491000, "grossProfitRatio": 0.9469431249973036, "researchAndDevelopmentExpenses": 138862000, "generalAndAdministrativeExpenses": 58428000, "sellingAndMarketingExpenses": 0.0, "otherExpenses": 0.0, "operatingExpenses": 197290000, "costAndExpenses": 209588000, "interestExpense": 11160000, "depreciationAndAmortization": 8416000.0, "ebitda": 22201000, "ebitdaratio": 0.0957810767552, "operatingIncome": 22201000, "operatingIncomeRatio": 0.0957810767552, "totalOtherIncomeExpensesNet": -10550000, "incomeBeforeTax": 11651000, "incomeBeforeTaxRatio": 0.0502655432311, "incomeTaxExpense": 0.0, "netIncome": 11651000, "netIncomeRatio": 0.0502655432311, "eps": 0.12, "epsdiluted": 0.11, "weightedAverageShsOut": 93446000, "weightedAverageShsOutDil": 107734000, "link": "https://www.sec.gov/Archives/edgar/data/872589/000120677412001689/0001206774-12-001689-index.htm", "finalLink": "https://www.sec.gov/Archives/edgar/data/872589/000120677412001689/regeneron_10q.htm"}, {"date": "2011-12-31", "symbol": "REGN", "fillingDate": "2012-02-21", "acceptedDate": "2012-02-21 07:31:08", "period": "FY", "revenue": 122977000, "costOfRevenue": 2989000.0, "grossProfit": 119988000, "grossProfitRatio": 0.9756946420875449, "researchAndDevelopmentExpenses": 129041000, "generalAndAdministrativeExpenses": 36349000, "sellingAndMarketingExpenses": 0.0, "otherExpenses": 0.0, "operatingExpenses": 165390000, "costAndExpenses": 168379000, "interestExpense": 9455000.0, "depreciationAndAmortization": 7926000.0, "ebitda": -37476000, "ebitdaratio": -0.3120295743688803, "operatingIncome": -45402000, "operatingIncomeRatio": -0.378022380603477, "totalOtherIncomeExpensesNet": -8656000.0, "incomeBeforeTax": -54058000, "incomeBeforeTaxRatio": -0.45009325251448745, "incomeTaxExpense": -615000.0, "netIncome": -53443000, "netIncomeRatio": -0.44497269033504294, "eps": -0.58, "epsdiluted": -0.58, "weightedAverageShsOut": 93446000, "weightedAverageShsOutDil": 107734000, "link": "https://www.sec.gov/Archives/edgar/data/872589/000120677412000709/0001206774-12-000709-index.htm", "finalLink": "https://www.sec.gov/Archives/edgar/data/872589/000120677412000709/regeneron_10k.htm"}, {"date": "2011-09-30", "symbol": "REGN", "fillingDate": "2011-10-27", "acceptedDate": "2011-10-27 07:31:02", "period": "Q3", "revenue": 102833000, "costOfRevenue": 450000.0, "grossProfit": 102383000, "grossProfitRatio": 0.9956239728491827, "researchAndDevelopmentExpenses": 127924000, "generalAndAdministrativeExpenses": 32916000, "sellingAndMarketingExpenses": 0.0, "otherExpenses": 0.0, "operatingExpenses": 160840000, "costAndExpenses": 161290000, "interestExpense": 4061000.0, "depreciationAndAmortization": 8276000.0, "ebitda": -50181000, "ebitdaratio": -0.6288188265958247, "operatingIncome": -58457000, "operatingIncomeRatio": -0.7325255006140197, "totalOtherIncomeExpensesNet": -3346000.0, "incomeBeforeTax": -61803000, "incomeBeforeTaxRatio": -0.7744542743289642, "incomeTaxExpense": 562000.0, "netIncome": -62365000, "netIncomeRatio": -0.7814967043432496, "eps": -0.69, "epsdiluted": -0.69, "weightedAverageShsOut": 93446000, "weightedAverageShsOutDil": 107734000, "link": "https://www.sec.gov/Archives/edgar/data/872589/000120677411002300/0001206774-11-002300-index.htm", "finalLink": "https://www.sec.gov/Archives/edgar/data/872589/000120677411002300/regeneron_10q.htm"}, {"date": "2011-06-30", "symbol": "REGN", "fillingDate": "2011-07-28", "acceptedDate": "2011-07-28 07:30:53", "period": "Q2", "revenue": 107810000, "costOfRevenue": 395000.0, "grossProfit": 107415000, "grossProfitRatio": 0.996336146925146, "researchAndDevelopmentExpenses": 143149000, "generalAndAdministrativeExpenses": 24585000, "sellingAndMarketingExpenses": 0.0, "otherExpenses": 0.0, "operatingExpenses": 167734000, "costAndExpenses": 168129000, "interestExpense": 4047000.0, "depreciationAndAmortization": 7902000.0, "ebitda": -52417000, "ebitdaratio": -0.620716197333207, "operatingIncome": -60319000, "operatingIncomeRatio": -0.7142907893801956, "totalOtherIncomeExpensesNet": -3049000.0, "incomeBeforeTax": -63368000, "incomeBeforeTaxRatio": -0.750396703218625, "incomeTaxExpense": -863000.0, "netIncome": -62505000, "netIncomeRatio": -0.740177154631362, "eps": -1.18, "epsdiluted": -1.18, "weightedAverageShsOut": 93446000, "weightedAverageShsOutDil": 107734000, "link": "https://www.sec.gov/Archives/edgar/data/872589/000120677411001639/0001206774-11-001639-index.htm", "finalLink": "https://www.sec.gov/Archives/edgar/data/872589/000120677411001639/regeneron_10q.htm"}, {"date": "2011-03-31", "symbol": "REGN", "fillingDate": "2011-05-03", "acceptedDate": "2011-05-03 07:30:45", "period": "Q1", "revenue": 112204000, "costOfRevenue": 382000.0, "grossProfit": 111822000, "grossProfitRatio": 0.9965954867919147, "researchAndDevelopmentExpenses": 129392000, "generalAndAdministrativeExpenses": 23411000, "sellingAndMarketingExpenses": 0.0, "otherExpenses": 0.0, "operatingExpenses": 152803000, "costAndExpenses": 153185000, "interestExpense": 3719000.0, "depreciationAndAmortization": 6978000.0, "ebitda": -34003000, "ebitdaratio": -0.3984928922171829, "operatingIncome": -40981000, "operatingIncomeRatio": -0.4802704824854387, "totalOtherIncomeExpensesNet": -2682000.0, "incomeBeforeTax": -43663000, "incomeBeforeTaxRatio": -0.51170176610531, "incomeTaxExpense": -216000.0, "netIncome": -43447000, "netIncomeRatio": -0.5091703875587432, "eps": 0.0, "epsdiluted": 0.0, "weightedAverageShsOut": 93446000, "weightedAverageShsOutDil": 107734000, "link": "https://www.sec.gov/Archives/edgar/data/872589/000120677411001105/0001206774-11-001105-index.htm", "finalLink": "https://www.sec.gov/Archives/edgar/data/872589/000120677411001105/regeneron_10q.htm"}, {"date": "2010-12-31", "symbol": "REGN", "fillingDate": "2011-02-17", "acceptedDate": "2011-02-17 07:30:53", "period": "FY", "revenue": 133675000, "costOfRevenue": 599000.0, "grossProfit": 133076000, "grossProfitRatio": 0.9955189826070694, "researchAndDevelopmentExpenses": 125212000, "generalAndAdministrativeExpenses": 20641000, "sellingAndMarketingExpenses": 0.0, "otherExpenses": 0.0, "operatingExpenses": 145853000, "costAndExpenses": 146452000, "interestExpense": 2458000.0, "depreciationAndAmortization": 6086000.0, "ebitda": -6691000.0, "ebitdaratio": -0.0424744493112423, "operatingIncome": -12777000, "operatingIncomeRatio": -0.08110836031232146, "totalOtherIncomeExpensesNet": -1820000.0, "incomeBeforeTax": -14597000, "incomeBeforeTaxRatio": -0.0926617152288453, "incomeTaxExpense": 0.0, "netIncome": -14597000, "netIncomeRatio": -0.0926617152288453, "eps": 0.0, "epsdiluted": 0.0, "weightedAverageShsOut": 93446000, "weightedAverageShsOutDil": 107734000, "link": "https://www.sec.gov/Archives/edgar/data/872589/000120677411000263/0001206774-11-000263-index.htm", "finalLink": "https://www.sec.gov/Archives/edgar/data/872589/000120677411000263/regeneron_10k.htm"}, {"date": "2010-09-30", "symbol": "REGN", "fillingDate": "2010-10-28", "acceptedDate": "2010-10-28 07:33:17", "period": "Q3", "revenue": 105979000, "costOfRevenue": 372000.0, "grossProfit": 105607000, "grossProfitRatio": 0.9964898706347484, "researchAndDevelopmentExpenses": 122043000, "generalAndAdministrativeExpenses": 15658000, "sellingAndMarketingExpenses": 0.0, "otherExpenses": 0.0, "operatingExpenses": 137701000, "costAndExpenses": 138073000, "interestExpense": 2234000.0, "depreciationAndAmortization": 4894000.0, "ebitda": -27200000, "ebitdaratio": -0.35986928277522723, "operatingIncome": -32094000, "operatingIncomeRatio": -0.4246192926980935, "totalOtherIncomeExpensesNet": -1781000.0, "incomeBeforeTax": -33875000, "incomeBeforeTaxRatio": -0.4481827924268685, "incomeTaxExpense": 0.0, "netIncome": -33875000, "netIncomeRatio": -0.4481827924268685, "eps": 0.0, "epsdiluted": 0.0, "weightedAverageShsOut": 93446000, "weightedAverageShsOutDil": 107734000, "link": "https://www.sec.gov/Archives/edgar/data/872589/000120677410002228/0001206774-10-002228-index.htm", "finalLink": "https://www.sec.gov/Archives/edgar/data/872589/000120677410002228/regeneron_10q.htm"}, {"date": "2010-06-30", "symbol": "REGN", "fillingDate": "2010-07-28", "acceptedDate": "2010-07-28 07:30:36", "period": "Q2", "revenue": 84941000, "costOfRevenue": 405000.0, "grossProfit": 84536000, "grossProfitRatio": 0.9952319845539845, "researchAndDevelopmentExpenses": 241997000, "generalAndAdministrativeExpenses": 14897000, "sellingAndMarketingExpenses": 0.0, "otherExpenses": 0.0, "operatingExpenses": 152690000, "costAndExpenses": 139828000, "interestExpense": -7750000.0, "depreciationAndAmortization": -49363000, "ebitda": -73305000, "ebitdaratio": 0.207110483891, "operatingIncome": -23942000, "operatingIncomeRatio": 0.186729166675, "totalOtherIncomeExpensesNet": 7096000.0, "incomeBeforeTax": -25692000, "incomeBeforeTaxRatio": 0.18379932394, "incomeTaxExpense": 570000.0, "netIncome": -25474000, "netIncomeRatio": 0.18004329528, "eps": -9.71, "epsdiluted": -8.78, "weightedAverageShsOut": 93446000, "weightedAverageShsOutDil": 107734000, "link": "https://www.sec.gov/Archives/edgar/data/872589/000120677410001689/0001206774-10-001689-index.htm", "finalLink": "https://www.sec.gov/Archives/edgar/data/872589/000120677410001689/regeneron_10q.htm"}, {"date": "2010-03-31", "symbol": "REGN", "fillingDate": "2010-04-29", "acceptedDate": "2010-04-29 07:30:39", "period": "Q1", "revenue": 68671000000, "costOfRevenue": 717000000, "grossProfit": 67954000000, "grossProfitRatio": 0.9895589113308384, "researchAndDevelopmentExpenses": 117471000000, "generalAndAdministrativeExpenses": 14005000000, "sellingAndMarketingExpenses": 0.0, "otherExpenses": 0.0, "operatingExpenses": 131476000000, "costAndExpenses": 132193000000, "interestExpense": 2084000000, "depreciationAndAmortization": 4183000000, "ebitda": -24476000000, "ebitdaratio": -0.3564241091581599, "operatingIncome": -28659000000, "operatingIncomeRatio": -0.4173377408221811, "totalOtherIncomeExpensesNet": 0.0, "incomeBeforeTax": -30304000000, "incomeBeforeTaxRatio": -0.4412925397911782, "incomeTaxExpense": 218000000, "netIncome": -30522000000, "netIncomeRatio": -0.4444670967366137, "eps": -0.38, "epsdiluted": -0.38, "weightedAverageShsOut": 81169000, "weightedAverageShsOutDil": 81169000, "link": "https://www.sec.gov/Archives/edgar/data/872589/000120677410001072/0001206774-10-001072-index.htm", "finalLink": "https://www.sec.gov/Archives/edgar/data/872589/000120677410001072/regeneron_10q.htm"}, {"date": "2009-12-31", "symbol": "REGN", "fillingDate": "2010-02-18", "acceptedDate": "2010-02-18 08:30:41", "period": "FY", "revenue": 31989000, "costOfRevenue": 387000.0, "grossProfit": 31602000, "grossProfitRatio": 0.9879020913438995, "researchAndDevelopmentExpenses": 219834000, "generalAndAdministrativeExpenses": 17031000, "sellingAndMarketingExpenses": 0.0, "otherExpenses": 0.0, "operatingExpenses": 236865000, "costAndExpenses": 237252000, "interestExpense": 1756000.0, "depreciationAndAmortization": 4935000.0, "ebitda": -34473000, "ebitdaratio": -1.0776516927693895, "operatingIncome": -39408000, "operatingIncomeRatio": -1.2319234736940823, "totalOtherIncomeExpensesNet": 0.0, "incomeBeforeTax": -40611000, "incomeBeforeTaxRatio": -1.2695301509894026, "incomeTaxExpense": -4122000.0, "netIncome": -36489000, "netIncomeRatio": -1.1406733564662852, "eps": 0.0, "epsdiluted": 0.0, "weightedAverageShsOut": 79663000, "weightedAverageShsOutDil": 79663000, "link": "https://www.sec.gov/Archives/edgar/data/872589/000120677410000298/0001206774-10-000298-index.htm", "finalLink": "https://www.sec.gov/Archives/edgar/data/872589/000120677410000298/regeneron_10k.htm"}, {"date": "2009-09-30", "symbol": "REGN", "fillingDate": "2009-11-03", "acceptedDate": "2009-11-03 07:30:34", "period": "Q3", "revenue": 117455000000, "costOfRevenue": 472000000, "grossProfit": 116983000000, "grossProfitRatio": 0.9959814397003107, "researchAndDevelopmentExpenses": 68536000000, "generalAndAdministrativeExpenses": 12840000000, "sellingAndMarketingExpenses": 0.0, "otherExpenses": 0.0, "operatingExpenses": 81376000000, "costAndExpenses": 81848000000, "interestExpense": 581000000, "depreciationAndAmortization": 3590000000, "ebitda": 2299000000, "ebitdaratio": 0.01957345366310502, "operatingIncome": -1291000000, "operatingIncomeRatio": -0.01099144353156528, "totalOtherIncomeExpensesNet": 0.0, "incomeBeforeTax": -1015000000, "incomeBeforeTaxRatio": -0.008641607424119875, "incomeTaxExpense": 0.0, "netIncome": -1015000000, "netIncomeRatio": -0.008641607424119875, "eps": -0.39, "epsdiluted": -0.39, "weightedAverageShsOut": 79663000, "weightedAverageShsOutDil": 79663000, "link": "https://www.sec.gov/Archives/edgar/data/872589/000120677409002017/0001206774-09-002017-index.htm", "finalLink": "https://www.sec.gov/Archives/edgar/data/872589/000120677409002017/regeneron_10q.htm"}, {"date": "2009-06-30", "symbol": "REGN", "fillingDate": "2009-08-04", "acceptedDate": "2009-08-04 07:30:34", "period": "Q2", "revenue": 90032000, "costOfRevenue": 435000.0, "grossProfit": 89597000, "grossProfitRatio": 0.9951683845743735, "researchAndDevelopmentExpenses": 60732000, "generalAndAdministrativeExpenses": 11378000, "sellingAndMarketingExpenses": 0.0, "otherExpenses": 0.0, "operatingExpenses": 72110000, "costAndExpenses": 72545000, "interestExpense": 0.0, "depreciationAndAmortization": 2998000.0, "ebitda": -11175000, "ebitdaratio": -0.12412253421005864, "operatingIncome": -14173000, "operatingIncomeRatio": -0.15742180558023813, "totalOtherIncomeExpensesNet": 0.0, "incomeBeforeTax": -12845000, "incomeBeforeTaxRatio": -0.142671494579705, "incomeTaxExpense": 0.0, "netIncome": -12845000, "netIncomeRatio": -0.142671494579705, "eps": -0.38, "epsdiluted": -0.38, "weightedAverageShsOut": 79562000, "weightedAverageShsOutDil": 79562000, "link": "https://www.sec.gov/Archives/edgar/data/872589/000120677409001498/0001206774-09-001498-index.htm", "finalLink": "https://www.sec.gov/Archives/edgar/data/872589/000120677409001498/regeneron_10q.htm"}, {"date": "2009-03-31", "symbol": "REGN", "fillingDate": "2009-04-30", "acceptedDate": "2009-04-30 07:00:35", "period": "Q1", "revenue": 74981000, "costOfRevenue": 392000.0, "grossProfit": 74589000, "grossProfitRatio": 0.9947720089089236, "researchAndDevelopmentExpenses": 49660000, "generalAndAdministrativeExpenses": 11674000, "sellingAndMarketingExpenses": 0.0, "otherExpenses": 0.0, "operatingExpenses": 61334000, "costAndExpenses": 61726000, "interestExpense": 0.0, "depreciationAndAmortization": 2724000.0, "ebitda": -16507000, "ebitdaratio": -0.2201491044397914, "operatingIncome": -19231000, "operatingIncomeRatio": -0.25647830783798564, "totalOtherIncomeExpensesNet": 0.0, "incomeBeforeTax": -17481000, "incomeBeforeTaxRatio": -0.23313906189568023, "incomeTaxExpense": 0.0, "netIncome": -17481000, "netIncomeRatio": -0.23313906189568023, "eps": -0.22, "epsdiluted": -0.22, "weightedAverageShsOut": 79498000, "weightedAverageShsOutDil": 79498000, "link": "https://www.sec.gov/Archives/edgar/data/872589/000120677409000907/0001206774-09-000907-index.htm", "finalLink": "https://www.sec.gov/Archives/edgar/data/872589/000120677409000907/regeneron_10q.htm"}, {"date": "2008-12-31", "symbol": "REGN", "fillingDate": "2009-02-26", "acceptedDate": "2009-02-26 07:30:49", "period": "FY", "revenue": 55837000, "costOfRevenue": 631000.0, "grossProfit": 55206000, "grossProfitRatio": 0.9886992496015187, "researchAndDevelopmentExpenses": 75862000, "generalAndAdministrativeExpenses": 13491000, "sellingAndMarketingExpenses": 0.0, "otherExpenses": 0.0, "operatingExpenses": 89353000, "costAndExpenses": 89984000, "interestExpense": 295000.0, "depreciationAndAmortization": 2626000.0, "ebitda": -31973000, "ebitdaratio": -0.5726131418235221, "operatingIncome": -34599000, "operatingIncomeRatio": -0.6196428891236994, "totalOtherIncomeExpensesNet": 0.0, "incomeBeforeTax": -32246000, "incomeBeforeTaxRatio": -0.5775023729784909, "incomeTaxExpense": -728000.0, "netIncome": -31518000, "netIncomeRatio": -0.5644644232319072, "eps": -1.05, "epsdiluted": -1.05, "weightedAverageShsOut": 78771428, "weightedAverageShsOutDil": 78771428, "link": "https://www.sec.gov/Archives/edgar/data/872589/000120677409000338/0001206774-09-000338-index.htm", "finalLink": "https://www.sec.gov/Archives/edgar/data/872589/000120677409000338/regeneron_10k.htm"}, {"date": "2008-09-30", "symbol": "REGN", "fillingDate": "2008-11-05", "acceptedDate": "2008-11-05 07:18:34", "period": "Q3", "revenue": 65584000, "costOfRevenue": 292000.0, "grossProfit": 65292000, "grossProfitRatio": 0.9955476945596486, "researchAndDevelopmentExpenses": 42006000, "generalAndAdministrativeExpenses": 11368000, "sellingAndMarketingExpenses": 0.0, "otherExpenses": 0.0, "operatingExpenses": 53374000, "costAndExpenses": 53666000, "interestExpense": 1772000.0, "depreciationAndAmortization": 2774000.0, "ebitda": -17157000, "ebitdaratio": -0.2616034398633813, "operatingIncome": -19931000, "operatingIncomeRatio": -0.3039003415467187, "totalOtherIncomeExpensesNet": 0.0, "incomeBeforeTax": -18036000, "incomeBeforeTaxRatio": -0.27500609904854845, "incomeTaxExpense": 3079000.0, "netIncome": -21115000, "netIncomeRatio": -0.321953525250061, "eps": -0.65, "epsdiluted": -0.65, "weightedAverageShsOut": 78706000, "weightedAverageShsOutDil": 78706000, "link": "https://www.sec.gov/Archives/edgar/data/872589/000095012308014408/0000950123-08-014408-index.htm", "finalLink": "https://www.sec.gov/Archives/edgar/data/872589/000095012308014408/y72322e10vq.htm"}, {"date": "2008-06-30", "symbol": "REGN", "fillingDate": "2008-08-01", "acceptedDate": "2008-08-01 07:07:27", "period": "Q2", "revenue": 60653000, "costOfRevenue": 0.0, "grossProfit": 60653000, "grossProfitRatio": 1.0, "researchAndDevelopmentExpenses": 38606000, "generalAndAdministrativeExpenses": 13465000, "sellingAndMarketingExpenses": 0.0, "otherExpenses": 0.0, "operatingExpenses": 52071000, "costAndExpenses": 52071000, "interestExpense": 2674000.0, "depreciationAndAmortization": 2941000.0, "ebitda": -16448000, "ebitdaratio": -0.27118196956457225, "operatingIncome": -19389000, "operatingIncomeRatio": -0.3196709148764282, "totalOtherIncomeExpensesNet": 0.0, "incomeBeforeTax": -18459000, "incomeBeforeTaxRatio": -0.30433779038134967, "incomeTaxExpense": 0.0, "netIncome": -18459000, "netIncomeRatio": -0.30433779038134967, "eps": -0.38, "epsdiluted": -0.38, "weightedAverageShsOut": 78591000, "weightedAverageShsOutDil": 78591000, "link": "https://www.sec.gov/Archives/edgar/data/872589/000095012308008675/0000950123-08-008675-index.htm", "finalLink": "https://www.sec.gov/Archives/edgar/data/872589/000095012308008675/y64261e10vq.htm"}, {"date": "2008-03-31", "symbol": "REGN", "fillingDate": "2008-05-02", "acceptedDate": "2008-05-02 11:22:42", "period": "Q1", "revenue": 56383000, "costOfRevenue": 0.0, "grossProfit": 56383000, "grossProfitRatio": 1.0, "researchAndDevelopmentExpenses": 35734000, "generalAndAdministrativeExpenses": 11024000, "sellingAndMarketingExpenses": 0.0, "otherExpenses": 0.0, "operatingExpenses": 46758000, "costAndExpenses": 46758000, "interestExpense": 3011000.0, "depreciationAndAmortization": 2946000.0, "ebitda": -12965000, "ebitdaratio": -0.22994519624709575, "operatingIncome": -15911000, "operatingIncomeRatio": -0.282194987850948, "totalOtherIncomeExpensesNet": 0.0, "incomeBeforeTax": -11618000, "incomeBeforeTaxRatio": -0.20605501658301262, "incomeTaxExpense": 0.0, "netIncome": -11618000, "netIncomeRatio": -0.20605501658301262, "eps": -0.15, "epsdiluted": -0.15, "weightedAverageShsOut": 78493000, "weightedAverageShsOutDil": 78493000, "link": "https://www.sec.gov/Archives/edgar/data/872589/000095012308005043/0000950123-08-005043-index.htm", "finalLink": "https://www.sec.gov/Archives/edgar/data/872589/000095012308005043/y56734e10vq.htm"}, {"date": "2007-12-31", "symbol": "REGN", "fillingDate": "2008-02-27", "acceptedDate": "2008-02-27 15:38:46", "period": "FY", "revenue": 64730000, "costOfRevenue": 0.0, "grossProfit": 64730000, "grossProfitRatio": 1.0, "researchAndDevelopmentExpenses": 54730000, "generalAndAdministrativeExpenses": 11439000, "sellingAndMarketingExpenses": 0.0, "otherExpenses": 0.0, "operatingExpenses": 66169000, "costAndExpenses": 66169000, "interestExpense": 3010000.0, "depreciationAndAmortization": 2899000.0, "ebitda": -8635000.0, "ebitdaratio": -0.13340027807817087, "operatingIncome": -11534000, "operatingIncomeRatio": -0.1781863123744786, "totalOtherIncomeExpensesNet": 0.0, "incomeBeforeTax": -13071000, "incomeBeforeTaxRatio": -0.2019310984087749, "incomeTaxExpense": 0.0, "netIncome": -13071000, "netIncomeRatio": -0.2019310984087749, "eps": -1.59, "epsdiluted": -1.59, "weightedAverageShsOut": 66415094, "weightedAverageShsOutDil": 66415094, "link": "https://www.sec.gov/Archives/edgar/data/872589/000095012308002191/0000950123-08-002191-index.htm", "finalLink": "https://www.sec.gov/Archives/edgar/data/872589/000095012308002191/y50008e10vk.htm"}, {"date": "2007-09-30", "symbol": "REGN", "fillingDate": "2007-11-07", "acceptedDate": "2007-11-07 15:29:23", "period": "Q3", "revenue": 22311000, "costOfRevenue": 0.0, "grossProfit": 22311000, "grossProfitRatio": 1.0, "researchAndDevelopmentExpenses": 12311000, "generalAndAdministrativeExpenses": 9289000.0, "sellingAndMarketingExpenses": 0.0, "otherExpenses": 0.0, "operatingExpenses": 21600000, "costAndExpenses": 21600000, "interestExpense": 3011000.0, "depreciationAndAmortization": 2859000.0, "ebitda": -35808000, "ebitdaratio": -1.6049482318139034, "operatingIncome": -38667000, "operatingIncomeRatio": -1.7330913002554793, "totalOtherIncomeExpensesNet": 0.0, "incomeBeforeTax": -35838000, "incomeBeforeTaxRatio": -1.6062928600242032, "incomeTaxExpense": 0.0, "netIncome": -35838000, "netIncomeRatio": -1.6062928600242032, "eps": -1.4, "epsdiluted": -1.4, "weightedAverageShsOut": 65861000, "weightedAverageShsOutDil": 65861000, "link": "https://www.sec.gov/Archives/edgar/data/872589/000095012307015042/0000950123-07-015042-index.htm", "finalLink": "https://www.sec.gov/Archives/edgar/data/872589/000095012307015042/y41903e10vq.htm"}, {"date": "2007-06-30", "symbol": "REGN", "fillingDate": "2007-08-03", "acceptedDate": "2007-08-03 12:42:29", "period": "Q2", "revenue": 22195000, "costOfRevenue": 0.0, "grossProfit": 22195000, "grossProfitRatio": 1.0, "researchAndDevelopmentExpenses": 15917000, "generalAndAdministrativeExpenses": 8935000.0, "sellingAndMarketingExpenses": 0.0, "otherExpenses": 0.0, "operatingExpenses": 24852000, "costAndExpenses": 24852000, "interestExpense": 3011000.0, "depreciationAndAmortization": 2874000.0, "ebitda": -27730000, "ebitdaratio": -1.2493804911015995, "operatingIncome": -30604000, "operatingIncomeRatio": -1.3788691146654652, "totalOtherIncomeExpensesNet": 0.0, "incomeBeforeTax": -26774000, "incomeBeforeTaxRatio": -1.2063077269655327, "incomeTaxExpense": 0.0, "netIncome": -26774000, "netIncomeRatio": -1.2063077269655327, "eps": -0.86, "epsdiluted": -0.86, "weightedAverageShsOut": 65757000, "weightedAverageShsOutDil": 65757000, "link": "https://www.sec.gov/Archives/edgar/data/872589/000095012307010794/0000950123-07-010794-index.htm", "finalLink": "https://www.sec.gov/Archives/edgar/data/872589/000095012307010794/y37850e10vq.htm"}, {"date": "2007-03-31", "symbol": "REGN", "fillingDate": "2007-05-04", "acceptedDate": "2007-05-04 09:28:18", "period": "Q1", "revenue": 15788000, "costOfRevenue": 0.0, "grossProfit": 15788000, "grossProfitRatio": 1.0, "researchAndDevelopmentExpenses": 13645000, "generalAndAdministrativeExpenses": 8202000.0, "sellingAndMarketingExpenses": 0.0, "otherExpenses": 0.0, "operatingExpenses": 21847000, "costAndExpenses": 21847000, "interestExpense": 3011000.0, "depreciationAndAmortization": 2855000.0, "ebitda": -30794000, "ebitdaratio": -1.9504687104129719, "operatingIncome": -33649000, "operatingIncomeRatio": -2.131302254877122, "totalOtherIncomeExpensesNet": 0.0, "incomeBeforeTax": -29917000, "incomeBeforeTaxRatio": -1.8949201925513048, "incomeTaxExpense": 0.0, "netIncome": -29917000, "netIncomeRatio": -1.8949201925513048, "eps": -0.46, "epsdiluted": -0.46, "weightedAverageShsOut": 65563000, "weightedAverageShsOutDil": 65563000, "link": "https://www.sec.gov/Archives/edgar/data/872589/000095012307006735/0000950123-07-006735-index.htm", "finalLink": "https://www.sec.gov/Archives/edgar/data/872589/000095012307006735/y34395e10vq.htm"}, {"date": "2006-12-31", "symbol": "REGN", "fillingDate": "2007-03-12", "acceptedDate": "2007-03-12 15:43:19", "period": "FY", "revenue": 10346000, "costOfRevenue": 0.0, "grossProfit": 10346000, "grossProfitRatio": 1.0, "researchAndDevelopmentExpenses": 10110000, "generalAndAdministrativeExpenses": 7628000.0, "sellingAndMarketingExpenses": 0.0, "otherExpenses": 0.0, "operatingExpenses": 17738000, "costAndExpenses": 17738000, "interestExpense": 3010000.0, "depreciationAndAmortization": 3396000.0, "ebitda": -30090000, "ebitdaratio": -2.9083703846897353, "operatingIncome": -33486000, "operatingIncomeRatio": -3.236613183839165, "totalOtherIncomeExpensesNet": 0.0, "incomeBeforeTax": -30971000, "incomeBeforeTaxRatio": -2.993524067272376, "incomeTaxExpense": 0.0, "netIncome": -30971000, "netIncomeRatio": -2.993524067272376, "eps": -1.78, "epsdiluted": -1.78, "weightedAverageShsOut": 57492696, "weightedAverageShsOutDil": 57492696, "link": "https://www.sec.gov/Archives/edgar/data/872589/000095012307003627/0000950123-07-003627-index.htm", "finalLink": "https://www.sec.gov/Archives/edgar/data/872589/000095012307003627/y31048e10vk.htm"}, {"date": "2006-09-30", "symbol": "REGN", "fillingDate": "2006-11-06", "acceptedDate": "2006-11-06 08:08:13", "period": "Q3", "revenue": 15624000, "costOfRevenue": 0.0, "grossProfit": 15624000, "grossProfitRatio": 1.0, "researchAndDevelopmentExpenses": 11448000, "generalAndAdministrativeExpenses": 6019000.0, "sellingAndMarketingExpenses": 0.0, "otherExpenses": 0.0, "operatingExpenses": 17467000, "costAndExpenses": 17467000, "interestExpense": 3011000.0, "depreciationAndAmortization": 3708000.0, "ebitda": -24549000, "ebitdaratio": -1.571236559139785, "operatingIncome": -28257000, "operatingIncomeRatio": -1.808563748079877, "totalOtherIncomeExpensesNet": 0.0, "incomeBeforeTax": -27410000, "incomeBeforeTaxRatio": -1.754352278545827, "incomeTaxExpense": 0.0, "netIncome": -27410000, "netIncomeRatio": -1.754352278545827, "eps": -1.27, "epsdiluted": -1.27, "weightedAverageShsOut": 56884000, "weightedAverageShsOutDil": 56884000, "link": "https://www.sec.gov/Archives/edgar/data/872589/000095012306013527/0000950123-06-013527-index.htm", "finalLink": "https://www.sec.gov/Archives/edgar/data/872589/000095012306013527/y26593e10vq.htm"}, {"date": "2006-06-30", "symbol": "REGN", "fillingDate": "2006-08-08", "acceptedDate": "2006-08-08 09:02:43", "period": "Q2", "revenue": 19258000, "costOfRevenue": 0.0, "grossProfit": 19258000, "grossProfitRatio": 1.0, "researchAndDevelopmentExpenses": 14991000, "generalAndAdministrativeExpenses": 6299000.0, "sellingAndMarketingExpenses": 0.0, "otherExpenses": 0.0, "operatingExpenses": 21290000, "costAndExpenses": 21290000, "interestExpense": 3011000.0, "depreciationAndAmortization": 3690000.0, "ebitda": -20559000, "ebitdaratio": -1.0675563402222452, "operatingIncome": -24249000, "operatingIncomeRatio": -1.259165022328383, "totalOtherIncomeExpensesNet": 0.0, "incomeBeforeTax": -64336000, "incomeBeforeTaxRatio": -3.340741510021809, "incomeTaxExpense": 0.0, "netIncome": -64336000, "netIncomeRatio": -3.340741510021809, "eps": -0.79, "epsdiluted": -0.79, "weightedAverageShsOut": 56821000, "weightedAverageShsOutDil": 56821000, "link": "https://www.sec.gov/Archives/edgar/data/872589/000095012306010084/0000950123-06-010084-index.htm", "finalLink": "https://www.sec.gov/Archives/edgar/data/872589/000095012306010084/y23758e10vq.htm"}, {"date": "2006-03-31", "symbol": "REGN", "fillingDate": "2006-05-08", "acceptedDate": "2006-05-08 14:09:56", "period": "Q1", "revenue": 18219000, "costOfRevenue": 0.0, "grossProfit": 18219000, "grossProfitRatio": 1.0, "researchAndDevelopmentExpenses": 14587000, "generalAndAdministrativeExpenses": 5946000.0, "sellingAndMarketingExpenses": 0.0, "otherExpenses": 0.0, "operatingExpenses": 20533000, "costAndExpenses": 20533000, "interestExpense": 3011000.0, "depreciationAndAmortization": 3798000.0, "ebitda": -17865000, "ebitdaratio": -0.9805697348921456, "operatingIncome": -21663000, "operatingIncomeRatio": -1.189033426642516, "totalOtherIncomeExpensesNet": 0.0, "incomeBeforeTax": 20380000, "incomeBeforeTaxRatio": 1.1186124375651791, "incomeTaxExpense": 0.0, "netIncome": 20380000, "netIncomeRatio": 1.1186124375651791, "eps": 0.37, "epsdiluted": 0.37, "weightedAverageShsOut": 56727000, "weightedAverageShsOutDil": 56727000, "link": "https://www.sec.gov/Archives/edgar/data/872589/000095012306005880/0000950123-06-005880-index.htm", "finalLink": "https://www.sec.gov/Archives/edgar/data/872589/000095012306005880/y20581e10vq.htm"}, {"date": "2005-12-31", "symbol": "REGN", "fillingDate": "2006-02-28", "acceptedDate": "2006-02-28 15:53:12", "period": "FY", "revenue": 17424000, "costOfRevenue": 0.0, "grossProfit": 17424000, "grossProfitRatio": 1.0, "researchAndDevelopmentExpenses": 13867000, "generalAndAdministrativeExpenses": 6895000.0, "sellingAndMarketingExpenses": 0.0, "otherExpenses": 0.0, "operatingExpenses": 20762000, "costAndExpenses": 20762000, "interestExpense": 3011000.0, "depreciationAndAmortization": 3880000.0, "ebitda": -25647000, "ebitdaratio": -1.471935261707989, "operatingIncome": -29527000, "operatingIncomeRatio": -1.6946166207529845, "totalOtherIncomeExpensesNet": 0.0, "incomeBeforeTax": -161220000, "incomeBeforeTaxRatio": -9.252754820936639, "incomeTaxExpense": 0.0, "netIncome": -161220000, "netIncomeRatio": -9.252754820936639, "eps": -1.71, "epsdiluted": -1.71, "weightedAverageShsOut": 55816374, "weightedAverageShsOutDil": 55816374, "link": "https://www.sec.gov/Archives/edgar/data/872589/000095012306002365/0000950123-06-002365-index.htm", "finalLink": "https://www.sec.gov/Archives/edgar/data/872589/000095012306002365/y17762e10vk.htm"}, {"date": "2005-09-30", "symbol": "REGN", "fillingDate": "2005-11-04", "acceptedDate": "2005-11-04 10:32:26", "period": "Q3", "revenue": 16194000, "costOfRevenue": 0.0, "grossProfit": 16194000, "grossProfitRatio": 1.0, "researchAndDevelopmentExpenses": 11533000, "generalAndAdministrativeExpenses": 6219000.0, "sellingAndMarketingExpenses": 0.0, "otherExpenses": 0.0, "operatingExpenses": 17752000, "costAndExpenses": 17752000, "interestExpense": 3011000.0, "depreciationAndAmortization": 3935000.0, "ebitda": -30452000, "ebitdaratio": -1.880449549215759, "operatingIncome": -34387000, "operatingIncomeRatio": -2.123440780536001, "totalOtherIncomeExpensesNet": 0.0, "incomeBeforeTax": 34652000, "incomeBeforeTaxRatio": 2.139804865999753, "incomeTaxExpense": 0.0, "netIncome": 34652000, "netIncomeRatio": 2.139804865999753, "eps": 1.18, "epsdiluted": 1.18, "weightedAverageShsOut": 55903000, "weightedAverageShsOutDil": 55903000, "link": "https://www.sec.gov/Archives/edgar/data/872589/000095012305013081/0000950123-05-013081-index.htm", "finalLink": "https://www.sec.gov/Archives/edgar/data/872589/000095012305013081/y14141e10vq.htm"}, {"date": "2005-06-30", "symbol": "REGN", "fillingDate": "2005-08-08", "acceptedDate": "2005-08-08 15:28:52", "period": "Q2", "revenue": 16366000, "costOfRevenue": 0.0, "grossProfit": 16366000, "grossProfitRatio": 1.0, "researchAndDevelopmentExpenses": 13545000, "generalAndAdministrativeExpenses": 6216000.0, "sellingAndMarketingExpenses": 0.0, "otherExpenses": 0.0, "operatingExpenses": 19761000, "costAndExpenses": 19761000, "interestExpense": 3011000.0, "depreciationAndAmortization": 3831000.0, "ebitda": -28336000, "ebitdaratio": -1.7313943541488452, "operatingIncome": -32167000, "operatingIncomeRatio": -1.965477208847611, "totalOtherIncomeExpensesNet": 5640000.0, "incomeBeforeTax": 35245000, "incomeBeforeTaxRatio": 2.1535500427715997, "incomeTaxExpense": 0.0, "netIncome": 35245000, "netIncomeRatio": 2.1535500427715997, "eps": 0.56, "epsdiluted": 0.56, "weightedAverageShsOut": 55866000, "weightedAverageShsOutDil": 55866000, "link": "https://www.sec.gov/Archives/edgar/data/872589/000095012305009557/0000950123-05-009557-index.htm", "finalLink": "https://www.sec.gov/Archives/edgar/data/872589/000095012305009557/y11337e10vq.htm"}, {"date": "2005-03-31", "symbol": "REGN", "fillingDate": "2005-05-09", "acceptedDate": "2005-05-09 16:40:02", "period": "Q1", "revenue": 16209000, "costOfRevenue": 0.0, "grossProfit": 16209000, "grossProfitRatio": 1.0, "researchAndDevelopmentExpenses": 13502000, "generalAndAdministrativeExpenses": 6146000.0, "sellingAndMarketingExpenses": 0.0, "otherExpenses": 0.0, "operatingExpenses": 19648000, "costAndExpenses": 19648000, "interestExpense": 3013000.0, "depreciationAndAmortization": 3858000.0, "ebitda": -24482000, "ebitdaratio": -1.5103954593127276, "operatingIncome": -28340000, "operatingIncomeRatio": -1.7484113763958296, "totalOtherIncomeExpensesNet": 25000000, "incomeBeforeTax": -4123000.0, "incomeBeforeTaxRatio": -0.2543648590289345, "incomeTaxExpense": 0.0, "netIncome": -4123000.0, "netIncomeRatio": -0.2543648590289345, "eps": -0.07, "epsdiluted": -0.07, "weightedAverageShsOut": 55815000, "weightedAverageShsOutDil": 55815000, "link": "https://www.sec.gov/Archives/edgar/data/872589/000095012305005904/0000950123-05-005904-index.htm", "finalLink": "https://www.sec.gov/Archives/edgar/data/872589/000095012305005904/y08411e10vq.htm"}, {"date": "2004-12-31", "symbol": "REGN", "fillingDate": "2005-03-11", "acceptedDate": "2005-03-11 13:30:59", "period": "FY", "revenue": 47090000, "costOfRevenue": 0.0, "grossProfit": 47090000, "grossProfitRatio": 1.0, "researchAndDevelopmentExpenses": 18780000, "generalAndAdministrativeExpenses": 4853000.0, "sellingAndMarketingExpenses": 0.0, "otherExpenses": 0.0, "operatingExpenses": 23633000, "costAndExpenses": 23633000, "interestExpense": 3014000.0, "depreciationAndAmortization": 3916000.0, "ebitda": 7890000.0, "ebitdaratio": 0.1675514971331493, "operatingIncome": 3974000.0, "operatingIncomeRatio": 0.08439159057124655, "totalOtherIncomeExpensesNet": 0.0, "incomeBeforeTax": 2792000.0, "incomeBeforeTaxRatio": 0.05929071989806753, "incomeTaxExpense": 0.0, "netIncome": 2792000.0, "netIncomeRatio": 0.05929071989806753, "eps": 0.75, "epsdiluted": 0.75, "weightedAverageShsOut": 55598666, "weightedAverageShsOutDil": 55598666, "link": "https://www.sec.gov/Archives/edgar/data/872589/000095012305002979/0000950123-05-002979-index.htm", "finalLink": "https://www.sec.gov/Archives/edgar/data/872589/000095012305002979/y06183e10vk.htm"}, {"date": "2004-09-30", "symbol": "REGN", "fillingDate": "2004-11-08", "acceptedDate": "2004-11-08 16:01:25", "period": "Q3", "revenue": 36519000, "costOfRevenue": 0.0, "grossProfit": 36519000, "grossProfitRatio": 1.0, "researchAndDevelopmentExpenses": 25621000, "generalAndAdministrativeExpenses": 4184000.0, "sellingAndMarketingExpenses": 0.0, "otherExpenses": 0.0, "operatingExpenses": 29805000, "costAndExpenses": 29805000, "interestExpense": 3014000.0, "depreciationAndAmortization": 3876000.0, "ebitda": -5603000.0, "ebitdaratio": -0.15342698321421724, "operatingIncome": -9479000.0, "operatingIncomeRatio": -0.2595635148826638, "totalOtherIncomeExpensesNet": 0.0, "incomeBeforeTax": -11076000, "incomeBeforeTaxRatio": -0.30329417563460115, "incomeTaxExpense": 0.0, "netIncome": -11076000, "netIncomeRatio": -0.30329417563460115, "eps": 0.7, "epsdiluted": 0.69, "weightedAverageShsOut": 55378000, "weightedAverageShsOutDil": 56295000, "link": "https://www.sec.gov/Archives/edgar/data/872589/000095012304013173/0000950123-04-013173-index.htm", "finalLink": "https://www.sec.gov/Archives/edgar/data/872589/000095012304013173/y68305e10vq.htm"}, {"date": "2004-06-30", "symbol": "REGN", "fillingDate": "2004-08-05", "acceptedDate": "2004-08-05 09:52:59", "period": "Q2", "revenue": 28418000, "costOfRevenue": 0.0, "grossProfit": 28418000, "grossProfitRatio": 1.0, "researchAndDevelopmentExpenses": 27146000, "generalAndAdministrativeExpenses": 4235000.0, "sellingAndMarketingExpenses": 0.0, "otherExpenses": 0.0, "operatingExpenses": 31381000, "costAndExpenses": 31381000, "interestExpense": 3011000.0, "depreciationAndAmortization": 3797000.0, "ebitda": -8846000.0, "ebitdaratio": -0.3112815820958547, "operatingIncome": -12643000, "operatingIncomeRatio": -0.4448940812161306, "totalOtherIncomeExpensesNet": 0.0, "incomeBeforeTax": -14549000, "incomeBeforeTaxRatio": -0.5119642480118235, "incomeTaxExpense": 0.0, "netIncome": -14549000, "netIncomeRatio": -0.5119642480118235, "eps": 0.9, "epsdiluted": 0.88, "weightedAverageShsOut": 55333000, "weightedAverageShsOutDil": 63209000, "link": "https://www.sec.gov/Archives/edgar/data/872589/000095012304009281/0000950123-04-009281-index.htm", "finalLink": "https://www.sec.gov/Archives/edgar/data/872589/000095012304009281/y99628e10vq.htm"}, {"date": "2004-03-31", "symbol": "REGN", "fillingDate": "2004-05-06", "acceptedDate": "2004-05-06 15:36:15", "period": "Q1", "revenue": 61990000, "costOfRevenue": 0.0, "grossProfit": 61990000, "grossProfitRatio": 1.0, "researchAndDevelopmentExpenses": 41610000, "generalAndAdministrativeExpenses": 3790000.0, "sellingAndMarketingExpenses": 0.0, "otherExpenses": 0.0, "operatingExpenses": 45400000, "costAndExpenses": 45400000, "interestExpense": 3136000.0, "depreciationAndAmortization": 3773000.0, "ebitda": 27567000, "ebitdaratio": 0.4447007581868043, "operatingIncome": 23794000, "operatingIncomeRatio": 0.3838361025971931, "totalOtherIncomeExpensesNet": 42750000, "incomeBeforeTax": 64532000, "incomeBeforeTaxRatio": 1.0410066139699952, "incomeTaxExpense": 0.0, "netIncome": 64532000, "netIncomeRatio": 1.0410066139699952, "eps": 1.17, "epsdiluted": 1.06, "weightedAverageShsOut": 55283000, "weightedAverageShsOutDil": 63620000, "link": "https://www.sec.gov/Archives/edgar/data/872589/000095012304005871/0000950123-04-005871-index.htm", "finalLink": "https://www.sec.gov/Archives/edgar/data/872589/000095012304005871/y96986e10vq.htm"}, {"date": "2003-12-31", "symbol": "REGN", "fillingDate": "2004-03-12", "acceptedDate": "2004-03-12 16:01:27", "period": "FY", "revenue": 21272000, "costOfRevenue": 0.0, "grossProfit": 21272000, "grossProfitRatio": 1.0, "researchAndDevelopmentExpenses": 19121000, "generalAndAdministrativeExpenses": 4237000.0, "sellingAndMarketingExpenses": 0.0, "otherExpenses": 0.0, "operatingExpenses": 23358000, "costAndExpenses": 23358000, "interestExpense": 3106000.0, "depreciationAndAmortization": 4314000.0, "ebitda": -12825000, "ebitdaratio": -0.6029052275291463, "operatingIncome": -17139000, "operatingIncomeRatio": -0.8057070327190673, "totalOtherIncomeExpensesNet": 0.0, "incomeBeforeTax": -19377000, "incomeBeforeTaxRatio": -0.9109157578036856, "incomeTaxExpense": 0.0, "netIncome": -19377000, "netIncomeRatio": -0.9109157578036856, "eps": -2.13, "epsdiluted": -2.13, "weightedAverageShsOut": 50449765, "weightedAverageShsOutDil": 50449765, "link": "https://www.sec.gov/Archives/edgar/data/872589/000095012304003254/0000950123-04-003254-index.htm", "finalLink": "https://www.sec.gov/Archives/edgar/data/872589/000095012304003254/y94850e10vk.htm"}, {"date": "2003-09-30", "symbol": "REGN", "fillingDate": "2003-11-12", "acceptedDate": "2003-11-12 15:24:34", "period": "Q3", "revenue": 15557000, "costOfRevenue": 0.0, "grossProfit": 15557000, "grossProfitRatio": 1.0, "researchAndDevelopmentExpenses": 9047000.0, "generalAndAdministrativeExpenses": 3601000.0, "sellingAndMarketingExpenses": 0.0, "otherExpenses": 0.0, "operatingExpenses": 12648000, "costAndExpenses": 12648000, "interestExpense": 2982000.0, "depreciationAndAmortization": 3656000.0, "ebitda": -23882000, "ebitdaratio": -1.5351288808896317, "operatingIncome": -27538000, "operatingIncomeRatio": -1.770135630262904, "totalOtherIncomeExpensesNet": 0.0, "incomeBeforeTax": -146927000, "incomeBeforeTaxRatio": -9.444430160056566, "incomeTaxExpense": 0.0, "netIncome": -146927000, "netIncomeRatio": -9.444430160056566, "eps": -1.8, "epsdiluted": -1.8, "weightedAverageShsOut": 48933888, "weightedAverageShsOutDil": 48933888, "link": "https://www.sec.gov/Archives/edgar/data/872589/000095012303012534/0000950123-03-012534-index.htm", "finalLink": "https://www.sec.gov/Archives/edgar/data/872589/000095012303012534/y91481e10vq.htm"}, {"date": "2003-06-30", "symbol": "REGN", "fillingDate": "2003-08-14", "acceptedDate": "2003-08-14 11:43:32", "period": "Q2", "revenue": 10532000, "costOfRevenue": 0.0, "grossProfit": 10532000, "grossProfitRatio": 1.0, "researchAndDevelopmentExpenses": 9774000.0, "generalAndAdministrativeExpenses": 3488000.0, "sellingAndMarketingExpenses": 0.0, "otherExpenses": 0.0, "operatingExpenses": 13262000, "costAndExpenses": 13262000, "interestExpense": 2905000.0, "depreciationAndAmortization": 2679000.0, "ebitda": -24253000, "ebitdaratio": -2.3027914925939994, "operatingIncome": -26932000, "operatingIncomeRatio": -2.5571591340676036, "totalOtherIncomeExpensesNet": 0.0, "incomeBeforeTax": 28736000, "incomeBeforeTaxRatio": 2.72844663881504, "incomeTaxExpense": 0.0, "netIncome": 28736000, "netIncomeRatio": 2.72844663881504, "eps": -1.25, "epsdiluted": -1.25, "weightedAverageShsOut": -47076800, "weightedAverageShsOutDil": -47076800, "link": "https://www.sec.gov/Archives/edgar/data/872589/000095012303009451/0000950123-03-009451-index.htm", "finalLink": "https://www.sec.gov/Archives/edgar/data/872589/000095012303009451/y89131e10vq.htm"}, {"date": "2003-03-31", "symbol": "REGN", "fillingDate": "2003-05-15", "acceptedDate": "2003-05-15 13:12:05", "period": "Q1", "revenue": 10136000, "costOfRevenue": 0.0, "grossProfit": 10136000, "grossProfitRatio": 1.0, "researchAndDevelopmentExpenses": 9424000.0, "generalAndAdministrativeExpenses": 3459000.0, "sellingAndMarketingExpenses": 0.0, "otherExpenses": 0.0, "operatingExpenses": 12883000, "costAndExpenses": 12883000, "interestExpense": 2939000.0, "depreciationAndAmortization": 2288000.0, "ebitda": -26091000, "ebitdaratio": -2.5740923441199683, "operatingIncome": -28379000, "operatingIncomeRatio": -2.799822415153907, "totalOtherIncomeExpensesNet": 0.0, "incomeBeforeTax": 30110000, "incomeBeforeTaxRatio": 2.9705998421468034, "incomeTaxExpense": 0.0, "netIncome": 30110000, "netIncomeRatio": 2.9705998421468034, "eps": 0.68, "epsdiluted": 0.68, "weightedAverageShsOut": 44279411, "weightedAverageShsOutDil": 44279411, "link": "https://www.sec.gov/Archives/edgar/data/872589/000095012303006048/0000950123-03-006048-index.htm", "finalLink": "https://www.sec.gov/Archives/edgar/data/872589/000095012303006048/y86403e10vq.htm"}, {"date": "2002-12-31", "symbol": "REGN", "fillingDate": "2003-03-31", "acceptedDate": "2003-03-31 10:02:16", "period": "FY", "revenue": 15000.0, "costOfRevenue": 0.0, "grossProfit": 15000.0, "grossProfitRatio": 1.0, "researchAndDevelopmentExpenses": -1147000.0, "generalAndAdministrativeExpenses": 2925000.0, "sellingAndMarketingExpenses": 0.0, "otherExpenses": 0.0, "operatingExpenses": 1778000.0, "costAndExpenses": 1778000.0, "interestExpense": 9202000.0, "depreciationAndAmortization": 2377000.0, "ebitda": -33893000, "ebitdaratio": -2259.5333333333333, "operatingIncome": -36270000, "operatingIncomeRatio": -2418.0, "totalOtherIncomeExpensesNet": 0.0, "incomeBeforeTax": -48197000, "incomeBeforeTaxRatio": -3213.133333333333, "incomeTaxExpense": 0.0, "netIncome": -48197000, "netIncomeRatio": -3213.133333333333, "eps": -2.83, "epsdiluted": -2.83, "weightedAverageShsOut": 43949469, "weightedAverageShsOutDil": 43949469, "link": "https://www.sec.gov/Archives/edgar/data/872589/000095012303003582/0000950123-03-003582-index.htm", "finalLink": "https://www.sec.gov/Archives/edgar/data/872589/000095012303003582/y84123e10vk.htm"}]