[{"date": "2020-03-31", "symbol": "FISV", "fillingDate": "2020-05-08", "acceptedDate": "2020-05-08 16:57:56", "period": "Q1", "revenue": 3769000000, "costOfRevenue": 2167000000, "grossProfit": 1602000000, "grossProfitRatio": 0.4250464314141682, "researchAndDevelopmentExpenses": 0.0, "generalAndAdministrativeExpenses": 1404000000, "sellingAndMarketingExpenses": 0.0, "otherExpenses": 0.0, "operatingExpenses": 1404000000, "costAndExpenses": 3571000000, "interestExpense": 187000000, "depreciationAndAmortization": 279000000, "ebitda": 908000000, "ebitdaratio": 0.24091270894136377, "operatingIncome": 629000000, "operatingIncomeRatio": 0.16688776863889626, "totalOtherIncomeExpensesNet": 20000000, "incomeBeforeTax": 462000000, "incomeBeforeTaxRatio": 0.12257893340408596, "incomeTaxExpense": -79000000, "netIncome": 377000000, "netIncomeRatio": 0.10002653223666755, "eps": 0.58, "epsdiluted": 0.58, "weightedAverageShsOut": 678000000, "weightedAverageShsOutDil": 691000000, "link": "https://www.sec.gov/Archives/edgar/data/798354/000079835420000013/0000798354-20-000013-index.htm", "finalLink": "https://www.sec.gov/Archives/edgar/data/798354/000079835420000013/fisv0331202010-q.htm"}, {"date": "2019-12-31", "symbol": "FISV", "fillingDate": "2020-02-27", "acceptedDate": "2020-02-27 17:10:23", "period": "FY", "revenue": 4045000000, "costOfRevenue": 538000000, "grossProfit": 3507000000, "grossProfitRatio": 0.8669962917181706, "researchAndDevelopmentExpenses": 63000000, "generalAndAdministrativeExpenses": 1463000000, "sellingAndMarketingExpenses": 0.0, "otherExpenses": -6000000.0, "operatingExpenses": 1269000000, "costAndExpenses": 3567000000, "interestExpense": 198000000, "depreciationAndAmortization": 800000000, "ebitda": 1278000000, "ebitdaratio": 0.315945611867, "operatingIncome": 478000000, "operatingIncomeRatio": 0.118170580964, "totalOtherIncomeExpensesNet": 2000000.0, "incomeBeforeTax": 278000000, "incomeBeforeTaxRatio": 0.0687268232386, "incomeTaxExpense": 54000000, "netIncome": 247000000, "netIncomeRatio": 0.0610630407911, "eps": 0.32, "epsdiluted": 0.32, "weightedAverageShsOut": 512300000, "weightedAverageShsOutDil": 522600000, "link": "https://www.sec.gov/Archives/edgar/data/798354/000079835420000006/0000798354-20-000006-index.htm", "finalLink": "https://www.sec.gov/Archives/edgar/data/798354/000079835420000006/fisv1231201910-k.htm"}, {"date": "2019-09-30", "symbol": "FISV", "fillingDate": "2019-11-07", "acceptedDate": "2019-11-07 15:57:23", "period": "Q3", "revenue": 3128000000, "costOfRevenue": 413000000, "grossProfit": 2715000000, "grossProfitRatio": 0.8679667519181585, "researchAndDevelopmentExpenses": 0.0, "generalAndAdministrativeExpenses": 1137000000, "sellingAndMarketingExpenses": 0.0, "otherExpenses": -279000000, "operatingExpenses": 858000000, "costAndExpenses": 2754000000, "interestExpense": 186000000, "depreciationAndAmortization": 582000000, "ebitda": 956000000, "ebitdaratio": 0.305626598465, "operatingIncome": 374000000, "operatingIncomeRatio": 0.119565217391, "totalOtherIncomeExpensesNet": -6000000.0, "incomeBeforeTax": 256000000, "incomeBeforeTaxRatio": 0.0818414322251, "incomeTaxExpense": 53000000, "netIncome": 198000000, "netIncomeRatio": 0.0632992327366, "eps": 0.28, "epsdiluted": 0.27, "weightedAverageShsOut": 456300000, "weightedAverageShsOutDil": 465200000, "link": "https://www.sec.gov/Archives/edgar/data/798354/000079835419000025/0000798354-19-000025-index.htm", "finalLink": "https://www.sec.gov/Archives/edgar/data/798354/000079835419000025/fisv0930201910-q.htm"}, {"date": "2019-06-30", "symbol": "FISV", "fillingDate": "2019-07-26", "acceptedDate": "2019-07-26 13:54:18", "period": "Q2", "revenue": 1512000000, "costOfRevenue": 168000000, "grossProfit": 1344000000, "grossProfitRatio": 0.8888888888888888, "researchAndDevelopmentExpenses": 0.0, "generalAndAdministrativeExpenses": 343000000, "sellingAndMarketingExpenses": 0.0, "otherExpenses": 0.0, "operatingExpenses": 343000000, "costAndExpenses": 1128000000, "interestExpense": 64000000, "depreciationAndAmortization": 191000000, "ebitda": 575000000, "ebitdaratio": 0.380291005291, "operatingIncome": 384000000, "operatingIncomeRatio": 0.253968253968, "totalOtherIncomeExpensesNet": 8000000.0, "incomeBeforeTax": 293000000, "incomeBeforeTaxRatio": 0.193783068783, "incomeTaxExpense": 60000000, "netIncome": 223000000, "netIncomeRatio": 0.147486772487, "eps": 0.56, "epsdiluted": 0.56, "weightedAverageShsOut": 392100000, "weightedAverageShsOutDil": 399400000, "link": "https://www.sec.gov/Archives/edgar/data/798354/000079835419000019/0000798354-19-000019-index.htm", "finalLink": "https://www.sec.gov/Archives/edgar/data/798354/000079835419000019/fisv0630201910-q.htm"}, {"date": "2019-03-31", "symbol": "FISV", "fillingDate": "2019-05-01", "acceptedDate": "2019-05-01 14:42:29", "period": "Q1", "revenue": 1502000000, "costOfRevenue": 174000000, "grossProfit": 1328000000, "grossProfitRatio": 0.8841544607190412, "researchAndDevelopmentExpenses": 0.0, "generalAndAdministrativeExpenses": 341000000, "sellingAndMarketingExpenses": 0.0, "otherExpenses": 0.0, "operatingExpenses": 341000000, "costAndExpenses": 1129000000, "interestExpense": 59000000, "depreciationAndAmortization": 205000000, "ebitda": 578000000, "ebitdaratio": 0.38482023968, "operatingIncome": 373000000, "operatingIncomeRatio": 0.248335552597, "totalOtherIncomeExpensesNet": 3000000.0, "incomeBeforeTax": 256000000, "incomeBeforeTaxRatio": 0.17177097203728361, "incomeTaxExpense": 31000000, "netIncome": 225000000, "netIncomeRatio": 0.149800266312, "eps": 0.58, "epsdiluted": 0.56, "weightedAverageShsOut": 391700000, "weightedAverageShsOutDil": 399100000, "link": "https://www.sec.gov/Archives/edgar/data/798354/000079835419000009/0000798354-19-000009-index.htm", "finalLink": "https://www.sec.gov/Archives/edgar/data/798354/000079835419000009/fisv0331201910-q.htm"}, {"date": "2018-12-31", "symbol": "FISV", "fillingDate": "2019-02-21", "acceptedDate": "2019-02-21 17:08:31", "period": "FY", "revenue": 1551000000, "costOfRevenue": 194000000, "grossProfit": 1357000000, "grossProfitRatio": 0.8749194068343005, "researchAndDevelopmentExpenses": 0.0, "generalAndAdministrativeExpenses": 298000000, "sellingAndMarketingExpenses": 0.0, "otherExpenses": 0.0, "operatingExpenses": 298000000, "costAndExpenses": 1120000000, "interestExpense": 56000000, "depreciationAndAmortization": 150000000, "ebitda": 581000000, "ebitdaratio": 0.374597034172, "operatingIncome": 431000000, "operatingIncomeRatio": 0.277885235332, "totalOtherIncomeExpensesNet": 3000000.0, "incomeBeforeTax": 374000000, "incomeBeforeTaxRatio": 0.241134751773, "incomeTaxExpense": 88000000, "netIncome": 286000000, "netIncomeRatio": 0.184397163121, "eps": 0.72, "epsdiluted": 0.71, "weightedAverageShsOut": 405500000, "weightedAverageShsOutDil": 413700000, "link": "https://www.sec.gov/Archives/edgar/data/798354/000079835419000005/0000798354-19-000005-index.htm", "finalLink": "https://www.sec.gov/Archives/edgar/data/798354/000079835419000005/fisv1231201810-k.htm"}, {"date": "2018-09-30", "symbol": "FISV", "fillingDate": "2018-11-01", "acceptedDate": "2018-11-01 17:08:41", "period": "Q3", "revenue": 1412000000, "costOfRevenue": 181000000, "grossProfit": 1231000000, "grossProfitRatio": 0.8718130311614731, "researchAndDevelopmentExpenses": 0.0, "generalAndAdministrativeExpenses": 305000000, "sellingAndMarketingExpenses": 0.0, "otherExpenses": 0.0, "operatingExpenses": 305000000, "costAndExpenses": 1056000000, "interestExpense": 47000000, "depreciationAndAmortization": 136000000, "ebitda": 492000000, "ebitdaratio": 0.348441926346, "operatingIncome": 356000000, "operatingIncomeRatio": 0.252124645892, "totalOtherIncomeExpensesNet": 3000000.0, "incomeBeforeTax": 305000000, "incomeBeforeTaxRatio": 0.216005665722, "incomeTaxExpense": 78000000, "netIncome": 227000000, "netIncomeRatio": 0.160764872521, "eps": 0.57, "epsdiluted": 0.55, "weightedAverageShsOut": 408400000, "weightedAverageShsOutDil": 416600000, "link": "https://www.sec.gov/Archives/edgar/data/798354/000079835418000021/0000798354-18-000021-index.htm", "finalLink": "https://www.sec.gov/Archives/edgar/data/798354/000079835418000021/fisv0930201810-q.htm"}, {"date": "2018-06-30", "symbol": "FISV", "fillingDate": "2018-08-01", "acceptedDate": "2018-08-01 16:17:58", "period": "Q2", "revenue": 1420000000, "costOfRevenue": 179000000, "grossProfit": 1241000000, "grossProfitRatio": 0.8739436619718309, "researchAndDevelopmentExpenses": 0.0, "generalAndAdministrativeExpenses": 320000000, "sellingAndMarketingExpenses": 0.0, "otherExpenses": 0.0, "operatingExpenses": 320000000, "costAndExpenses": 1062000000, "interestExpense": 45000000, "depreciationAndAmortization": 136000000, "ebitda": 494000000, "ebitdaratio": 0.347887323944, "operatingIncome": 358000000, "operatingIncomeRatio": 0.252112676056, "totalOtherIncomeExpensesNet": 3000000.0, "incomeBeforeTax": 323000000, "incomeBeforeTaxRatio": 0.227464788732, "incomeTaxExpense": 72000000, "netIncome": 251000000, "netIncomeRatio": 0.17676056338, "eps": 0.62, "epsdiluted": 0.61, "weightedAverageShsOut": 410700000, "weightedAverageShsOutDil": 419000000, "link": "https://www.sec.gov/Archives/edgar/data/798354/000079835418000017/0000798354-18-000017-index.htm", "finalLink": "https://www.sec.gov/Archives/edgar/data/798354/000079835418000017/fisv0630201810-q.htm"}, {"date": "2018-03-31", "symbol": "FISV", "fillingDate": "2018-05-02", "acceptedDate": "2018-05-02 17:11:45", "period": "Q1", "revenue": 1440000000, "costOfRevenue": 191000000, "grossProfit": 1249000000, "grossProfitRatio": 0.8673611111111111, "researchAndDevelopmentExpenses": 0.0, "generalAndAdministrativeExpenses": 305000000, "sellingAndMarketingExpenses": 0.0, "otherExpenses": 0.0, "operatingExpenses": 305000000, "costAndExpenses": 832000000, "interestExpense": 45000000, "depreciationAndAmortization": 134000000, "ebitda": 742000000, "ebitdaratio": 0.515277777778, "operatingIncome": 608000000, "operatingIncomeRatio": 0.422222222222, "totalOtherIncomeExpensesNet": 0.0, "incomeBeforeTax": 563000000, "incomeBeforeTaxRatio": 0.3909722222222222, "incomeTaxExpense": 140000000, "netIncome": 423000000, "netIncomeRatio": 0.29375, "eps": 1.02, "epsdiluted": 1.0, "weightedAverageShsOut": 413100000, "weightedAverageShsOutDil": 421600000, "link": "https://www.sec.gov/Archives/edgar/data/798354/000079835418000009/0000798354-18-000009-index.htm", "finalLink": "https://www.sec.gov/Archives/edgar/data/798354/000079835418000009/fisv0331201810-q.htm"}, {"date": "2017-12-31", "symbol": "FISV", "fillingDate": "2018-02-22", "acceptedDate": "2018-02-22 17:17:45", "period": "FY", "revenue": 1516000000, "costOfRevenue": 202000000, "grossProfit": 1314000000, "grossProfitRatio": 0.866754617414248, "researchAndDevelopmentExpenses": 0.0, "generalAndAdministrativeExpenses": 313000000, "sellingAndMarketingExpenses": 0.0, "otherExpenses": 0.0, "operatingExpenses": 313000000, "costAndExpenses": 1091000000, "interestExpense": 45000000, "depreciationAndAmortization": 111000000, "ebitda": 536000000, "ebitdaratio": 0.353562005277, "operatingIncome": 425000000, "operatingIncomeRatio": 0.280343007916, "totalOtherIncomeExpensesNet": 0.0, "incomeBeforeTax": 380000000, "incomeBeforeTaxRatio": 0.250659630607, "incomeTaxExpense": 151000000, "netIncome": 546000000, "netIncomeRatio": 0.360158311346, "eps": 2.6, "epsdiluted": 2.55, "weightedAverageShsOut": 211100000, "weightedAverageShsOutDil": 215600000, "link": "https://www.sec.gov/Archives/edgar/data/798354/000079835418000005/0000798354-18-000005-index.htm", "finalLink": "https://www.sec.gov/Archives/edgar/data/798354/000079835418000005/fisv1231201710-k.htm"}, {"date": "2017-09-30", "symbol": "FISV", "fillingDate": "2017-11-01", "acceptedDate": "2017-11-01 16:42:25", "period": "Q3", "revenue": 1400000000, "costOfRevenue": 174000000, "grossProfit": 1226000000, "grossProfitRatio": 0.8757142857142857, "researchAndDevelopmentExpenses": 0.0, "generalAndAdministrativeExpenses": 284000000, "sellingAndMarketingExpenses": 0.0, "otherExpenses": 0.0, "operatingExpenses": 284000000, "costAndExpenses": 1030000000, "interestExpense": 45000000, "depreciationAndAmortization": 107000000, "ebitda": 477000000, "ebitdaratio": 0.340714285714, "operatingIncome": 370000000, "operatingIncomeRatio": 0.264285714286, "totalOtherIncomeExpensesNet": 0.0, "incomeBeforeTax": 325000000, "incomeBeforeTaxRatio": 0.232142857143, "incomeTaxExpense": 98000000, "netIncome": 232000000, "netIncomeRatio": 0.165714285714, "eps": 1.1, "epsdiluted": 1.08, "weightedAverageShsOut": 212100000, "weightedAverageShsOutDil": 216700000, "link": "https://www.sec.gov/Archives/edgar/data/798354/000079835417000023/0000798354-17-000023-index.htm", "finalLink": "https://www.sec.gov/Archives/edgar/data/798354/000079835417000023/fisv0930201710-q.htm"}, {"date": "2017-06-30", "symbol": "FISV", "fillingDate": "2017-08-02", "acceptedDate": "2017-08-02 15:31:57", "period": "Q2", "revenue": 1386000000, "costOfRevenue": 175000000, "grossProfit": 1211000000, "grossProfitRatio": 0.8737373737373737, "researchAndDevelopmentExpenses": 0.0, "generalAndAdministrativeExpenses": 276000000, "sellingAndMarketingExpenses": 0.0, "otherExpenses": 0.0, "operatingExpenses": 276000000, "costAndExpenses": 1014000000, "interestExpense": 44000000, "depreciationAndAmortization": 109000000, "ebitda": 481000000, "ebitdaratio": 0.347041847042, "operatingIncome": 372000000, "operatingIncomeRatio": 0.268398268398, "totalOtherIncomeExpensesNet": 0.0, "incomeBeforeTax": 330000000, "incomeBeforeTaxRatio": 0.238095238095, "incomeTaxExpense": 109000000, "netIncome": 221000000, "netIncomeRatio": 0.159451659452, "eps": 1.05, "epsdiluted": 1.02, "weightedAverageShsOut": 213200000, "weightedAverageShsOutDil": 217800000, "link": "https://www.sec.gov/Archives/edgar/data/798354/000079835417000019/0000798354-17-000019-index.htm", "finalLink": "https://www.sec.gov/Archives/edgar/data/798354/000079835417000019/fisv0630201710-q.htm"}, {"date": "2017-03-31", "symbol": "FISV", "fillingDate": "2017-04-27", "acceptedDate": "2017-04-27 15:44:44", "period": "Q1", "revenue": 1394000000, "costOfRevenue": 182000000, "grossProfit": 1212000000, "grossProfitRatio": 0.8694404591104734, "researchAndDevelopmentExpenses": 0.0, "generalAndAdministrativeExpenses": 277000000, "sellingAndMarketingExpenses": 0.0, "otherExpenses": 0.0, "operatingExpenses": 277000000, "costAndExpenses": 1029000000, "interestExpense": 42000000, "depreciationAndAmortization": 106000000, "ebitda": 471000000, "ebitdaratio": 0.33787661406, "operatingIncome": 365000000, "operatingIncomeRatio": 0.261836441894, "totalOtherIncomeExpensesNet": 0.0, "incomeBeforeTax": 323000000, "incomeBeforeTaxRatio": 0.231707317073, "incomeTaxExpense": 102000000, "netIncome": 247000000, "netIncomeRatio": 0.17718794835, "eps": 1.15, "epsdiluted": 1.13, "weightedAverageShsOut": 214500000, "weightedAverageShsOutDil": 219200000, "link": "https://www.sec.gov/Archives/edgar/data/798354/000079835417000011/0000798354-17-000011-index.htm", "finalLink": "https://www.sec.gov/Archives/edgar/data/798354/000079835417000011/fisv0331201710-q.htm"}, {"date": "2016-12-31", "symbol": "FISV", "fillingDate": "2017-02-23", "acceptedDate": "2017-02-23 16:49:12", "period": "FY", "revenue": 1431000000, "costOfRevenue": 200000000, "grossProfit": 1231000000, "grossProfitRatio": 0.8602375960866527, "researchAndDevelopmentExpenses": 0.0, "generalAndAdministrativeExpenses": 295000000, "sellingAndMarketingExpenses": 0.0, "otherExpenses": 0.0, "operatingExpenses": 295000000, "costAndExpenses": 1056000000, "interestExpense": 42000000, "depreciationAndAmortization": 105000000, "ebitda": 480000000, "ebitdaratio": 0.335429769392, "operatingIncome": 375000000, "operatingIncomeRatio": 0.262054507338, "totalOtherIncomeExpensesNet": 0.0, "incomeBeforeTax": 333000000, "incomeBeforeTaxRatio": 0.232704402516, "incomeTaxExpense": 119000000, "netIncome": 215000000, "netIncomeRatio": 0.150244584207, "eps": 0.99, "epsdiluted": 0.97, "weightedAverageShsOut": 220300000, "weightedAverageShsOutDil": 223900000, "link": "https://www.sec.gov/Archives/edgar/data/798354/000079835417000006/0000798354-17-000006-index.htm", "finalLink": "https://www.sec.gov/Archives/edgar/data/798354/000079835417000006/fisv1231201610-k.htm"}, {"date": "2016-09-30", "symbol": "FISV", "fillingDate": "2016-10-27", "acceptedDate": "2016-10-27 14:17:49", "period": "Q3", "revenue": 1380000000, "costOfRevenue": 186000000, "grossProfit": 1194000000, "grossProfitRatio": 0.8652173913043478, "researchAndDevelopmentExpenses": 0.0, "generalAndAdministrativeExpenses": 274000000, "sellingAndMarketingExpenses": 0.0, "otherExpenses": 0.0, "operatingExpenses": 274000000, "costAndExpenses": 1011000000, "interestExpense": 41000000, "depreciationAndAmortization": 104000000, "ebitda": 473000000, "ebitdaratio": 0.342753623188, "operatingIncome": 369000000, "operatingIncomeRatio": 0.267391304348, "totalOtherIncomeExpensesNet": 0.0, "incomeBeforeTax": 328000000, "incomeBeforeTaxRatio": 0.23768115942, "incomeTaxExpense": 114000000, "netIncome": 214000000, "netIncomeRatio": 0.155072463768, "eps": 0.98, "epsdiluted": 0.97, "weightedAverageShsOut": 221600000, "weightedAverageShsOutDil": 225200000, "link": "https://www.sec.gov/Archives/edgar/data/798354/000079835416000022/0000798354-16-000022-index.htm", "finalLink": "https://www.sec.gov/Archives/edgar/data/798354/000079835416000022/fisv0930201610-q.htm"}, {"date": "2016-06-30", "symbol": "FISV", "fillingDate": "2016-08-03", "acceptedDate": "2016-08-03 15:13:37", "period": "Q2", "revenue": 1363000000, "costOfRevenue": 180000000, "grossProfit": 1183000000, "grossProfitRatio": 0.8679383712399119, "researchAndDevelopmentExpenses": 0.0, "generalAndAdministrativeExpenses": 274000000, "sellingAndMarketingExpenses": 0.0, "otherExpenses": 0.0, "operatingExpenses": 274000000, "costAndExpenses": 1001000000, "interestExpense": 40000000, "depreciationAndAmortization": 102000000, "ebitda": 464000000, "ebitdaratio": 0.340425531915, "operatingIncome": 362000000, "operatingIncomeRatio": 0.265590608951, "totalOtherIncomeExpensesNet": 0.0, "incomeBeforeTax": 322000000, "incomeBeforeTaxRatio": 0.236243580337, "incomeTaxExpense": 110000000, "netIncome": 212000000, "netIncomeRatio": 0.155539251651, "eps": 0.95, "epsdiluted": 0.94, "weightedAverageShsOut": 222800000, "weightedAverageShsOutDil": 226500000, "link": "https://www.sec.gov/Archives/edgar/data/798354/000079835416000017/0000798354-16-000017-index.htm", "finalLink": "https://www.sec.gov/Archives/edgar/data/798354/000079835416000017/fisv0630201610-q.htm"}, {"date": "2016-03-31", "symbol": "FISV", "fillingDate": "2016-05-06", "acceptedDate": "2016-05-06 15:52:07", "period": "Q1", "revenue": 1331000000, "costOfRevenue": 181000000, "grossProfit": 1150000000, "grossProfitRatio": 0.8640120210368144, "researchAndDevelopmentExpenses": 0.0, "generalAndAdministrativeExpenses": 258000000, "sellingAndMarketingExpenses": 0.0, "otherExpenses": 0.0, "operatingExpenses": 258000000, "costAndExpenses": 992000000, "interestExpense": 40000000, "depreciationAndAmortization": 100000000, "ebitda": 439000000, "ebitdaratio": 0.329827197596, "operatingIncome": 339000000, "operatingIncomeRatio": 0.254695717506, "totalOtherIncomeExpensesNet": 0.0, "incomeBeforeTax": 292000000, "incomeBeforeTaxRatio": 0.219383921863, "incomeTaxExpense": 149000000, "netIncome": 289000000, "netIncomeRatio": 0.217129977461, "eps": 1.3, "epsdiluted": 1.27, "weightedAverageShsOut": 223500000, "weightedAverageShsOutDil": 227300000, "link": "https://www.sec.gov/Archives/edgar/data/798354/000079835416000008/0000798354-16-000008-index.htm", "finalLink": "https://www.sec.gov/Archives/edgar/data/798354/000079835416000008/fisv0331201610-q.htm"}, {"date": "2015-12-31", "symbol": "FISV", "fillingDate": "2016-02-19", "acceptedDate": "2016-02-19 16:54:19", "period": "FY", "revenue": 1368000000, "costOfRevenue": 210000000, "grossProfit": 1158000000, "grossProfitRatio": 0.8464912280701754, "researchAndDevelopmentExpenses": 0.0, "generalAndAdministrativeExpenses": 276000000, "sellingAndMarketingExpenses": 0.0, "otherExpenses": 0.0, "operatingExpenses": 276000000, "costAndExpenses": 1039000000, "interestExpense": 38000000, "depreciationAndAmortization": 105000000, "ebitda": 434000000, "ebitdaratio": 0.317251461988, "operatingIncome": 329000000, "operatingIncomeRatio": 0.240497076023, "totalOtherIncomeExpensesNet": 0.0, "incomeBeforeTax": 290000000, "incomeBeforeTaxRatio": 0.211988304094, "incomeTaxExpense": 98000000, "netIncome": 189000000, "netIncomeRatio": 0.138157894737, "eps": 0.82, "epsdiluted": 0.81, "weightedAverageShsOut": 233900000, "weightedAverageShsOutDil": 238000000, "link": "https://www.sec.gov/Archives/edgar/data/798354/000162828016011435/0001628280-16-011435-index.htm", "finalLink": "https://www.sec.gov/Archives/edgar/data/798354/000162828016011435/fisv-12312015x10k.htm"}, {"date": "2015-09-30", "symbol": "FISV", "fillingDate": "2015-10-28", "acceptedDate": "2015-10-28 15:23:58", "period": "Q3", "revenue": 1313000000, "costOfRevenue": 172000000, "grossProfit": 1141000000, "grossProfitRatio": 0.869002284843869, "researchAndDevelopmentExpenses": 0.0, "generalAndAdministrativeExpenses": 258000000, "sellingAndMarketingExpenses": 0.0, "otherExpenses": 0.0, "operatingExpenses": 258000000, "costAndExpenses": 971000000, "interestExpense": 41000000, "depreciationAndAmortization": 106000000, "ebitda": 448000000, "ebitdaratio": 0.341203351104, "operatingIncome": 342000000, "operatingIncomeRatio": 0.260472201066, "totalOtherIncomeExpensesNet": 0.0, "incomeBeforeTax": 300000000, "incomeBeforeTaxRatio": 0.2284843869, "incomeTaxExpense": 117000000, "netIncome": 218000000, "netIncomeRatio": 0.166031987814, "eps": 0.94, "epsdiluted": 0.92, "weightedAverageShsOut": 236000000, "weightedAverageShsOutDil": 240100000, "link": "https://www.sec.gov/Archives/edgar/data/798354/000162828015007937/0001628280-15-007937-index.htm", "finalLink": "https://www.sec.gov/Archives/edgar/data/798354/000162828015007937/fisv0930201510-q.htm"}, {"date": "2015-06-30", "symbol": "FISV", "fillingDate": "2015-07-30", "acceptedDate": "2015-07-30 16:01:52", "period": "Q2", "revenue": 1298000000, "costOfRevenue": 168000000, "grossProfit": 1130000000, "grossProfitRatio": 0.8705701078582434, "researchAndDevelopmentExpenses": 0.0, "generalAndAdministrativeExpenses": 262000000, "sellingAndMarketingExpenses": 0.0, "otherExpenses": 0.0, "operatingExpenses": 262000000, "costAndExpenses": 972000000, "interestExpense": 49000000, "depreciationAndAmortization": 104000000, "ebitda": 430000000, "ebitdaratio": 0.331278890601, "operatingIncome": 326000000, "operatingIncomeRatio": 0.251155624037, "totalOtherIncomeExpensesNet": 0.0, "incomeBeforeTax": 193000000, "incomeBeforeTaxRatio": 0.148690292758, "incomeTaxExpense": 66000000, "netIncome": 127000000, "netIncomeRatio": 0.097842835131, "eps": 0.53, "epsdiluted": 0.53, "weightedAverageShsOut": 237600000, "weightedAverageShsOutDil": 241700000, "link": "https://www.sec.gov/Archives/edgar/data/798354/000119312515270747/0001193125-15-270747-index.htm", "finalLink": "https://www.sec.gov/Archives/edgar/data/798354/000119312515270747/d940903d10q.htm"}, {"date": "2015-03-31", "symbol": "FISV", "fillingDate": "2015-05-06", "acceptedDate": "2015-05-06 15:44:26", "period": "Q1", "revenue": 1275000000, "costOfRevenue": 181000000, "grossProfit": 1094000000, "grossProfitRatio": 0.8580392156862745, "researchAndDevelopmentExpenses": 0.0, "generalAndAdministrativeExpenses": 238000000, "sellingAndMarketingExpenses": 0.0, "otherExpenses": 0.0, "operatingExpenses": 238000000, "costAndExpenses": 961000000, "interestExpense": 41000000, "depreciationAndAmortization": 102000000, "ebitda": 416000000, "ebitdaratio": 0.326274509804, "operatingIncome": 314000000, "operatingIncomeRatio": 0.246274509804, "totalOtherIncomeExpensesNet": 0.0, "incomeBeforeTax": 274000000, "incomeBeforeTaxRatio": 0.21490196078431373, "incomeTaxExpense": 96000000, "netIncome": 178000000, "netIncomeRatio": 0.139607843137, "eps": 0.75, "epsdiluted": 0.73, "weightedAverageShsOut": 238800000, "weightedAverageShsOutDil": 243000000, "link": "https://www.sec.gov/Archives/edgar/data/798354/000119312515174385/0001193125-15-174385-index.htm", "finalLink": "https://www.sec.gov/Archives/edgar/data/798354/000119312515174385/d896483d10q.htm"}, {"date": "2014-12-31", "symbol": "FISV", "fillingDate": "2015-02-20", "acceptedDate": "2015-02-20 16:13:12", "period": "FY", "revenue": 1316000000, "costOfRevenue": 198000000, "grossProfit": 1118000000, "grossProfitRatio": 0.8495440729483282, "researchAndDevelopmentExpenses": 0.0, "generalAndAdministrativeExpenses": 247000000, "sellingAndMarketingExpenses": 0.0, "otherExpenses": 0.0, "operatingExpenses": 247000000, "costAndExpenses": 999000000, "interestExpense": 41000000, "depreciationAndAmortization": 104000000, "ebitda": 421000000, "ebitdaratio": 0.31990881459, "operatingIncome": 317000000, "operatingIncomeRatio": 0.240881458967, "totalOtherIncomeExpensesNet": 0.0, "incomeBeforeTax": 278000000, "incomeBeforeTaxRatio": 0.211246200608, "incomeTaxExpense": 97000000, "netIncome": 181000000, "netIncomeRatio": 0.137537993921, "eps": 0.74, "epsdiluted": 0.73, "weightedAverageShsOut": 248600000, "weightedAverageShsOutDil": 252700000, "link": "https://www.sec.gov/Archives/edgar/data/798354/000119312515056319/0001193125-15-056319-index.htm", "finalLink": "https://www.sec.gov/Archives/edgar/data/798354/000119312515056319/d825180d10k.htm"}, {"date": "2014-09-30", "symbol": "FISV", "fillingDate": "2014-10-29", "acceptedDate": "2014-10-29 16:59:59", "period": "Q3", "revenue": 1263000000, "costOfRevenue": 168000000, "grossProfit": 1095000000, "grossProfitRatio": 0.8669833729216152, "researchAndDevelopmentExpenses": 0.0, "generalAndAdministrativeExpenses": 243000000, "sellingAndMarketingExpenses": 0.0, "otherExpenses": 0.0, "operatingExpenses": 243000000, "costAndExpenses": 948000000, "interestExpense": 41000000, "depreciationAndAmortization": 101000000, "ebitda": 416000000, "ebitdaratio": 0.329374505146, "operatingIncome": 315000000, "operatingIncomeRatio": 0.249406175772, "totalOtherIncomeExpensesNet": 0.0, "incomeBeforeTax": 359000000, "incomeBeforeTaxRatio": 0.284243863816, "incomeTaxExpense": 120000000, "netIncome": 239000000, "netIncomeRatio": 0.189231987332, "eps": 0.96, "epsdiluted": 0.95, "weightedAverageShsOut": 250500000, "weightedAverageShsOutDil": 254600000, "link": "https://www.sec.gov/Archives/edgar/data/798354/000119312514387385/0001193125-14-387385-index.htm", "finalLink": "https://www.sec.gov/Archives/edgar/data/798354/000119312514387385/d779981d10q.htm"}, {"date": "2014-06-30", "symbol": "FISV", "fillingDate": "2014-07-30", "acceptedDate": "2014-07-30 16:06:04", "period": "Q2", "revenue": 1253000000, "costOfRevenue": 171000000, "grossProfit": 1082000000, "grossProfitRatio": 0.8635275339185954, "researchAndDevelopmentExpenses": 0.0, "generalAndAdministrativeExpenses": 243000000, "sellingAndMarketingExpenses": 0.0, "otherExpenses": 0.0, "operatingExpenses": 243000000, "costAndExpenses": 946000000, "interestExpense": 41000000, "depreciationAndAmortization": 99000000, "ebitda": 406000000, "ebitdaratio": 0.324022346369, "operatingIncome": 307000000, "operatingIncomeRatio": 0.245011971269, "totalOtherIncomeExpensesNet": 0.0, "incomeBeforeTax": 267000000, "incomeBeforeTaxRatio": 0.21308858739, "incomeTaxExpense": 101000000, "netIncome": 166000000, "netIncomeRatio": 0.132482043097, "eps": 0.67, "epsdiluted": 0.65, "weightedAverageShsOut": 251900000, "weightedAverageShsOutDil": 256000000, "link": "https://www.sec.gov/Archives/edgar/data/798354/000119312514286896/0001193125-14-286896-index.htm", "finalLink": "https://www.sec.gov/Archives/edgar/data/798354/000119312514286896/d732279d10q.htm"}, {"date": "2014-03-31", "symbol": "FISV", "fillingDate": "2014-04-30", "acceptedDate": "2014-04-30 15:50:13", "period": "Q1", "revenue": 1234000000, "costOfRevenue": 180000000, "grossProfit": 1054000000, "grossProfitRatio": 0.8541329011345219, "researchAndDevelopmentExpenses": 0.0, "generalAndAdministrativeExpenses": 242000000, "sellingAndMarketingExpenses": 0.0, "otherExpenses": 0.0, "operatingExpenses": 242000000, "costAndExpenses": 963000000, "interestExpense": 41000000, "depreciationAndAmortization": 100000000, "ebitda": 371000000, "ebitdaratio": 0.300648298217, "operatingIncome": 271000000, "operatingIncomeRatio": 0.21961102107, "totalOtherIncomeExpensesNet": 0.0, "incomeBeforeTax": 234000000, "incomeBeforeTaxRatio": 0.18638573743922204, "incomeTaxExpense": 66000000, "netIncome": 168000000, "netIncomeRatio": 0.136142625608, "eps": 0.66, "epsdiluted": 0.65, "weightedAverageShsOut": 254400000, "weightedAverageShsOutDil": 258600000, "link": "https://www.sec.gov/Archives/edgar/data/798354/000119312514171890/0001193125-14-171890-index.htm", "finalLink": "https://www.sec.gov/Archives/edgar/data/798354/000119312514171890/d689420d10q.htm"}, {"date": "2013-12-31", "symbol": "FISV", "fillingDate": "2014-02-20", "acceptedDate": "2014-02-20 16:55:08", "period": "FY", "revenue": 1263000000, "costOfRevenue": 184000000, "grossProfit": 1079000000, "grossProfitRatio": 0.8543151227236738, "researchAndDevelopmentExpenses": 0.0, "generalAndAdministrativeExpenses": 266000000, "sellingAndMarketingExpenses": 0.0, "otherExpenses": 0.0, "operatingExpenses": 266000000, "costAndExpenses": 966000000, "interestExpense": 41000000, "depreciationAndAmortization": 102000000, "ebitda": 399000000, "ebitdaratio": 0.315914489311, "operatingIncome": 297000000, "operatingIncomeRatio": 0.235154394299, "totalOtherIncomeExpensesNet": 0.0, "incomeBeforeTax": 335000000, "incomeBeforeTaxRatio": 0.265241488519, "incomeTaxExpense": 110000000, "netIncome": 221000000, "netIncomeRatio": 0.174980205859, "eps": -0.77, "epsdiluted": -0.75, "weightedAverageShsOut": 262400000, "weightedAverageShsOutDil": 266100000, "link": "https://www.sec.gov/Archives/edgar/data/798354/000119312514060861/0001193125-14-060861-index.htm", "finalLink": "https://www.sec.gov/Archives/edgar/data/798354/000119312514060861/d639873d10k.htm"}, {"date": "2013-09-30", "symbol": "FISV", "fillingDate": "2013-10-30", "acceptedDate": "2013-10-30 13:54:57", "period": "Q3", "revenue": 1201000000, "costOfRevenue": 164000000, "grossProfit": 1037000000, "grossProfitRatio": 0.8634471273938384, "researchAndDevelopmentExpenses": 0.0, "generalAndAdministrativeExpenses": 237000000, "sellingAndMarketingExpenses": 0.0, "otherExpenses": 0.0, "operatingExpenses": 237000000, "costAndExpenses": 921000000, "interestExpense": 41000000, "depreciationAndAmortization": 101000000, "ebitda": 381000000, "ebitdaratio": 0.317235636969, "operatingIncome": 280000000, "operatingIncomeRatio": 0.233139050791, "totalOtherIncomeExpensesNet": 0.0, "incomeBeforeTax": 239000000, "incomeBeforeTaxRatio": 0.199000832639, "incomeTaxExpense": 79000000, "netIncome": 159000000, "netIncomeRatio": 0.132389675271, "eps": 1.22, "epsdiluted": 1.2, "weightedAverageShsOut": 132000000, "weightedAverageShsOutDil": 133800000, "link": "https://www.sec.gov/Archives/edgar/data/798354/000119312513418089/0001193125-13-418089-index.htm", "finalLink": "https://www.sec.gov/Archives/edgar/data/798354/000119312513418089/d592986d10q.htm"}, {"date": "2013-06-30", "symbol": "FISV", "fillingDate": "2013-07-31", "acceptedDate": "2013-07-31 15:56:59", "period": "Q2", "revenue": 1198000000, "costOfRevenue": 157000000, "grossProfit": 1041000000, "grossProfitRatio": 0.8689482470784641, "researchAndDevelopmentExpenses": 0.0, "generalAndAdministrativeExpenses": 245000000, "sellingAndMarketingExpenses": 0.0, "otherExpenses": 0.0, "operatingExpenses": 245000000, "costAndExpenses": 925000000, "interestExpense": 41000000, "depreciationAndAmortization": 103000000, "ebitda": 376000000, "ebitdaratio": 0.313856427379, "operatingIncome": 273000000, "operatingIncomeRatio": 0.227879799666, "totalOtherIncomeExpensesNet": 0.0, "incomeBeforeTax": 232000000, "incomeBeforeTaxRatio": 0.193656093489, "incomeTaxExpense": 81000000, "netIncome": 151000000, "netIncomeRatio": 0.126043405676, "eps": 1.14, "epsdiluted": 1.13, "weightedAverageShsOut": 133000000, "weightedAverageShsOutDil": 134700000, "link": "https://www.sec.gov/Archives/edgar/data/798354/000119312513312502/0001193125-13-312502-index.htm", "finalLink": "https://www.sec.gov/Archives/edgar/data/798354/000119312513312502/d551905d10q.htm"}, {"date": "2013-03-31", "symbol": "FISV", "fillingDate": "2013-05-01", "acceptedDate": "2013-05-01 15:15:17", "period": "Q1", "revenue": 1152000000, "costOfRevenue": 190000000, "grossProfit": 962000000, "grossProfitRatio": 0.8350694444444444, "researchAndDevelopmentExpenses": 0.0, "generalAndAdministrativeExpenses": 229000000, "sellingAndMarketingExpenses": 0.0, "otherExpenses": 0.0, "operatingExpenses": 229000000, "costAndExpenses": 941000000, "interestExpense": 41000000, "depreciationAndAmortization": 97000000, "ebitda": 308000000, "ebitdaratio": 0.267361111111, "operatingIncome": 211000000, "operatingIncomeRatio": 0.183159722222, "totalOtherIncomeExpensesNet": 0.0, "incomeBeforeTax": 170000000, "incomeBeforeTaxRatio": 0.147569444444, "incomeTaxExpense": 58000000, "netIncome": 117000000, "netIncomeRatio": 0.1015625, "eps": 0.88, "epsdiluted": 0.86, "weightedAverageShsOut": 133400000, "weightedAverageShsOutDil": 135100000, "link": "https://www.sec.gov/Archives/edgar/data/798354/000119312513192051/0001193125-13-192051-index.htm", "finalLink": "https://www.sec.gov/Archives/edgar/data/798354/000119312513192051/d511868d10q.htm"}, {"date": "2012-12-31", "symbol": "FISV", "fillingDate": "2013-02-22", "acceptedDate": "2013-02-22 16:37:10", "period": "FY", "revenue": 1156000000, "costOfRevenue": 164000000, "grossProfit": 992000000, "grossProfitRatio": 0.8581314878892734, "researchAndDevelopmentExpenses": 0.0, "generalAndAdministrativeExpenses": 210000000, "sellingAndMarketingExpenses": 0.0, "otherExpenses": 0.0, "operatingExpenses": 210000000, "costAndExpenses": 867000000, "interestExpense": 39000000, "depreciationAndAmortization": 89000000, "ebitda": 378000000, "ebitdaratio": 0.326989619377, "operatingIncome": 289000000, "operatingIncomeRatio": 0.25, "totalOtherIncomeExpensesNet": 0.0, "incomeBeforeTax": 251000000, "incomeBeforeTaxRatio": 0.217128027682, "incomeTaxExpense": 94000000, "netIncome": 179000000, "netIncomeRatio": 0.154844290657, "eps": 1.34, "epsdiluted": 1.32, "weightedAverageShsOut": 135800000, "weightedAverageShsOutDil": 137500000, "link": "https://www.sec.gov/Archives/edgar/data/798354/000119312513071589/0001193125-13-071589-index.htm", "finalLink": "https://www.sec.gov/Archives/edgar/data/798354/000119312513071589/d453032d10k.htm"}, {"date": "2012-09-30", "symbol": "FISV", "fillingDate": "2012-10-31", "acceptedDate": "2012-10-31 14:04:56", "period": "Q3", "revenue": 1118000000, "costOfRevenue": 150000000, "grossProfit": 968000000, "grossProfitRatio": 0.8658318425760286, "researchAndDevelopmentExpenses": 0.0, "generalAndAdministrativeExpenses": 207000000, "sellingAndMarketingExpenses": 0.0, "otherExpenses": 0.0, "operatingExpenses": 207000000, "costAndExpenses": 851000000, "interestExpense": 48000000, "depreciationAndAmortization": 90000000, "ebitda": 357000000, "ebitdaratio": 0.319320214669, "operatingIncome": 267000000, "operatingIncomeRatio": 0.238819320215, "totalOtherIncomeExpensesNet": 0.0, "incomeBeforeTax": 219000000, "incomeBeforeTaxRatio": 0.195885509839, "incomeTaxExpense": 80000000, "netIncome": 139000000, "netIncomeRatio": 0.124329159213, "eps": 1.03, "epsdiluted": 1.02, "weightedAverageShsOut": 136600000, "weightedAverageShsOutDil": 138300000, "link": "https://www.sec.gov/Archives/edgar/data/798354/000119312512443306/0001193125-12-443306-index.htm", "finalLink": "https://www.sec.gov/Archives/edgar/data/798354/000119312512443306/d405071d10q.htm"}, {"date": "2012-06-30", "symbol": "FISV", "fillingDate": "2012-07-31", "acceptedDate": "2012-07-31 11:07:56", "period": "Q2", "revenue": 1100000000, "costOfRevenue": 155000000, "grossProfit": 945000000, "grossProfitRatio": 0.8590909090909091, "researchAndDevelopmentExpenses": 0.0, "generalAndAdministrativeExpenses": 206000000, "sellingAndMarketingExpenses": 0.0, "otherExpenses": 43000000, "operatingExpenses": 249000000, "costAndExpenses": 841000000, "interestExpense": 87000000, "depreciationAndAmortization": 87000000, "ebitda": 346000000, "ebitdaratio": 0.314545454545, "operatingIncome": 259000000, "operatingIncomeRatio": 0.235454545455, "totalOtherIncomeExpensesNet": 0.0, "incomeBeforeTax": 221000000, "incomeBeforeTaxRatio": 0.200909090909, "incomeTaxExpense": 61000000, "netIncome": 161000000, "netIncomeRatio": 0.146363636364, "eps": 1.18, "epsdiluted": 1.16, "weightedAverageShsOut": 137400000, "weightedAverageShsOutDil": 139100000, "link": "https://www.sec.gov/Archives/edgar/data/798354/000119312512324802/0001193125-12-324802-index.htm", "finalLink": "https://www.sec.gov/Archives/edgar/data/798354/000119312512324802/d364303d10q.htm"}, {"date": "2012-03-31", "symbol": "FISV", "fillingDate": "2012-05-02", "acceptedDate": "2012-05-02 16:28:24", "period": "Q1", "revenue": 1108000000, "costOfRevenue": 159000000, "grossProfit": 949000000, "grossProfitRatio": 0.8564981949458483, "researchAndDevelopmentExpenses": 0.0, "generalAndAdministrativeExpenses": 206000000, "sellingAndMarketingExpenses": 0.0, "otherExpenses": -43000000, "operatingExpenses": 163000000, "costAndExpenses": 867000000, "interestExpense": 0.0, "depreciationAndAmortization": 88000000, "ebitda": 329000000, "ebitdaratio": 0.296931407942, "operatingIncome": 241000000, "operatingIncomeRatio": 0.217509025271, "totalOtherIncomeExpensesNet": 0.0, "incomeBeforeTax": 198000000, "incomeBeforeTaxRatio": 0.178700361011, "incomeTaxExpense": 68000000, "netIncome": 132000000, "netIncomeRatio": 0.119133574007, "eps": 0.95, "epsdiluted": 0.94, "weightedAverageShsOut": 138700000, "weightedAverageShsOutDil": 140500000, "link": "https://www.sec.gov/Archives/edgar/data/798354/000119312512204679/0001193125-12-204679-index.htm", "finalLink": "https://www.sec.gov/Archives/edgar/data/798354/000119312512204679/d323024d10q.htm"}, {"date": "2011-12-31", "symbol": "FISV", "fillingDate": "2012-02-24", "acceptedDate": "2012-02-24 12:26:48", "period": "FY", "revenue": 1161000000, "costOfRevenue": 165000000, "grossProfit": 996000000, "grossProfitRatio": 0.8578811369509044, "researchAndDevelopmentExpenses": 0.0, "generalAndAdministrativeExpenses": 217000000, "sellingAndMarketingExpenses": 0.0, "otherExpenses": 138000000, "operatingExpenses": 355000000, "costAndExpenses": 880000000, "interestExpense": 188000000, "depreciationAndAmortization": 90000000, "ebitda": 371000000, "ebitdaratio": 0.31955211025, "operatingIncome": 281000000, "operatingIncomeRatio": 0.242032730405, "totalOtherIncomeExpensesNet": 0.0, "incomeBeforeTax": 237000000, "incomeBeforeTaxRatio": 0.204134366925, "incomeTaxExpense": 88000000, "netIncome": 143000000, "netIncomeRatio": 0.123169681309, "eps": 1.01, "epsdiluted": 1.01, "weightedAverageShsOut": 142600000, "weightedAverageShsOutDil": 144200000, "link": "https://www.sec.gov/Archives/edgar/data/798354/000119312512077375/0001193125-12-077375-index.htm", "finalLink": "https://www.sec.gov/Archives/edgar/data/798354/000119312512077375/d271809d10k.htm"}, {"date": "2011-09-30", "symbol": "FISV", "fillingDate": "2011-11-02", "acceptedDate": "2011-11-02 16:20:53", "period": "Q3", "revenue": 1063000000, "costOfRevenue": 141000000, "grossProfit": 922000000, "grossProfitRatio": 0.8673565380997178, "researchAndDevelopmentExpenses": 0.0, "generalAndAdministrativeExpenses": 189000000, "sellingAndMarketingExpenses": 0.0, "otherExpenses": -45000000, "operatingExpenses": 144000000, "costAndExpenses": 820000000, "interestExpense": 0.0, "depreciationAndAmortization": 86000000, "ebitda": 329000000, "ebitdaratio": 0.309501411101, "operatingIncome": 243000000, "operatingIncomeRatio": 0.228598306679, "totalOtherIncomeExpensesNet": 0.0, "incomeBeforeTax": 174000000, "incomeBeforeTaxRatio": 0.163687676388, "incomeTaxExpense": 55000000, "netIncome": 127000000, "netIncomeRatio": 0.119473189087, "eps": 0.9, "epsdiluted": 0.88, "weightedAverageShsOut": 143200000, "weightedAverageShsOutDil": 144800000, "link": "https://www.sec.gov/Archives/edgar/data/798354/000119312511292805/0001193125-11-292805-index.htm", "finalLink": "https://www.sec.gov/Archives/edgar/data/798354/000119312511292805/d231730d10q.htm"}, {"date": "2011-06-30", "symbol": "FISV", "fillingDate": "2011-08-02", "acceptedDate": "2011-08-02 15:39:14", "period": "Q2", "revenue": 1065000000, "costOfRevenue": 145000000, "grossProfit": 920000000, "grossProfitRatio": 0.863849765258216, "researchAndDevelopmentExpenses": 0.0, "generalAndAdministrativeExpenses": 190000000, "sellingAndMarketingExpenses": 0.0, "otherExpenses": -48000000, "operatingExpenses": 142000000, "costAndExpenses": 814000000, "interestExpense": 0.0, "depreciationAndAmortization": 88000000, "ebitda": 339000000, "ebitdaratio": 0.318309859155, "operatingIncome": 251000000, "operatingIncomeRatio": 0.235680751174, "totalOtherIncomeExpensesNet": 0.0, "incomeBeforeTax": 142000000, "incomeBeforeTaxRatio": 0.133333333333, "incomeTaxExpense": 49000000, "netIncome": 90000000, "netIncomeRatio": 0.0845070422535, "eps": 0.63, "epsdiluted": 0.63, "weightedAverageShsOut": 144200000, "weightedAverageShsOutDil": 146000000, "link": "https://www.sec.gov/Archives/edgar/data/798354/000119312511206249/0001193125-11-206249-index.htm", "finalLink": "https://www.sec.gov/Archives/edgar/data/798354/000119312511206249/d10q.htm"}, {"date": "2011-03-31", "symbol": "FISV", "fillingDate": "2011-05-04", "acceptedDate": "2011-05-04 14:50:43", "period": "Q1", "revenue": 1048000000, "costOfRevenue": 150000000, "grossProfit": 898000000, "grossProfitRatio": 0.8568702290076335, "researchAndDevelopmentExpenses": 0.0, "generalAndAdministrativeExpenses": 203000000, "sellingAndMarketingExpenses": 0.0, "otherExpenses": -45000000, "operatingExpenses": 158000000, "costAndExpenses": 827000000, "interestExpense": 0.0, "depreciationAndAmortization": 85000000, "ebitda": 306000000, "ebitdaratio": 0.291984732824, "operatingIncome": 221000000, "operatingIncomeRatio": 0.210877862595, "totalOtherIncomeExpensesNet": 0.0, "incomeBeforeTax": 176000000, "incomeBeforeTaxRatio": 0.167938931298, "incomeTaxExpense": 64000000, "netIncome": 112000000, "netIncomeRatio": 0.106870229008, "eps": 0.77, "epsdiluted": 0.76, "weightedAverageShsOut": 145900000, "weightedAverageShsOutDil": 147700000, "link": "https://www.sec.gov/Archives/edgar/data/798354/000119312511125883/0001193125-11-125883-index.htm", "finalLink": "https://www.sec.gov/Archives/edgar/data/798354/000119312511125883/d10q.htm"}, {"date": "2010-12-31", "symbol": "FISV", "fillingDate": "2011-02-24", "acceptedDate": "2011-02-24 13:44:55", "period": "FY", "revenue": 1078000000, "costOfRevenue": 140000000, "grossProfit": 938000000, "grossProfitRatio": 0.8701298701298701, "researchAndDevelopmentExpenses": 0.0, "generalAndAdministrativeExpenses": 198000000, "sellingAndMarketingExpenses": 0.0, "otherExpenses": 140000000, "operatingExpenses": 338000000, "costAndExpenses": 811000000, "interestExpense": 198000000, "depreciationAndAmortization": 87000000, "ebitda": 354000000, "ebitdaratio": 0.328385899814, "operatingIncome": 267000000, "operatingIncomeRatio": 0.247680890538, "totalOtherIncomeExpensesNet": 0.0, "incomeBeforeTax": 193000000, "incomeBeforeTaxRatio": 0.179035250464, "incomeTaxExpense": 77000000, "netIncome": 116000000, "netIncomeRatio": 0.107606679035, "eps": 0.79, "epsdiluted": 0.78, "weightedAverageShsOut": 150400000, "weightedAverageShsOutDil": 151700000, "link": "https://www.sec.gov/Archives/edgar/data/798354/000119312511045000/0001193125-11-045000-index.htm", "finalLink": "https://www.sec.gov/Archives/edgar/data/798354/000119312511045000/d10k.htm"}, {"date": "2010-09-30", "symbol": "FISV", "fillingDate": "2010-11-05", "acceptedDate": "2010-11-05 14:56:23", "period": "Q3", "revenue": 1025000000, "costOfRevenue": 128000000, "grossProfit": 897000000, "grossProfitRatio": 0.8751219512195122, "researchAndDevelopmentExpenses": 0.0, "generalAndAdministrativeExpenses": 185000000, "sellingAndMarketingExpenses": 0.0, "otherExpenses": -49000000, "operatingExpenses": 136000000, "costAndExpenses": 774000000, "interestExpense": 0.0, "depreciationAndAmortization": 85000000, "ebitda": 336000000, "ebitdaratio": 0.327804878049, "operatingIncome": 251000000, "operatingIncomeRatio": 0.24487804878, "totalOtherIncomeExpensesNet": 0.0, "incomeBeforeTax": 202000000, "incomeBeforeTaxRatio": 0.197073170732, "incomeTaxExpense": 73000000, "netIncome": 132000000, "netIncomeRatio": 0.128780487805, "eps": 0.88, "epsdiluted": 0.87, "weightedAverageShsOut": 151200000, "weightedAverageShsOutDil": 152400000, "link": "https://www.sec.gov/Archives/edgar/data/798354/000119312510249903/0001193125-10-249903-index.htm", "finalLink": "https://www.sec.gov/Archives/edgar/data/798354/000119312510249903/d10q.htm"}, {"date": "2010-06-30", "symbol": "FISV", "fillingDate": "2010-08-05", "acceptedDate": "2010-08-05 12:13:45", "period": "Q2", "revenue": 1022000000, "costOfRevenue": 129000000, "grossProfit": 893000000, "grossProfitRatio": 0.8737769080234834, "researchAndDevelopmentExpenses": 0.0, "generalAndAdministrativeExpenses": 185000000, "sellingAndMarketingExpenses": 0.0, "otherExpenses": -46000000, "operatingExpenses": 139000000, "costAndExpenses": 771000000, "interestExpense": 0.0, "depreciationAndAmortization": 83000000, "ebitda": 334000000, "ebitdaratio": 0.326810176125, "operatingIncome": 251000000, "operatingIncomeRatio": 0.245596868885, "totalOtherIncomeExpensesNet": 0.0, "incomeBeforeTax": 205000000, "incomeBeforeTaxRatio": 0.200587084149, "incomeTaxExpense": 78000000, "netIncome": 127000000, "netIncomeRatio": 0.124266144814, "eps": 0.84, "epsdiluted": 0.83, "weightedAverageShsOut": 152000000, "weightedAverageShsOutDil": 153200000, "link": "https://www.sec.gov/Archives/edgar/data/798354/000119312510178791/0001193125-10-178791-index.htm", "finalLink": "https://www.sec.gov/Archives/edgar/data/798354/000119312510178791/d10q.htm"}, {"date": "2010-03-31", "symbol": "FISV", "fillingDate": "2010-05-06", "acceptedDate": "2010-05-06 15:29:57", "period": "Q1", "revenue": 1008000000, "costOfRevenue": 136000000, "grossProfit": 872000000, "grossProfitRatio": 0.8650793650793651, "researchAndDevelopmentExpenses": 0.0, "generalAndAdministrativeExpenses": 172000000, "sellingAndMarketingExpenses": 0.0, "otherExpenses": -45000000, "operatingExpenses": 127000000, "costAndExpenses": 770000000, "interestExpense": 0.0, "depreciationAndAmortization": 84000000, "ebitda": 322000000, "ebitdaratio": 0.319444444444, "operatingIncome": 238000000, "operatingIncomeRatio": 0.236111111111, "totalOtherIncomeExpensesNet": 0.0, "incomeBeforeTax": 193000000, "incomeBeforeTaxRatio": 0.191468253968, "incomeTaxExpense": 73000000, "netIncome": 121000000, "netIncomeRatio": 0.12003968254, "eps": 0.79, "epsdiluted": 0.79, "weightedAverageShsOut": 152500000, "weightedAverageShsOutDil": 153700000, "link": "https://www.sec.gov/Archives/edgar/data/798354/000119312510110738/0001193125-10-110738-index.htm", "finalLink": "https://www.sec.gov/Archives/edgar/data/798354/000119312510110738/d10q.htm"}, {"date": "2009-12-31", "symbol": "FISV", "fillingDate": "2010-02-26", "acceptedDate": "2010-02-26 14:29:23", "period": "FY", "revenue": 1062000000, "costOfRevenue": 611000000, "grossProfit": 451000000, "grossProfitRatio": 0.4246704331450094, "researchAndDevelopmentExpenses": 0.0, "generalAndAdministrativeExpenses": 195000000, "sellingAndMarketingExpenses": 0.0, "otherExpenses": 0.0, "operatingExpenses": 195000000, "costAndExpenses": 806000000, "interestExpense": 59000000, "depreciationAndAmortization": 48000000, "ebitda": 304000000, "ebitdaratio": 0.2862523540489642, "operatingIncome": 256000000, "operatingIncomeRatio": 0.24105461393596986, "totalOtherIncomeExpensesNet": 0.0, "incomeBeforeTax": 205000000, "incomeBeforeTaxRatio": 0.19303201506591336, "incomeTaxExpense": 194000000, "netIncome": 376000000, "netIncomeRatio": 0.3540489642184557, "eps": 0.0, "epsdiluted": 0.0, "weightedAverageShsOut": 154500000, "weightedAverageShsOutDil": 155400000, "link": "https://www.sec.gov/Archives/edgar/data/798354/000119312510042577/0001193125-10-042577-index.htm", "finalLink": "https://www.sec.gov/Archives/edgar/data/798354/000119312510042577/d10k.htm"}, {"date": "2009-09-30", "symbol": "FISV", "fillingDate": "2009-11-06", "acceptedDate": "2009-11-06 15:55:42", "period": "Q3", "revenue": 939000000, "costOfRevenue": 525000000, "grossProfit": 414000000, "grossProfitRatio": 0.44089456869009586, "researchAndDevelopmentExpenses": 0.0, "generalAndAdministrativeExpenses": 174000000, "sellingAndMarketingExpenses": 0.0, "otherExpenses": 0.0, "operatingExpenses": 174000000, "costAndExpenses": 699000000, "interestExpense": 52000000, "depreciationAndAmortization": 46000000, "ebitda": 286000000, "ebitdaratio": 0.3045793397231097, "operatingIncome": 240000000, "operatingIncomeRatio": 0.25559105431309903, "totalOtherIncomeExpensesNet": 0.0, "incomeBeforeTax": 188000000, "incomeBeforeTaxRatio": 0.20021299254526093, "incomeTaxExpense": -64000000, "netIncome": 115000000, "netIncomeRatio": 0.12247071352502663, "eps": 2.23, "epsdiluted": 2.23, "weightedAverageShsOut": 154500000, "weightedAverageShsOutDil": 155400000, "link": "https://www.sec.gov/Archives/edgar/data/798354/000119312509227470/0001193125-09-227470-index.htm", "finalLink": "https://www.sec.gov/Archives/edgar/data/798354/000119312509227470/d10q.htm"}, {"date": "2009-06-30", "symbol": "FISV", "fillingDate": "2009-08-06", "acceptedDate": "2009-08-06 15:00:07", "period": "Q2", "revenue": 2054000000, "costOfRevenue": 1243000000, "grossProfit": 811000000, "grossProfitRatio": 0.39483933787731257, "researchAndDevelopmentExpenses": 0.0, "generalAndAdministrativeExpenses": 360000000, "sellingAndMarketingExpenses": 0.0, "otherExpenses": 0.0, "operatingExpenses": 360000000, "costAndExpenses": 1603000000, "interestExpense": 50000000, "depreciationAndAmortization": 46000000, "ebitda": 517000000, "ebitdaratio": 0.2517039922103213, "operatingIncome": 471000000, "operatingIncomeRatio": 0.22930866601752678, "totalOtherIncomeExpensesNet": 0.0, "incomeBeforeTax": 421000000, "incomeBeforeTaxRatio": 0.20496592015579357, "incomeTaxExpense": -162000000, "netIncome": -86000000, "netIncomeRatio": -0.04186952288218111, "eps": 1.39, "epsdiluted": 1.39, "weightedAverageShsOut": 154500000, "weightedAverageShsOutDil": 155400000, "link": "https://www.sec.gov/Archives/edgar/data/798354/000119312509167025/0001193125-09-167025-index.htm", "finalLink": "https://www.sec.gov/Archives/edgar/data/798354/000119312509167025/d10q.htm"}, {"date": "2009-03-31", "symbol": "FISV", "fillingDate": "2009-05-07", "acceptedDate": "2009-05-07 16:56:26", "period": "Q1", "revenue": 22000000, "costOfRevenue": 1000000.0, "grossProfit": 21000000, "grossProfitRatio": 0.9545454545454546, "researchAndDevelopmentExpenses": 0.0, "generalAndAdministrativeExpenses": 22000000, "sellingAndMarketingExpenses": 0.0, "otherExpenses": 0.0, "operatingExpenses": 22000000, "costAndExpenses": 23000000, "interestExpense": 59000000, "depreciationAndAmortization": 48000000, "ebitda": 27000000, "ebitdaratio": 1.2272727272727273, "operatingIncome": -21000000, "operatingIncomeRatio": -0.9545454545454546, "totalOtherIncomeExpensesNet": 0.0, "incomeBeforeTax": -80000000, "incomeBeforeTaxRatio": -3.6363636363636362, "incomeTaxExpense": 32000000, "netIncome": 329000000, "netIncomeRatio": 14.954545454545455, "eps": 0.0, "epsdiluted": 0.0, "weightedAverageShsOut": 0.0, "weightedAverageShsOutDil": 0.0, "link": "https://www.sec.gov/Archives/edgar/data/798354/000119312509103517/0001193125-09-103517-index.htm", "finalLink": "https://www.sec.gov/Archives/edgar/data/798354/000119312509103517/d10q.htm"}, {"date": "2008-12-31", "symbol": "FISV", "fillingDate": "2009-02-27", "acceptedDate": "2009-02-27 16:40:53", "period": "FY", "revenue": 4736000000, "costOfRevenue": 3014000000, "grossProfit": 1722000000, "grossProfitRatio": 0.36359797297297297, "researchAndDevelopmentExpenses": 0.0, "generalAndAdministrativeExpenses": 757000000, "sellingAndMarketingExpenses": 0.0, "otherExpenses": 0.0, "operatingExpenses": 757000000, "costAndExpenses": 3771000000, "interestExpense": 148000000, "depreciationAndAmortization": 158000000, "ebitda": 1124000000, "ebitdaratio": 0.23733108108108109, "operatingIncome": 966000000, "operatingIncomeRatio": 0.2039695945945946, "totalOtherIncomeExpensesNet": 0.0, "incomeBeforeTax": 807000000, "incomeBeforeTaxRatio": 0.17039695945945946, "incomeTaxExpense": -73000000, "netIncome": 112000000, "netIncomeRatio": 0.02364864864864865, "eps": 0.0, "epsdiluted": 0.0, "weightedAverageShsOut": 0.0, "weightedAverageShsOutDil": 0.0, "link": "https://www.sec.gov/Archives/edgar/data/798354/000119312509041067/0001193125-09-041067-index.htm", "finalLink": "https://www.sec.gov/Archives/edgar/data/798354/000119312509041067/d10k.htm"}, {"date": "2008-09-30", "symbol": "FISV", "fillingDate": "2008-11-06", "acceptedDate": "2008-11-06 11:46:15", "period": "Q3", "revenue": 3000000.0, "costOfRevenue": 2000000.0, "grossProfit": 1000000.0, "grossProfitRatio": 0.3333333333333333, "researchAndDevelopmentExpenses": 0.0, "generalAndAdministrativeExpenses": 76000000, "sellingAndMarketingExpenses": 0.0, "otherExpenses": 0.0, "operatingExpenses": 76000000, "costAndExpenses": 78000000, "interestExpense": 112000000, "depreciationAndAmortization": -82000000, "ebitda": -158000000, "ebitdaratio": -52.666666666666664, "operatingIncome": -76000000, "operatingIncomeRatio": -25.333333333333332, "totalOtherIncomeExpensesNet": 0.0, "incomeBeforeTax": -188000000, "incomeBeforeTaxRatio": -62.666666666666664, "incomeTaxExpense": 73000000, "netIncome": 507000000, "netIncomeRatio": 169.0, "eps": 0.0, "epsdiluted": 0.0, "weightedAverageShsOut": 163000000, "weightedAverageShsOutDil": 165000000, "link": "https://www.sec.gov/Archives/edgar/data/798354/000119312508227432/0001193125-08-227432-index.htm", "finalLink": "https://www.sec.gov/Archives/edgar/data/798354/000119312508227432/d10q.htm"}, {"date": "2008-06-30", "symbol": "FISV", "fillingDate": "2008-08-07", "acceptedDate": "2008-08-07 10:32:54", "period": "Q2", "revenue": 2583000000, "costOfRevenue": 1723000000, "grossProfit": 860000000, "grossProfitRatio": 0.3329461866047232, "researchAndDevelopmentExpenses": 0.0, "generalAndAdministrativeExpenses": 409000000, "sellingAndMarketingExpenses": 0.0, "otherExpenses": 0.0, "operatingExpenses": 409000000, "costAndExpenses": 2132000000, "interestExpense": -71000000, "depreciationAndAmortization": 44000000, "ebitda": 515000000, "ebitdaratio": 0.19938056523422376, "operatingIncome": 471000000, "operatingIncomeRatio": 0.18234610917537747, "totalOtherIncomeExpensesNet": 0.0, "incomeBeforeTax": 400000000, "incomeBeforeTaxRatio": 0.1548586914440573, "incomeTaxExpense": 156000000, "netIncome": 99000000, "netIncomeRatio": 0.03832752613240418, "eps": 1.2, "epsdiluted": 1.2, "weightedAverageShsOut": 163000000, "weightedAverageShsOutDil": 165000000, "link": "https://www.sec.gov/Archives/edgar/data/798354/000119312508169472/0001193125-08-169472-index.htm", "finalLink": "https://www.sec.gov/Archives/edgar/data/798354/000119312508169472/d10q.htm"}, {"date": "2008-03-31", "symbol": "FISV", "fillingDate": "2008-05-09", "acceptedDate": "2008-05-09 14:09:54", "period": "Q1", "revenue": 22000000, "costOfRevenue": 1000000.0, "grossProfit": 21000000, "grossProfitRatio": 0.9545454545454546, "researchAndDevelopmentExpenses": 0.0, "generalAndAdministrativeExpenses": 22000000, "sellingAndMarketingExpenses": 0.0, "otherExpenses": 0.0, "operatingExpenses": 22000000, "costAndExpenses": 23000000, "interestExpense": -59000000, "depreciationAndAmortization": 38000000, "ebitda": 17000000, "ebitdaratio": 0.7727272727272727, "operatingIncome": -21000000, "operatingIncomeRatio": -0.9545454545454546, "totalOtherIncomeExpensesNet": 0.0, "incomeBeforeTax": -80000000, "incomeBeforeTaxRatio": -3.6363636363636362, "incomeTaxExpense": -32000000, "netIncome": 329000000, "netIncomeRatio": 14.954545454545455, "eps": 0.0, "epsdiluted": 0.0, "weightedAverageShsOut": 166000000, "weightedAverageShsOutDil": 168000000, "link": "https://www.sec.gov/Archives/edgar/data/798354/000119312508109475/0001193125-08-109475-index.htm", "finalLink": "https://www.sec.gov/Archives/edgar/data/798354/000119312508109475/d10q.htm"}, {"date": "2007-12-31", "symbol": "FISV", "fillingDate": "2008-02-28", "acceptedDate": "2008-02-28 16:46:58", "period": "FY", "revenue": 3922000000, "costOfRevenue": 2637000000, "grossProfit": 1285000000, "grossProfitRatio": 0.3276389597144314, "researchAndDevelopmentExpenses": 0.0, "generalAndAdministrativeExpenses": 555000000, "sellingAndMarketingExpenses": 0.0, "otherExpenses": 0.0, "operatingExpenses": 555000000, "costAndExpenses": 3192000000, "interestExpense": 76000000, "depreciationAndAmortization": 193000000, "ebitda": 923000000, "ebitdaratio": 0.23533911269760327, "operatingIncome": 730000000, "operatingIncomeRatio": 0.18612952575216726, "totalOtherIncomeExpensesNet": 0.0, "incomeBeforeTax": 661000000, "incomeBeforeTaxRatio": 0.16853646098929118, "incomeTaxExpense": 253000000, "netIncome": 439000000, "netIncomeRatio": 0.11193268740438551, "eps": 2.45, "epsdiluted": 2.45, "weightedAverageShsOut": 166000000, "weightedAverageShsOutDil": 168000000, "link": "https://www.sec.gov/Archives/edgar/data/798354/000119312508041891/0001193125-08-041891-index.htm", "finalLink": "https://www.sec.gov/Archives/edgar/data/798354/000119312508041891/d10k.htm"}, {"date": "2007-09-30", "symbol": "FISV", "fillingDate": "2007-11-08", "acceptedDate": "2007-11-08 15:44:47", "period": "Q3", "revenue": 1173747000, "costOfRevenue": 826289000, "grossProfit": 347458000, "grossProfitRatio": 0.2960246117774955, "researchAndDevelopmentExpenses": 0.0, "generalAndAdministrativeExpenses": 141483000, "sellingAndMarketingExpenses": 0.0, "otherExpenses": 0.0, "operatingExpenses": 141483000, "costAndExpenses": 967772000, "interestExpense": 12654000, "depreciationAndAmortization": -101256000, "ebitda": 104719000, "ebitdaratio": 0.08921769342115464, "operatingIncome": 205975000, "operatingIncomeRatio": 0.17548500656444702, "totalOtherIncomeExpensesNet": 0.0, "incomeBeforeTax": 193321000, "incomeBeforeTaxRatio": 0.1647041483386113, "incomeTaxExpense": 73371000, "netIncome": 120875000, "netIncomeRatio": 0.10298215884683837, "eps": 1.99, "epsdiluted": 1.99, "weightedAverageShsOut": 167367000, "weightedAverageShsOutDil": 169728000, "link": "https://www.sec.gov/Archives/edgar/data/798354/000119312507240252/0001193125-07-240252-index.htm", "finalLink": "https://www.sec.gov/Archives/edgar/data/798354/000119312507240252/d10q.htm"}, {"date": "2007-06-30", "symbol": "FISV", "fillingDate": "2007-08-03", "acceptedDate": "2007-08-03 17:05:53", "period": "Q2", "revenue": 1145698000, "costOfRevenue": 810487000, "grossProfit": 335211000, "grossProfitRatio": 0.29258233845219245, "researchAndDevelopmentExpenses": 0.0, "generalAndAdministrativeExpenses": 159615000, "sellingAndMarketingExpenses": 0.0, "otherExpenses": 0.0, "operatingExpenses": 159615000, "costAndExpenses": 970102000, "interestExpense": 12167000, "depreciationAndAmortization": 50993000, "ebitda": 226589000, "ebitdaratio": 0.19777375887886686, "operatingIncome": 175596000, "operatingIncomeRatio": 0.15326552023308063, "totalOtherIncomeExpensesNet": 0.0, "incomeBeforeTax": 163429000, "incomeBeforeTaxRatio": 0.14264579321950463, "incomeTaxExpense": 63277000, "netIncome": 108236000, "netIncomeRatio": 0.09447166705362146, "eps": 1.27, "epsdiluted": 1.27, "weightedAverageShsOut": 168709000, "weightedAverageShsOutDil": 171272000, "link": "https://www.sec.gov/Archives/edgar/data/798354/000119312507170797/0001193125-07-170797-index.htm", "finalLink": "https://www.sec.gov/Archives/edgar/data/798354/000119312507170797/d10q.htm"}, {"date": "2007-03-31", "symbol": "FISV", "fillingDate": "2007-05-03", "acceptedDate": "2007-05-03 10:14:33", "period": "Q1", "revenue": 1219419000, "costOfRevenue": 868625000, "grossProfit": 350794000, "grossProfitRatio": 0.28767306397554904, "researchAndDevelopmentExpenses": 0.0, "generalAndAdministrativeExpenses": 157425000, "sellingAndMarketingExpenses": 0.0, "otherExpenses": 0.0, "operatingExpenses": 157425000, "costAndExpenses": 1026050000, "interestExpense": 8388000.0, "depreciationAndAmortization": 50263000, "ebitda": 243632000, "ebitdaratio": 0.19979350821989816, "operatingIncome": 193369000, "operatingIncomeRatio": 0.15857469827844245, "totalOtherIncomeExpensesNet": 0.0, "incomeBeforeTax": 184981000, "incomeBeforeTaxRatio": 0.15169601260928361, "incomeTaxExpense": 71418000, "netIncome": 113563000, "netIncomeRatio": 0.09312877690113078, "eps": 0.67, "epsdiluted": 0.66, "weightedAverageShsOut": 170026000, "weightedAverageShsOutDil": 172637000, "link": "https://www.sec.gov/Archives/edgar/data/798354/000119312507100566/0001193125-07-100566-index.htm", "finalLink": "https://www.sec.gov/Archives/edgar/data/798354/000119312507100566/d10q.htm"}, {"date": "2006-12-31", "symbol": "FISV", "fillingDate": "2007-02-28", "acceptedDate": "2007-02-28 16:53:40", "period": "FY", "revenue": 1197741000, "costOfRevenue": 861958000, "grossProfit": 335783000, "grossProfitRatio": 0.280346919743083, "researchAndDevelopmentExpenses": 0.0, "generalAndAdministrativeExpenses": 154384000, "sellingAndMarketingExpenses": 0.0, "otherExpenses": 0.0, "operatingExpenses": 154384000, "costAndExpenses": 1016342000, "interestExpense": 16128000, "depreciationAndAmortization": 56158000, "ebitda": 237557000, "ebitdaratio": 0.19833753708022017, "operatingIncome": 181399000, "operatingIncomeRatio": 0.15145093972737012, "totalOtherIncomeExpensesNet": 0.0, "incomeBeforeTax": 172270000, "incomeBeforeTaxRatio": 0.14382909159826707, "incomeTaxExpense": 267060000, "netIncome": 105946000, "netIncomeRatio": 0.08845484958768214, "eps": 2.53, "epsdiluted": 2.53, "weightedAverageShsOut": 174989000, "weightedAverageShsOutDil": 177529000, "link": "https://www.sec.gov/Archives/edgar/data/798354/000119312507042737/0001193125-07-042737-index.htm", "finalLink": "https://www.sec.gov/Archives/edgar/data/798354/000119312507042737/d10k.htm"}, {"date": "2006-09-30", "symbol": "FISV", "fillingDate": "2006-11-02", "acceptedDate": "2006-11-02 16:45:42", "period": "Q3", "revenue": 1156545000, "costOfRevenue": 824708000, "grossProfit": 331837000, "grossProfitRatio": 0.2869209585446308, "researchAndDevelopmentExpenses": 0.0, "generalAndAdministrativeExpenses": 146097000, "sellingAndMarketingExpenses": 0.0, "otherExpenses": 0.0, "operatingExpenses": 146097000, "costAndExpenses": 970805000, "interestExpense": 9987000.0, "depreciationAndAmortization": 50047000, "ebitda": 235787000, "ebitdaratio": 0.2038718770129999, "operatingIncome": 185740000, "operatingIncomeRatio": 0.16059902554591476, "totalOtherIncomeExpensesNet": 0.0, "incomeBeforeTax": 175753000, "incomeBeforeTaxRatio": 0.15196382328400537, "incomeTaxExpense": -135071000, "netIncome": 110088000, "netIncomeRatio": 0.09518695770592583, "eps": 1.92, "epsdiluted": 1.92, "weightedAverageShsOut": 175963000, "weightedAverageShsOutDil": 178403000, "link": "https://www.sec.gov/Archives/edgar/data/798354/000119312506222186/0001193125-06-222186-index.htm", "finalLink": "https://www.sec.gov/Archives/edgar/data/798354/000119312506222186/d10q.htm"}, {"date": "2006-06-30", "symbol": "FISV", "fillingDate": "2006-07-28", "acceptedDate": "2006-07-28 16:55:45", "period": "Q2", "revenue": 1093197000, "costOfRevenue": 765788000, "grossProfit": 327409000, "grossProfitRatio": 0.2994967970091392, "researchAndDevelopmentExpenses": 0.0, "generalAndAdministrativeExpenses": 143220000, "sellingAndMarketingExpenses": 0.0, "otherExpenses": 0.0, "operatingExpenses": 143220000, "costAndExpenses": 909008000, "interestExpense": 8774000.0, "depreciationAndAmortization": 45535000, "ebitda": 229724000, "ebitdaratio": 0.21013961801944206, "operatingIncome": 184189000, "operatingIncomeRatio": 0.16848655823241374, "totalOtherIncomeExpensesNet": 0.0, "incomeBeforeTax": 175415000, "incomeBeforeTaxRatio": 0.1604605574292648, "incomeTaxExpense": 64435000, "netIncome": 117669000, "netIncomeRatio": 0.10763750723794521, "eps": 1.28, "epsdiluted": 1.28, "weightedAverageShsOut": 177232000, "weightedAverageShsOutDil": 179667000, "link": "https://www.sec.gov/Archives/edgar/data/798354/000119312506156130/0001193125-06-156130-index.htm", "finalLink": "https://www.sec.gov/Archives/edgar/data/798354/000119312506156130/d10q.htm"}, {"date": "2006-03-31", "symbol": "FISV", "fillingDate": "2006-04-28", "acceptedDate": "2006-04-28 16:57:59", "period": "Q1", "revenue": 1096668000, "costOfRevenue": 758062000, "grossProfit": 338606000, "grossProfitRatio": 0.3087588951259634, "researchAndDevelopmentExpenses": 0.0, "generalAndAdministrativeExpenses": 145653000, "sellingAndMarketingExpenses": 0.0, "otherExpenses": 0.0, "operatingExpenses": 145653000, "costAndExpenses": 903715000, "interestExpense": 6106000.0, "depreciationAndAmortization": 47366000, "ebitda": 240319000, "ebitdaratio": 0.21913559983513697, "operatingIncome": 192953000, "operatingIncomeRatio": 0.17594477088781654, "totalOtherIncomeExpensesNet": 0.0, "incomeBeforeTax": 186847000, "incomeBeforeTaxRatio": 0.17037699650213192, "incomeTaxExpense": 70636000, "netIncome": 116211000, "netIncomeRatio": 0.10596734836796551, "eps": 0.65, "epsdiluted": 0.65, "weightedAverageShsOut": 179351000, "weightedAverageShsOutDil": 181783000, "link": "https://www.sec.gov/Archives/edgar/data/798354/000119312506093089/0001193125-06-093089-index.htm", "finalLink": "https://www.sec.gov/Archives/edgar/data/798354/000119312506093089/d10q.htm"}, {"date": "2005-12-31", "symbol": "FISV", "fillingDate": "2006-03-15", "acceptedDate": "2006-03-15 16:56:30", "period": "FY", "revenue": 1078293000, "costOfRevenue": 363550000, "grossProfit": 714743000, "grossProfitRatio": 0.6628467401717344, "researchAndDevelopmentExpenses": 0.0, "generalAndAdministrativeExpenses": 516127000, "sellingAndMarketingExpenses": 0.0, "otherExpenses": -441286000, "operatingExpenses": 74841000, "costAndExpenses": 438391000, "interestExpense": 19457000, "depreciationAndAmortization": 46727000, "ebitda": 245343000, "ebitdaratio": 0.22752906677498602, "operatingIncome": 198616000, "operatingIncomeRatio": 0.18419483387168423, "totalOtherIncomeExpensesNet": 0.0, "incomeBeforeTax": 236090000, "incomeBeforeTaxRatio": 0.21894791118925933, "incomeTaxExpense": 87714000, "netIncome": 150476000, "netIncomeRatio": 0.1395501964679359, "eps": 2.71, "epsdiluted": 2.71, "weightedAverageShsOut": 188807000, "weightedAverageShsOutDil": 190967000, "link": "https://www.sec.gov/Archives/edgar/data/798354/000119312506055120/0001193125-06-055120-index.htm", "finalLink": "https://www.sec.gov/Archives/edgar/data/798354/000119312506055120/d10k.htm"}, {"date": "2005-09-30", "symbol": "FISV", "fillingDate": "2005-10-28", "acceptedDate": "2005-10-28 16:50:23", "period": "Q3", "revenue": 1011645000, "costOfRevenue": 840126000, "grossProfit": 171519000, "grossProfitRatio": 0.16954465252138842, "researchAndDevelopmentExpenses": 0.0, "generalAndAdministrativeExpenses": 0.0, "sellingAndMarketingExpenses": 0.0, "otherExpenses": 162092000, "operatingExpenses": 162092000, "costAndExpenses": 1002218000, "interestExpense": 3429000.0, "depreciationAndAmortization": 44283000, "ebitda": 215802000, "ebitdaratio": 0.21331791290423024, "operatingIncome": 171519000, "operatingIncomeRatio": 0.16954465252138842, "totalOtherIncomeExpensesNet": 0.0, "incomeBeforeTax": 168090000, "incomeBeforeTaxRatio": 0.16615512358584286, "incomeTaxExpense": 58751000, "netIncome": 112939000, "netIncomeRatio": 0.11163896426117857, "eps": 1.9, "epsdiluted": 1.9, "weightedAverageShsOut": 190556000, "weightedAverageShsOutDil": 192799000, "link": "https://www.sec.gov/Archives/edgar/data/798354/000119312505211186/0001193125-05-211186-index.htm", "finalLink": "https://www.sec.gov/Archives/edgar/data/798354/000119312505211186/d10q.htm"}, {"date": "2005-06-30", "symbol": "FISV", "fillingDate": "2005-07-29", "acceptedDate": "2005-07-29 11:39:24", "period": "Q2", "revenue": 996426000, "costOfRevenue": 809181000, "grossProfit": 187245000, "grossProfitRatio": 0.18791661397835865, "researchAndDevelopmentExpenses": 0.0, "generalAndAdministrativeExpenses": 0.0, "sellingAndMarketingExpenses": 0.0, "otherExpenses": 146872000, "operatingExpenses": 146872000, "costAndExpenses": 956053000, "interestExpense": 1280000.0, "depreciationAndAmortization": 45146000, "ebitda": 232391000, "ebitdaratio": 0.23322454452212207, "operatingIncome": 187245000, "operatingIncomeRatio": 0.18791661397835865, "totalOtherIncomeExpensesNet": 0.0, "incomeBeforeTax": 185965000, "incomeBeforeTaxRatio": 0.1866320228496647, "incomeTaxExpense": 71968000, "netIncome": 113997000, "netIncomeRatio": 0.11440588663884724, "eps": 1.32, "epsdiluted": 1.32, "weightedAverageShsOut": 192131000, "weightedAverageShsOutDil": 194361000, "link": "https://www.sec.gov/Archives/edgar/data/798354/000119312505152329/0001193125-05-152329-index.htm", "finalLink": "https://www.sec.gov/Archives/edgar/data/798354/000119312505152329/d10q.htm"}, {"date": "2005-03-31", "symbol": "FISV", "fillingDate": "2005-04-29", "acceptedDate": "2005-04-29 11:24:59", "period": "Q1", "revenue": 973114000, "costOfRevenue": 785098000, "grossProfit": 188016000, "grossProfitRatio": 0.1932106618546234, "researchAndDevelopmentExpenses": 0.0, "generalAndAdministrativeExpenses": 0.0, "sellingAndMarketingExpenses": 0.0, "otherExpenses": 132322000, "operatingExpenses": 132322000, "costAndExpenses": 917420000, "interestExpense": 3662000.0, "depreciationAndAmortization": 43023000, "ebitda": 231039000, "ebitdaratio": 0.2374223369512719, "operatingIncome": 188016000, "operatingIncomeRatio": 0.1932106618546234, "totalOtherIncomeExpensesNet": 0.0, "incomeBeforeTax": 227806000, "incomeBeforeTaxRatio": 0.23410001294812324, "incomeTaxExpense": 88161000, "netIncome": 139026000, "netIncomeRatio": 0.14286712553719297, "eps": 0.72, "epsdiluted": 0.72, "weightedAverageShsOut": 193383000, "weightedAverageShsOutDil": 195495000, "link": "https://www.sec.gov/Archives/edgar/data/798354/000119312505089808/0001193125-05-089808-index.htm", "finalLink": "https://www.sec.gov/Archives/edgar/data/798354/000119312505089808/d10q.htm"}, {"date": "2004-12-31", "symbol": "FISV", "fillingDate": "2005-02-25", "acceptedDate": "2005-02-25 16:54:53", "period": "FY", "revenue": 888152000, "costOfRevenue": 706449000, "grossProfit": 181703000, "grossProfitRatio": 0.20458547635990235, "researchAndDevelopmentExpenses": 0.0, "generalAndAdministrativeExpenses": 0.0, "sellingAndMarketingExpenses": 0.0, "otherExpenses": 90343000, "operatingExpenses": 90343000, "costAndExpenses": 796792000, "interestExpense": 11289000, "depreciationAndAmortization": 45042000, "ebitda": 226745000, "ebitdaratio": 0.2552997685080932, "operatingIncome": 181703000, "operatingIncomeRatio": 0.20458547635990235, "totalOtherIncomeExpensesNet": 0.0, "incomeBeforeTax": 177122000, "incomeBeforeTaxRatio": 0.19942757546005638, "incomeTaxExpense": 62413000, "netIncome": 97453000, "netIncomeRatio": 0.10972558751204749, "eps": 2.03, "epsdiluted": 2.03, "weightedAverageShsOut": 194981000, "weightedAverageShsOutDil": 197287000, "link": "https://www.sec.gov/Archives/edgar/data/798354/000119312505037404/0001193125-05-037404-index.htm", "finalLink": "https://www.sec.gov/Archives/edgar/data/798354/000119312505037404/d10k.htm"}, {"date": "2004-09-30", "symbol": "FISV", "fillingDate": "2004-10-22", "acceptedDate": "2004-10-21 17:36:45", "period": "Q3", "revenue": 958094000, "costOfRevenue": 797377000, "grossProfit": 160717000, "grossProfitRatio": 0.16774658853932914, "researchAndDevelopmentExpenses": 0.0, "generalAndAdministrativeExpenses": 0.0, "sellingAndMarketingExpenses": 0.0, "otherExpenses": -51779000, "operatingExpenses": -51779000, "costAndExpenses": 745598000, "interestExpense": 4395000.0, "depreciationAndAmortization": 45411000, "ebitda": 206128000, "ebitdaratio": 0.21514381678624436, "operatingIncome": 160717000, "operatingIncomeRatio": 0.16774658853932914, "totalOtherIncomeExpensesNet": 0.0, "incomeBeforeTax": 156322000, "incomeBeforeTaxRatio": 0.16315935597133474, "incomeTaxExpense": 184055000, "netIncome": 92357000, "netIncomeRatio": 0.0963965957411277, "eps": 1.44, "epsdiluted": 1.42, "weightedAverageShsOut": 194980000, "weightedAverageShsOutDil": 197305000, "link": "https://www.sec.gov/Archives/edgar/data/798354/000119312504175605/0001193125-04-175605-index.htm", "finalLink": "https://www.sec.gov/Archives/edgar/data/798354/000119312504175605/d10q.htm"}, {"date": "2004-06-30", "symbol": "FISV", "fillingDate": "2004-07-22", "acceptedDate": "2004-07-21 18:46:06", "period": "Q2", "revenue": 946020000, "costOfRevenue": 785740000, "grossProfit": 160280000, "grossProfitRatio": 0.16942559353924863, "researchAndDevelopmentExpenses": 0.0, "generalAndAdministrativeExpenses": 0.0, "sellingAndMarketingExpenses": 0.0, "otherExpenses": 254620000, "operatingExpenses": 254620000, "costAndExpenses": 1040360000, "interestExpense": 4486000.0, "depreciationAndAmortization": 47952000, "ebitda": 208232000, "ebitdaratio": 0.2201137396672375, "operatingIncome": 160280000, "operatingIncomeRatio": 0.16942559353924863, "totalOtherIncomeExpensesNet": 0.0, "incomeBeforeTax": 155794000, "incomeBeforeTaxRatio": 0.16468362191074185, "incomeTaxExpense": -59330000, "netIncome": 95034000, "netIncomeRatio": 0.10045664996511702, "eps": 0.96, "epsdiluted": 0.95, "weightedAverageShsOut": 194803000, "weightedAverageShsOutDil": 197221000, "link": "https://www.sec.gov/Archives/edgar/data/798354/000119312504121981/0001193125-04-121981-index.htm", "finalLink": "https://www.sec.gov/Archives/edgar/data/798354/000119312504121981/d10q.htm"}, {"date": "2004-03-31", "symbol": "FISV", "fillingDate": "2004-04-22", "acceptedDate": "2004-04-21 18:37:58", "period": "Q1", "revenue": 937480000, "costOfRevenue": 780620000, "grossProfit": 156860000, "grossProfitRatio": 0.16732090284592738, "researchAndDevelopmentExpenses": 0.0, "generalAndAdministrativeExpenses": 0.0, "sellingAndMarketingExpenses": 0.0, "otherExpenses": 240100000, "operatingExpenses": 240100000, "costAndExpenses": 1020720000, "interestExpense": 4732000.0, "depreciationAndAmortization": 46958000, "ebitda": 203818000, "ebitdaratio": 0.2174105047574348, "operatingIncome": 156860000, "operatingIncomeRatio": 0.16732090284592738, "totalOtherIncomeExpensesNet": 0.0, "incomeBeforeTax": 152128000, "incomeBeforeTaxRatio": 0.16227332849767462, "incomeTaxExpense": 59330000, "netIncome": 92798000, "netIncomeRatio": 0.0989866450484277, "eps": 0.48, "epsdiluted": 0.47, "weightedAverageShsOut": 194555000, "weightedAverageShsOutDil": 197063000, "link": "https://www.sec.gov/Archives/edgar/data/798354/000119312504066693/0001193125-04-066693-index.htm", "finalLink": "https://www.sec.gov/Archives/edgar/data/798354/000119312504066693/d10q.htm"}, {"date": "2003-12-31", "symbol": "FISV", "fillingDate": "2004-02-27", "acceptedDate": "2004-02-27 13:37:02", "period": "FY", "revenue": 791505000, "costOfRevenue": 652489000, "grossProfit": 139016000, "grossProfitRatio": 0.1756350244155122, "researchAndDevelopmentExpenses": 0.0, "generalAndAdministrativeExpenses": 0.0, "sellingAndMarketingExpenses": 0.0, "otherExpenses": 120401000, "operatingExpenses": 120401000, "costAndExpenses": 772890000, "interestExpense": 11972000, "depreciationAndAmortization": 50740000, "ebitda": 189756000, "ebitdaratio": 0.23974074705782022, "operatingIncome": 139016000, "operatingIncomeRatio": 0.1756350244155122, "totalOtherIncomeExpensesNet": 0.0, "incomeBeforeTax": 134384000, "incomeBeforeTaxRatio": 0.16978288197800392, "incomeTaxExpense": -148991000, "netIncome": 81974000, "netIncomeRatio": 0.10356725478676698, "eps": 1.63, "epsdiluted": 1.61, "weightedAverageShsOut": 193240000, "weightedAverageShsOutDil": 195937000, "link": "https://www.sec.gov/Archives/edgar/data/798354/000119312504031049/0001193125-04-031049-index.htm", "finalLink": "https://www.sec.gov/Archives/edgar/data/798354/000119312504031049/d10k.htm"}, {"date": "2003-09-30", "symbol": "FISV", "fillingDate": "2003-10-22", "acceptedDate": "2003-10-21 18:53:26", "period": "Q3", "revenue": 796052000, "costOfRevenue": 659757000, "grossProfit": 136295000, "grossProfitRatio": 0.17121368955796856, "researchAndDevelopmentExpenses": 0.0, "generalAndAdministrativeExpenses": 0.0, "sellingAndMarketingExpenses": 0.0, "otherExpenses": 151324000, "operatingExpenses": 151324000, "costAndExpenses": 811081000, "interestExpense": 4472000.0, "depreciationAndAmortization": 43669000, "ebitda": 179964000, "ebitdaratio": 0.2260706587006879, "operatingIncome": 136295000, "operatingIncomeRatio": 0.17121368955796856, "totalOtherIncomeExpensesNet": 0.0, "incomeBeforeTax": 131823000, "incomeBeforeTaxRatio": 0.1655959660926673, "incomeTaxExpense": 51411000, "netIncome": 80412000, "netIncomeRatio": 0.10101350163054675, "eps": 1.21, "epsdiluted": 1.19, "weightedAverageShsOut": 193019000, "weightedAverageShsOutDil": 195695000, "link": "https://www.sec.gov/Archives/edgar/data/798354/000119312503064870/0001193125-03-064870-index.htm", "finalLink": "https://www.sec.gov/Archives/edgar/data/798354/000119312503064870/d10q.htm"}, {"date": "2003-06-30", "symbol": "FISV", "fillingDate": "2003-07-23", "acceptedDate": "2003-07-22 18:37:04", "period": "Q2", "revenue": 738615000, "costOfRevenue": 606555000, "grossProfit": 132060000, "grossProfitRatio": 0.17879409435226742, "researchAndDevelopmentExpenses": 0.0, "generalAndAdministrativeExpenses": 0.0, "sellingAndMarketingExpenses": 0.0, "otherExpenses": 129154000, "operatingExpenses": 129154000, "costAndExpenses": 735709000, "interestExpense": 3474000.0, "depreciationAndAmortization": 39983000, "ebitda": 172043000, "ebitdaratio": 0.2329264907969646, "operatingIncome": 132060000, "operatingIncomeRatio": 0.17879409435226742, "totalOtherIncomeExpensesNet": 0.0, "incomeBeforeTax": 128586000, "incomeBeforeTaxRatio": 0.174090696777076, "incomeTaxExpense": 50148000, "netIncome": 78438000, "netIncomeRatio": 0.10619605613208505, "eps": 0.79, "epsdiluted": 0.78, "weightedAverageShsOut": 192716000, "weightedAverageShsOutDil": 195279000, "link": "https://www.sec.gov/Archives/edgar/data/798354/000119312503022325/0001193125-03-022325-index.htm", "finalLink": "https://www.sec.gov/Archives/edgar/data/798354/000119312503022325/d10q.htm"}, {"date": "2003-03-31", "symbol": "FISV", "fillingDate": "2003-04-23", "acceptedDate": "2003-04-22 18:12:12", "period": "Q1", "revenue": 707498000, "costOfRevenue": 582901000, "grossProfit": 124597000, "grossProfitRatio": 0.17610933175782828, "researchAndDevelopmentExpenses": 0.0, "generalAndAdministrativeExpenses": 0.0, "sellingAndMarketingExpenses": 0.0, "otherExpenses": 115561000, "operatingExpenses": 115561000, "costAndExpenses": 698462000, "interestExpense": 2977000.0, "depreciationAndAmortization": 37399000, "ebitda": 161996000, "ebitdaratio": 0.2289702585731691, "operatingIncome": 124597000, "operatingIncomeRatio": 0.17610933175782828, "totalOtherIncomeExpensesNet": 0.0, "incomeBeforeTax": 121620000, "incomeBeforeTaxRatio": 0.17190154601143748, "incomeTaxExpense": 47432000, "netIncome": 74188000, "netIncomeRatio": 0.10485966038066538, "eps": 0.39, "epsdiluted": 0.38, "weightedAverageShsOut": 192137000, "weightedAverageShsOutDil": 194746000, "link": "https://www.sec.gov/Archives/edgar/data/798354/000089924303000927/0000899243-03-000927-index.htm", "finalLink": "https://www.sec.gov/Archives/edgar/data/798354/000089924303000927/d10q.htm"}]