[{"date": "2020-04-30", "symbol": "CPRT", "fillingDate": "2020-05-28", "acceptedDate": "2020-05-27 18:05:50", "period": "Q3", "revenue": 550360000, "costOfRevenue": 53987000, "grossProfit": 496373000, "grossProfitRatio": 0.9019060251471764, "researchAndDevelopmentExpenses": 0.0, "generalAndAdministrativeExpenses": 47512000, "sellingAndMarketingExpenses": 0.0, "otherExpenses": 307747000, "operatingExpenses": 355259000, "costAndExpenses": 409246000, "interestExpense": 5803000.0, "depreciationAndAmortization": 28659000, "ebitda": 223760000, "ebitdaratio": 0.4065702449305909, "operatingIncome": 195101000, "operatingIncomeRatio": 0.3544970564721273, "totalOtherIncomeExpensesNet": 2277000.0, "incomeBeforeTax": 191800000, "incomeBeforeTaxRatio": 0.34849916418344357, "incomeTaxExpense": 44313000, "netIncome": 147487000, "netIncomeRatio": 0.2679827749109674, "eps": 2.3, "epsdiluted": 2.3, "weightedAverageShsOut": 232647000, "weightedAverageShsOutDil": 232647000, "link": "https://www.sec.gov/Archives/edgar/data/900075/000090007520000014/0000900075-20-000014-index.htm", "finalLink": "https://www.sec.gov/Archives/edgar/data/900075/000090007520000014/cprt-20200430.htm"}, {"date": "2020-01-31", "symbol": "CPRT", "fillingDate": "2020-02-27", "acceptedDate": "2020-02-27 17:16:28", "period": "Q2", "revenue": 575140000, "costOfRevenue": 57900000, "grossProfit": 517240000, "grossProfitRatio": 0.8993288590604027, "researchAndDevelopmentExpenses": 0.0, "generalAndAdministrativeExpenses": 49997000, "sellingAndMarketingExpenses": 0.0, "otherExpenses": 315251000, "operatingExpenses": 49997000, "costAndExpenses": 107897000, "interestExpense": 4914000.0, "depreciationAndAmortization": 24393000, "ebitda": 234285000, "ebitdaratio": 0.407352992315, "operatingIncome": 209892000, "operatingIncomeRatio": 0.364940710088, "totalOtherIncomeExpensesNet": -354000.0, "incomeBeforeTax": 205074000, "incomeBeforeTaxRatio": 0.356563619293, "incomeTaxExpense": 36367000, "netIncome": 168707000, "netIncomeRatio": 0.293332058281, "eps": 0.73, "epsdiluted": 0.71, "weightedAverageShsOut": 231920000, "weightedAverageShsOutDil": 238566000, "link": "https://www.sec.gov/Archives/edgar/data/900075/000090007520000006/0000900075-20-000006-index.htm", "finalLink": "https://www.sec.gov/Archives/edgar/data/900075/000090007520000006/cprt01312020-10q.htm"}, {"date": "2019-10-31", "symbol": "CPRT", "fillingDate": "2019-11-25", "acceptedDate": "2019-11-25 15:51:55", "period": "Q1", "revenue": 554424000, "costOfRevenue": 58764000, "grossProfit": 495660000, "grossProfitRatio": 0.8940089173628847, "researchAndDevelopmentExpenses": 0.0, "generalAndAdministrativeExpenses": 49478000, "sellingAndMarketingExpenses": 0.0, "otherExpenses": 299555000, "operatingExpenses": 49478000, "costAndExpenses": 108242000, "interestExpense": 4611000.0, "depreciationAndAmortization": 23704000, "ebitda": 229095000, "ebitdaratio": 0.413212631488, "operatingIncome": 205391000, "operatingIncomeRatio": 0.370458349566, "totalOtherIncomeExpensesNet": 717000.0, "incomeBeforeTax": 202082000, "incomeBeforeTaxRatio": 0.364489993218, "incomeTaxExpense": -16098000, "netIncome": 218180000, "netIncomeRatio": 0.393525532805, "eps": 0.94, "epsdiluted": 0.91, "weightedAverageShsOut": 231169000, "weightedAverageShsOutDil": 238662000, "link": "https://www.sec.gov/Archives/edgar/data/900075/000090007519000028/0000900075-19-000028-index.htm", "finalLink": "https://www.sec.gov/Archives/edgar/data/900075/000090007519000022/cprt07312019-10k.htm"}, {"date": "2019-07-31", "symbol": "CPRT", "fillingDate": "2019-09-30", "acceptedDate": "2019-09-30 16:54:57", "period": "FY", "revenue": 542575000, "costOfRevenue": 65552000, "grossProfit": 477023000, "grossProfitRatio": 0.8791835230152514, "researchAndDevelopmentExpenses": 0.0, "generalAndAdministrativeExpenses": 49817000, "sellingAndMarketingExpenses": 0.0, "otherExpenses": 299956000, "operatingExpenses": 49817000, "costAndExpenses": 115369000, "interestExpense": 4602000.0, "depreciationAndAmortization": 21625000, "ebitda": 214427000, "ebitdaratio": 0.395202506566, "operatingIncome": 192802000, "operatingIncomeRatio": 0.355346265493, "totalOtherIncomeExpensesNet": -1477000.0, "incomeBeforeTax": 187070000, "incomeBeforeTaxRatio": 0.344781827397, "incomeTaxExpense": 33574000, "netIncome": 153496000, "netIncomeRatio": 0.282902824494, "eps": 0.67, "epsdiluted": 0.64, "weightedAverageShsOut": 230489000, "weightedAverageShsOutDil": 240453000, "link": "https://www.sec.gov/Archives/edgar/data/900075/000090007519000022/0000900075-19-000022-index.htm", "finalLink": "https://www.sec.gov/Archives/edgar/data/900075/000090007519000022/cprt07312019-10k.htm"}, {"date": "2019-04-30", "symbol": "CPRT", "fillingDate": "2019-05-29", "acceptedDate": "2019-05-29 17:03:14", "period": "Q3", "revenue": 553116000, "costOfRevenue": 70984000, "grossProfit": 482132000, "grossProfitRatio": 0.8716652564742297, "researchAndDevelopmentExpenses": 0.0, "generalAndAdministrativeExpenses": 44085000, "sellingAndMarketingExpenses": 0.0, "otherExpenses": 301537000, "operatingExpenses": 44085000, "costAndExpenses": 115069000, "interestExpense": 5324000.0, "depreciationAndAmortization": 21222000, "ebitda": 228716000, "ebitdaratio": 0.413504581317, "operatingIncome": 207494000, "operatingIncomeRatio": 0.375136499396, "totalOtherIncomeExpensesNet": 1719000.0, "incomeBeforeTax": 204129000, "incomeBeforeTaxRatio": 0.369052784588, "incomeTaxExpense": 11388000, "netIncome": 192741000, "netIncomeRatio": 0.348463975007, "eps": 0.84, "epsdiluted": 0.81, "weightedAverageShsOut": 230922000, "weightedAverageShsOutDil": 241158000, "link": "https://www.sec.gov/Archives/edgar/data/900075/000090007519000014/0000900075-19-000014-index.htm", "finalLink": "https://www.sec.gov/Archives/edgar/data/900075/000090007519000014/cprt4302019-10q.htm"}, {"date": "2019-01-31", "symbol": "CPRT", "fillingDate": "2019-02-28", "acceptedDate": "2019-02-28 17:06:08", "period": "Q2", "revenue": 484898000, "costOfRevenue": 61212000, "grossProfit": 423686000, "grossProfitRatio": 0.8737631419391295, "researchAndDevelopmentExpenses": 0.0, "generalAndAdministrativeExpenses": 43487000, "sellingAndMarketingExpenses": 0.0, "otherExpenses": 276672000, "operatingExpenses": 43487000, "costAndExpenses": 104699000, "interestExpense": 5233000.0, "depreciationAndAmortization": 20509000, "ebitda": 185248000, "ebitdaratio": 0.382034984677, "operatingIncome": 164739000, "operatingIncomeRatio": 0.339739491604, "totalOtherIncomeExpensesNet": 227000.0, "incomeBeforeTax": 164966000, "incomeBeforeTaxRatio": 0.340207631296, "incomeTaxExpense": 33593000, "netIncome": 131373000, "netIncomeRatio": 0.270929143861, "eps": 0.57, "epsdiluted": 0.54, "weightedAverageShsOut": 232343000, "weightedAverageShsOutDil": 242743000, "link": "https://www.sec.gov/Archives/edgar/data/900075/000090007519000008/0000900075-19-000008-index.htm", "finalLink": "https://www.sec.gov/Archives/edgar/data/900075/000090007519000008/cprt1312019-10q.htm"}, {"date": "2018-10-31", "symbol": "CPRT", "fillingDate": "2018-11-29", "acceptedDate": "2018-11-29 16:51:13", "period": "Q1", "revenue": 461368000, "costOfRevenue": 57756000, "grossProfit": 403612000, "grossProfitRatio": 0.8748157652893135, "researchAndDevelopmentExpenses": 0.0, "generalAndAdministrativeExpenses": 44478000, "sellingAndMarketingExpenses": 0.0, "otherExpenses": 265450000, "operatingExpenses": 44478000, "costAndExpenses": 102234000, "interestExpense": 4651000.0, "depreciationAndAmortization": 21978000, "ebitda": 173418000, "ebitdaratio": 0.37587782421, "operatingIncome": 151440000, "operatingIncomeRatio": 0.328241230428, "totalOtherIncomeExpensesNet": 1037000.0, "incomeBeforeTax": 148786000, "incomeBeforeTaxRatio": 0.32248877252, "incomeTaxExpense": 34703000, "netIncome": 114083000, "netIncomeRatio": 0.247271158815, "eps": 0.49, "epsdiluted": 0.47, "weightedAverageShsOut": 233888000, "weightedAverageShsOutDil": 244826000, "link": "https://www.sec.gov/Archives/edgar/data/900075/000090007518000067/0000900075-18-000067-index.htm", "finalLink": "https://www.sec.gov/Archives/edgar/data/900075/000090007518000048/cprt07312018-10k.htm"}, {"date": "2018-07-31", "symbol": "CPRT", "fillingDate": "2018-10-01", "acceptedDate": "2018-10-01 16:48:26", "period": "FY", "revenue": 449223000, "costOfRevenue": 50313000, "grossProfit": 398910000, "grossProfitRatio": 0.8879999465744185, "researchAndDevelopmentExpenses": 0.0, "generalAndAdministrativeExpenses": 52457000, "sellingAndMarketingExpenses": 0.0, "otherExpenses": 261929000, "operatingExpenses": 52457000, "costAndExpenses": 102770000, "interestExpense": 4599000.0, "depreciationAndAmortization": 28362000, "ebitda": 163199000, "ebitdaratio": 0.363291728162, "operatingIncome": 134837000, "operatingIncomeRatio": 0.300156047219, "totalOtherIncomeExpensesNet": 1874000.0, "incomeBeforeTax": 132729000, "incomeBeforeTaxRatio": 0.295463500311, "incomeTaxExpense": 22988000, "netIncome": 109748000, "netIncomeRatio": 0.244306279954, "eps": 0.47, "epsdiluted": 0.45, "weightedAverageShsOut": 231793000, "weightedAverageShsOutDil": 241877000, "link": "https://www.sec.gov/Archives/edgar/data/900075/000090007518000048/0000900075-18-000048-index.htm", "finalLink": "https://www.sec.gov/Archives/edgar/data/900075/000090007518000048/cprt07312018-10k.htm"}, {"date": "2018-04-30", "symbol": "CPRT", "fillingDate": "2018-05-25", "acceptedDate": "2018-05-25 16:01:59", "period": "Q3", "revenue": 478198000, "costOfRevenue": 57538000, "grossProfit": 420660000, "grossProfitRatio": 0.8796774557819146, "researchAndDevelopmentExpenses": 0.0, "generalAndAdministrativeExpenses": 44449000, "sellingAndMarketingExpenses": 0.0, "otherExpenses": 259130000, "operatingExpenses": 44449000, "costAndExpenses": 101987000, "interestExpense": 4416000.0, "depreciationAndAmortization": 16684000, "ebitda": 191303000, "ebitdaratio": 0.400049770179, "operatingIncome": 174619000, "operatingIncomeRatio": 0.365160456547, "totalOtherIncomeExpensesNet": 731000.0, "incomeBeforeTax": 171216000, "incomeBeforeTaxRatio": 0.358044157441, "incomeTaxExpense": 43811000, "netIncome": 127348000, "netIncomeRatio": 0.266308098319, "eps": 0.55, "epsdiluted": 0.53, "weightedAverageShsOut": 231387000, "weightedAverageShsOutDil": 241030000, "link": "https://www.sec.gov/Archives/edgar/data/900075/000090007518000025/0000900075-18-000025-index.htm", "finalLink": "https://www.sec.gov/Archives/edgar/data/900075/000090007518000025/cprt04302018-10q.htm"}, {"date": "2018-01-31", "symbol": "CPRT", "fillingDate": "2018-02-27", "acceptedDate": "2018-02-27 17:30:03", "period": "Q2", "revenue": 459106000, "costOfRevenue": 50313000, "grossProfit": 408793000, "grossProfitRatio": 0.8904109290664901, "researchAndDevelopmentExpenses": 0.0, "generalAndAdministrativeExpenses": 40662000, "sellingAndMarketingExpenses": 0.0, "otherExpenses": 267497000, "operatingExpenses": 40662000, "costAndExpenses": 90975000, "interestExpense": 5758000.0, "depreciationAndAmortization": 17982000, "ebitda": 168929000, "ebitdaratio": 0.367952063358, "operatingIncome": 150947000, "operatingIncomeRatio": 0.32878463797, "totalOtherIncomeExpensesNet": -948000.0, "incomeBeforeTax": 144438000, "incomeBeforeTaxRatio": 0.314607084203, "incomeTaxExpense": 41137000, "netIncome": 103256000, "netIncomeRatio": 0.224906666434, "eps": 0.44, "epsdiluted": 0.43, "weightedAverageShsOut": 231086000, "weightedAverageShsOutDil": 240076000, "link": "https://www.sec.gov/Archives/edgar/data/900075/000090007518000015/0000900075-18-000015-index.htm", "finalLink": "https://www.sec.gov/Archives/edgar/data/900075/000090007518000015/cprt01312018-10q.htm"}, {"date": "2017-10-31", "symbol": "CPRT", "fillingDate": "2017-11-28", "acceptedDate": "2017-11-28 16:42:24", "period": "Q1", "revenue": 419168000, "costOfRevenue": 38297000, "grossProfit": 380871000, "grossProfitRatio": 0.9086356782960532, "researchAndDevelopmentExpenses": 0.0, "generalAndAdministrativeExpenses": 39322000, "sellingAndMarketingExpenses": 0.0, "otherExpenses": 255904000, "operatingExpenses": 39322000, "costAndExpenses": 77619000, "interestExpense": 5595000.0, "depreciationAndAmortization": 16012000, "ebitda": 139954000, "ebitdaratio": 0.333885220246, "operatingIncome": 123942000, "operatingIncomeRatio": 0.295685739369, "totalOtherIncomeExpensesNet": -4416000.0, "incomeBeforeTax": 114128000, "incomeBeforeTaxRatio": 0.272272692572, "incomeTaxExpense": 36568000, "netIncome": 77515000, "netIncomeRatio": 0.184925853119, "eps": 0.34, "epsdiluted": 0.32, "weightedAverageShsOut": 230694000, "weightedAverageShsOutDil": 238791000, "link": "https://www.sec.gov/Archives/edgar/data/900075/000090007517000062/0000900075-17-000062-index.htm", "finalLink": "https://www.sec.gov/Archives/edgar/data/900075/000090007517000044/cprt07312017-10k.htm"}, {"date": "2017-07-31", "symbol": "CPRT", "fillingDate": "2017-09-28", "acceptedDate": "2017-09-27 20:34:54", "period": "FY", "revenue": 378596000, "costOfRevenue": 35994000, "grossProfit": 342602000, "grossProfitRatio": 0.9049276801656647, "researchAndDevelopmentExpenses": 0.0, "generalAndAdministrativeExpenses": 37293000, "sellingAndMarketingExpenses": 0.0, "otherExpenses": 230496000, "operatingExpenses": 37293000, "costAndExpenses": 73287000, "interestExpense": 5807000.0, "depreciationAndAmortization": 13490000, "ebitda": 124297000, "ebitdaratio": 0.328310388911, "operatingIncome": 110807000, "operatingIncomeRatio": 0.292678739342, "totalOtherIncomeExpensesNet": 1057000.0, "incomeBeforeTax": 106379000, "incomeBeforeTaxRatio": 0.280982894695, "incomeTaxExpense": 36010000, "netIncome": 70335000, "netIncomeRatio": 0.185778507961, "eps": 0.3, "epsdiluted": 0.29, "weightedAverageShsOut": 228686000, "weightedAverageShsOutDil": 237019000, "link": "https://www.sec.gov/Archives/edgar/data/900075/000090007517000044/0000900075-17-000044-index.htm", "finalLink": "https://www.sec.gov/Archives/edgar/data/900075/000090007517000044/cprt07312017-10k.htm"}, {"date": "2017-04-30", "symbol": "CPRT", "fillingDate": "2017-05-25", "acceptedDate": "2017-05-25 16:19:58", "period": "Q3", "revenue": 373862000, "costOfRevenue": 34785000, "grossProfit": 339077000, "grossProfitRatio": 0.9069576474742017, "researchAndDevelopmentExpenses": 0.0, "generalAndAdministrativeExpenses": 35717000, "sellingAndMarketingExpenses": 0.0, "otherExpenses": 201357000, "operatingExpenses": 35717000, "costAndExpenses": 70502000, "interestExpense": 5869000.0, "depreciationAndAmortization": 13805000, "ebitda": 150593000, "ebitdaratio": 0.40280370832, "operatingIncome": 136788000, "operatingIncomeRatio": 0.365878318738, "totalOtherIncomeExpensesNet": -194000.0, "incomeBeforeTax": 131088000, "incomeBeforeTaxRatio": 0.350632051399, "incomeTaxExpense": 40542000, "netIncome": 90546000, "netIncomeRatio": 0.24219096886, "eps": -0.63, "epsdiluted": -0.6, "weightedAverageShsOut": 228146000, "weightedAverageShsOutDil": 236808000, "link": "https://www.sec.gov/Archives/edgar/data/900075/000090007517000032/0000900075-17-000032-index.htm", "finalLink": "https://www.sec.gov/Archives/edgar/data/900075/000090007517000032/cprt04302017-10q.htm"}, {"date": "2017-01-31", "symbol": "CPRT", "fillingDate": "2017-02-28", "acceptedDate": "2017-02-28 16:52:31", "period": "Q2", "revenue": 349532000, "costOfRevenue": 33686000, "grossProfit": 315846000, "grossProfitRatio": 0.9036254191318678, "researchAndDevelopmentExpenses": 0.0, "generalAndAdministrativeExpenses": 37885000, "sellingAndMarketingExpenses": 0.0, "otherExpenses": 202767000, "operatingExpenses": 37885000, "costAndExpenses": 71571000, "interestExpense": 6144000.0, "depreciationAndAmortization": 15326000, "ebitda": 124206000, "ebitdaratio": 0.355349438678, "operatingIncome": 108880000, "operatingIncomeRatio": 0.311502237277, "totalOtherIncomeExpensesNet": -3021000.0, "incomeBeforeTax": 100099000, "incomeBeforeTaxRatio": 0.286380073927, "incomeTaxExpense": 34033000, "netIncome": 66066000, "netIncomeRatio": 0.189012737031, "eps": 0.57, "epsdiluted": 0.56, "weightedAverageShsOut": 113644000, "weightedAverageShsOutDil": 118336000, "link": "https://www.sec.gov/Archives/edgar/data/900075/000090007517000013/0000900075-17-000013-index.htm", "finalLink": "https://www.sec.gov/Archives/edgar/data/900075/000090007517000013/cprt01312017-10q.htm"}, {"date": "2016-10-31", "symbol": "CPRT", "fillingDate": "2016-11-30", "acceptedDate": "2016-11-30 16:10:32", "period": "Q1", "revenue": 345991000, "costOfRevenue": 33087000, "grossProfit": 312904000, "grossProfitRatio": 0.9043703448933643, "researchAndDevelopmentExpenses": 0.0, "generalAndAdministrativeExpenses": 40469000, "sellingAndMarketingExpenses": 0.0, "otherExpenses": 200698000, "operatingExpenses": 40469000, "costAndExpenses": 73556000, "interestExpense": 5959000.0, "depreciationAndAmortization": 14820000, "ebitda": 119644000, "ebitdaratio": 0.345800902336, "operatingIncome": 104824000, "operatingIncomeRatio": 0.302967418228, "totalOtherIncomeExpensesNet": 3332000.0, "incomeBeforeTax": 102534000, "incomeBeforeTaxRatio": 0.296348748956, "incomeTaxExpense": -64746000, "netIncome": 167280000, "netIncomeRatio": 0.483480784182, "eps": 1.48, "epsdiluted": 1.41, "weightedAverageShsOut": 112718000, "weightedAverageShsOutDil": 118879000, "link": "https://www.sec.gov/Archives/edgar/data/900075/000090007516000108/0000900075-16-000108-index.htm", "finalLink": "https://www.sec.gov/Archives/edgar/data/900075/000090007516000081/cprt07312016-10k.htm"}, {"date": "2016-07-31", "symbol": "CPRT", "fillingDate": "2016-09-28", "acceptedDate": "2016-09-28 17:29:23", "period": "FY", "revenue": 332659000, "costOfRevenue": 37020000, "grossProfit": 295639000, "grossProfitRatio": 0.8887148701823789, "researchAndDevelopmentExpenses": 0.0, "generalAndAdministrativeExpenses": 35273000, "sellingAndMarketingExpenses": 0.0, "otherExpenses": 191195000, "operatingExpenses": 35273000, "costAndExpenses": 72293000, "interestExpense": 6610000.0, "depreciationAndAmortization": 13743000, "ebitda": 119934000, "ebitdaratio": 0.360531354931, "operatingIncome": 106191000, "operatingIncomeRatio": 0.319218779591, "totalOtherIncomeExpensesNet": 6051000.0, "incomeBeforeTax": 105985000, "incomeBeforeTaxRatio": 0.318599526843, "incomeTaxExpense": 21017000, "netIncome": 84968000, "netIncomeRatio": 0.255420716109, "eps": 0.78, "epsdiluted": 0.7, "weightedAverageShsOut": 114423000, "weightedAverageShsOutDil": 122147000, "link": "https://www.sec.gov/Archives/edgar/data/900075/000090007516000081/0000900075-16-000081-index.htm", "finalLink": "https://www.sec.gov/Archives/edgar/data/900075/000090007516000081/cprt07312016-10k.htm"}, {"date": "2016-04-30", "symbol": "CPRT", "fillingDate": "2016-05-26", "acceptedDate": "2016-05-26 16:04:07", "period": "Q3", "revenue": 347246000, "costOfRevenue": 37744000, "grossProfit": 309502000, "grossProfitRatio": 0.891304723452538, "researchAndDevelopmentExpenses": 0.0, "generalAndAdministrativeExpenses": 35699000, "sellingAndMarketingExpenses": 0.0, "otherExpenses": 189599000, "operatingExpenses": 35699000, "costAndExpenses": 73443000, "interestExpense": 5702000.0, "depreciationAndAmortization": 12606000, "ebitda": 134554000, "ebitdaratio": 0.387488984754, "operatingIncome": 121948000, "operatingIncomeRatio": 0.35118619077, "totalOtherIncomeExpensesNet": 39000.0, "incomeBeforeTax": 116568000, "incomeBeforeTaxRatio": 0.335692851754, "incomeTaxExpense": 42552000, "netIncome": 74016000, "netIncomeRatio": 0.213151483386, "eps": 0.64, "epsdiluted": 0.61, "weightedAverageShsOut": 117071000, "weightedAverageShsOutDil": 122692000, "link": "https://www.sec.gov/Archives/edgar/data/900075/000090007516000038/0000900075-16-000038-index.htm", "finalLink": "https://www.sec.gov/Archives/edgar/data/900075/000090007516000038/cprt04302016-10q.htm"}, {"date": "2016-01-31", "symbol": "CPRT", "fillingDate": "2016-02-25", "acceptedDate": "2016-02-25 17:21:46", "period": "Q2", "revenue": 299706000, "costOfRevenue": 34127000, "grossProfit": 265579000, "grossProfitRatio": 0.8861317424409254, "researchAndDevelopmentExpenses": 0.0, "generalAndAdministrativeExpenses": 32529000, "sellingAndMarketingExpenses": 0.0, "otherExpenses": 175092000, "operatingExpenses": 32529000, "costAndExpenses": 66656000, "interestExpense": 5570000.0, "depreciationAndAmortization": 11732000, "ebitda": 103817000, "ebitdaratio": 0.346396134879, "operatingIncome": 92085000, "operatingIncomeRatio": 0.307251106084, "totalOtherIncomeExpensesNet": 4435000.0, "incomeBeforeTax": 91552000, "incomeBeforeTaxRatio": 0.305472696576, "incomeTaxExpense": 32589000, "netIncome": 58963000, "netIncomeRatio": 0.196736134745, "eps": 0.5, "epsdiluted": 0.48, "weightedAverageShsOut": 118731000, "weightedAverageShsOutDil": 124240000, "link": "https://www.sec.gov/Archives/edgar/data/900075/000090007516000018/0000900075-16-000018-index.htm", "finalLink": "https://www.sec.gov/Archives/edgar/data/900075/000090007516000018/cprt01312016-10q.htm"}, {"date": "2015-10-31", "symbol": "CPRT", "fillingDate": "2015-11-24", "acceptedDate": "2015-11-24 16:25:02", "period": "Q1", "revenue": 288838000, "costOfRevenue": 32068000, "grossProfit": 256770000, "grossProfitRatio": 0.888975827280344, "researchAndDevelopmentExpenses": 0.0, "generalAndAdministrativeExpenses": 34615000, "sellingAndMarketingExpenses": 0.0, "otherExpenses": 167977000, "operatingExpenses": 34615000, "costAndExpenses": 66683000, "interestExpense": 5724000.0, "depreciationAndAmortization": 11562000, "ebitda": 97808000, "ebitdaratio": 0.338625804084, "operatingIncome": 86246000, "operatingIncomeRatio": 0.298596445066, "totalOtherIncomeExpensesNet": 1027000.0, "incomeBeforeTax": 81760000, "incomeBeforeTaxRatio": 0.283065247647, "incomeTaxExpense": 29347000, "netIncome": 52413000, "netIncomeRatio": 0.18146158054, "eps": 0.44, "epsdiluted": 0.42, "weightedAverageShsOut": 120155000, "weightedAverageShsOutDil": 125572000, "link": "https://www.sec.gov/Archives/edgar/data/900075/000162828015008971/0001628280-15-008971-index.htm", "finalLink": "https://www.sec.gov/Archives/edgar/data/900075/000162828015007286/cprt07312015-10k.htm"}, {"date": "2015-07-31", "symbol": "CPRT", "fillingDate": "2015-09-25", "acceptedDate": "2015-09-25 17:28:10", "period": "FY", "revenue": 282293000, "costOfRevenue": 32718000, "grossProfit": 249575000, "grossProfitRatio": 0.8840991452143695, "researchAndDevelopmentExpenses": 0.0, "generalAndAdministrativeExpenses": 32019000, "sellingAndMarketingExpenses": 0.0, "otherExpenses": 163509000, "operatingExpenses": 32019000, "costAndExpenses": 64737000, "interestExpense": 5606000.0, "depreciationAndAmortization": 11314000, "ebitda": 98079000, "ebitdaratio": 0.347436882955, "operatingIncome": 86765000, "operatingIncomeRatio": 0.307357957866, "totalOtherIncomeExpensesNet": 53000.0, "incomeBeforeTax": 81446000, "incomeBeforeTaxRatio": 0.28851583284, "incomeTaxExpense": 24034000, "netIncome": 57412000, "netIncomeRatio": 0.203377341982, "eps": 0.46, "epsdiluted": 0.44, "weightedAverageShsOut": 125914000, "weightedAverageShsOutDil": 131425000, "link": "https://www.sec.gov/Archives/edgar/data/900075/000162828015007286/0001628280-15-007286-index.htm", "finalLink": "https://www.sec.gov/Archives/edgar/data/900075/000162828015007286/cprt07312015-10k.htm"}, {"date": "2015-04-30", "symbol": "CPRT", "fillingDate": "2015-05-28", "acceptedDate": "2015-05-28 17:27:07", "period": "Q3", "revenue": 297142000, "costOfRevenue": 34503000, "grossProfit": 262639000, "grossProfitRatio": 0.8838837996648067, "researchAndDevelopmentExpenses": 0.0, "generalAndAdministrativeExpenses": 32650000, "sellingAndMarketingExpenses": 0.0, "otherExpenses": 169725000, "operatingExpenses": 32650000, "costAndExpenses": 67153000, "interestExpense": 5917000.0, "depreciationAndAmortization": 12212000, "ebitda": 106979000, "ebitdaratio": 0.360026519307, "operatingIncome": 94767000, "operatingIncomeRatio": 0.318928323832, "totalOtherIncomeExpensesNet": -815000.0, "incomeBeforeTax": 88296000, "incomeBeforeTaxRatio": 0.297150857166, "incomeTaxExpense": 30733000, "netIncome": 57563000, "netIncomeRatio": 0.193722193429, "eps": 0.46, "epsdiluted": 0.43, "weightedAverageShsOut": 126309000, "weightedAverageShsOutDil": 131837000, "link": "https://www.sec.gov/Archives/edgar/data/900075/000114544315000751/0001145443-15-000751-index.htm", "finalLink": "https://www.sec.gov/Archives/edgar/data/900075/000114544315000751/d32436_10q.htm"}, {"date": "2015-01-31", "symbol": "CPRT", "fillingDate": "2015-03-04", "acceptedDate": "2015-03-03 20:55:56", "period": "Q2", "revenue": 276258000, "costOfRevenue": 32118000, "grossProfit": 244140000, "grossProfitRatio": 0.8837391134374389, "researchAndDevelopmentExpenses": 0.0, "generalAndAdministrativeExpenses": 34399000, "sellingAndMarketingExpenses": 0.0, "otherExpenses": 161391000, "operatingExpenses": 34399000, "costAndExpenses": 66517000, "interestExpense": 4688000.0, "depreciationAndAmortization": 11400000, "ebitda": 91868000, "ebitdaratio": 0.332544215914, "operatingIncome": 80468000, "operatingIncomeRatio": 0.291278442615, "totalOtherIncomeExpensesNet": 4141000.0, "incomeBeforeTax": 80104000, "incomeBeforeTaxRatio": 0.289960833713, "incomeTaxExpense": 27911000, "netIncome": 52193000, "netIncomeRatio": 0.18892846542, "eps": 0.41, "epsdiluted": 0.4, "weightedAverageShsOut": 126258000, "weightedAverageShsOutDil": 131694000, "link": "https://www.sec.gov/Archives/edgar/data/900075/000121390015001536/0001213900-15-001536-index.htm", "finalLink": "https://www.sec.gov/Archives/edgar/data/900075/000121390015001536/d32162.htm"}, {"date": "2014-10-31", "symbol": "CPRT", "fillingDate": "2014-11-26", "acceptedDate": "2014-11-26 15:10:20", "period": "Q1", "revenue": 290386000, "costOfRevenue": 37073000, "grossProfit": 253313000, "grossProfitRatio": 0.8723319994765588, "researchAndDevelopmentExpenses": 0.0, "generalAndAdministrativeExpenses": 39907000, "sellingAndMarketingExpenses": 0.0, "otherExpenses": 168078000, "operatingExpenses": 39907000, "costAndExpenses": 76980000, "interestExpense": 1910000.0, "depreciationAndAmortization": 13967000, "ebitda": 96368000, "ebitdaratio": 0.331861728871, "operatingIncome": 82401000, "operatingIncomeRatio": 0.283763680067, "totalOtherIncomeExpensesNet": 1593000.0, "incomeBeforeTax": 82223000, "incomeBeforeTaxRatio": 0.283150702858, "incomeTaxExpense": 29608000, "netIncome": 52615000, "netIncomeRatio": 0.181189864525, "eps": 0.42, "epsdiluted": 0.4, "weightedAverageShsOut": 126217000, "weightedAverageShsOutDil": 131517000, "link": "https://www.sec.gov/Archives/edgar/data/900075/000114544314001435/0001145443-14-001435-index.htm", "finalLink": "https://www.sec.gov/Archives/edgar/data/900075/000114544314001196/d31671.htm"}, {"date": "2014-07-31", "symbol": "CPRT", "fillingDate": "2014-09-29", "acceptedDate": "2014-09-29 17:23:28", "period": "FY", "revenue": 170347000, "costOfRevenue": 31240000, "grossProfit": 139107000, "grossProfitRatio": 0.8166096262335116, "researchAndDevelopmentExpenses": 0.0, "generalAndAdministrativeExpenses": 14476000, "sellingAndMarketingExpenses": 0.0, "otherExpenses": 170511000, "operatingExpenses": 211592000, "costAndExpenses": 250089000, "interestExpense": 3668000.0, "depreciationAndAmortization": 16379000, "ebitda": 100295000, "ebitdaratio": 0.588768807199, "operatingIncome": 83916000, "operatingIncomeRatio": 0.492618009123, "totalOtherIncomeExpensesNet": 77000.0, "incomeBeforeTax": 80721000, "incomeBeforeTaxRatio": 0.473862175442, "incomeTaxExpense": 28340000, "netIncome": 52381000, "netIncomeRatio": 0.307495876065, "eps": 0.42, "epsdiluted": 0.42, "weightedAverageShsOut": 124912000, "weightedAverageShsOutDil": 129781000, "link": "https://www.sec.gov/Archives/edgar/data/900075/000114544314001196/0001145443-14-001196-index.htm", "finalLink": "https://www.sec.gov/Archives/edgar/data/900075/000114544314001196/d31671.htm"}, {"date": "2014-04-30", "symbol": "CPRT", "fillingDate": "2014-06-09", "acceptedDate": "2014-06-09 17:17:40", "period": "Q3", "revenue": 309722000, "costOfRevenue": 46263000, "grossProfit": 263459000, "grossProfitRatio": 0.8506305654748452, "researchAndDevelopmentExpenses": 0.0, "generalAndAdministrativeExpenses": 40515000, "sellingAndMarketingExpenses": 0.0, "otherExpenses": 553509000, "operatingExpenses": 594024000, "costAndExpenses": 640287000, "interestExpense": 6599000.0, "depreciationAndAmortization": 12769000, "ebitda": 75402000, "ebitdaratio": 0.243450578261, "operatingIncome": 62633000, "operatingIncomeRatio": 0.202223284106, "totalOtherIncomeExpensesNet": 1878000.0, "incomeBeforeTax": 61318000, "incomeBeforeTaxRatio": 0.19797754115, "incomeTaxExpense": 20441000, "netIncome": 40877000, "netIncomeRatio": 0.131979646263, "eps": 0.33, "epsdiluted": 0.31, "weightedAverageShsOut": 125604000, "weightedAverageShsOutDil": 131095000, "link": "https://www.sec.gov/Archives/edgar/data/900075/000114544314000869/0001145443-14-000869-index.htm", "finalLink": "https://www.sec.gov/Archives/edgar/data/900075/000114544314000869/d31292.htm"}, {"date": "2014-01-31", "symbol": "CPRT", "fillingDate": null, "acceptedDate": null, "period": "Q2", "revenue": 286434000, "costOfRevenue": 43642000, "grossProfit": 242792000, "grossProfitRatio": 0.8476368028935113, "researchAndDevelopmentExpenses": 0.0, "generalAndAdministrativeExpenses": 40062000, "sellingAndMarketingExpenses": 0.0, "otherExpenses": 0.0, "operatingExpenses": 40062000, "costAndExpenses": 83704000, "interestExpense": 0.0, "depreciationAndAmortization": 13076000, "ebitda": 84560000, "ebitdaratio": 0.295216350014, "operatingIncome": 71484000, "operatingIncomeRatio": 0.249565344896, "totalOtherIncomeExpensesNet": -896000.0, "incomeBeforeTax": 70588000, "incomeBeforeTaxRatio": 0.246437224631, "incomeTaxExpense": 25243000, "netIncome": 45345000, "netIncomeRatio": 0.158308720333, "eps": 0.36, "epsdiluted": 0.34, "weightedAverageShsOut": 125512000, "weightedAverageShsOutDil": 130904000, "link": null, "finalLink": null}, {"date": "2013-10-31", "symbol": "CPRT", "fillingDate": "2013-12-10", "acceptedDate": "2013-12-10 17:30:25", "period": "Q1", "revenue": 279883000, "costOfRevenue": 46091000, "grossProfit": 233792000, "grossProfitRatio": 0.8353204731977291, "researchAndDevelopmentExpenses": 0.0, "generalAndAdministrativeExpenses": 42877000, "sellingAndMarketingExpenses": 0.0, "otherExpenses": 172047000, "operatingExpenses": 42877000, "costAndExpenses": 88968000, "interestExpense": 0.0, "depreciationAndAmortization": 14504000, "ebitda": 79463000, "ebitdaratio": 0.283915064509, "operatingIncome": 64959000, "operatingIncomeRatio": 0.232093410461, "totalOtherIncomeExpensesNet": 1423000.0, "incomeBeforeTax": 64245000, "incomeBeforeTaxRatio": 0.22954234448, "incomeTaxExpense": 22823000, "netIncome": 41422000, "netIncomeRatio": 0.147997556122, "eps": 0.33, "epsdiluted": 0.32, "weightedAverageShsOut": 125460000, "weightedAverageShsOutDil": 130706000, "link": "https://www.sec.gov/Archives/edgar/data/900075/000114544313002257/0001145443-13-002257-index.htm", "finalLink": "https://www.sec.gov/Archives/edgar/data/900075/000114544313001938/d30512.htm"}, {"date": "2013-07-31", "symbol": "CPRT", "fillingDate": "2013-09-30", "acceptedDate": "2013-09-30 17:09:08", "period": "FY", "revenue": 141502000, "costOfRevenue": 12825000, "grossProfit": 128677000, "grossProfitRatio": 0.9093652386538706, "researchAndDevelopmentExpenses": 0.0, "generalAndAdministrativeExpenses": 16582000, "sellingAndMarketingExpenses": 0.0, "otherExpenses": 102118000, "operatingExpenses": 16582000, "costAndExpenses": 29407000, "interestExpense": 0.0, "depreciationAndAmortization": 5919000.0, "ebitda": 72332000, "ebitdaratio": 0.511172986954, "operatingIncome": 66413000, "operatingIncomeRatio": 0.469343189496, "totalOtherIncomeExpensesNet": 822000.0, "incomeBeforeTax": 63346000, "incomeBeforeTaxRatio": 0.44766858419, "incomeTaxExpense": 19948000, "netIncome": 43398000, "netIncomeRatio": 0.306695311727, "eps": 0.31, "epsdiluted": 0.32, "weightedAverageShsOut": 128120000, "weightedAverageShsOutDil": 131428000, "link": "https://www.sec.gov/Archives/edgar/data/900075/000114544313001938/0001145443-13-001938-index.htm", "finalLink": "https://www.sec.gov/Archives/edgar/data/900075/000114544312001120/d29549.htm"}, {"date": "2013-04-30", "symbol": "CPRT", "fillingDate": null, "acceptedDate": "Not found...", "period": "Q3", "revenue": 277638000, "costOfRevenue": 45631000, "grossProfit": 232007000, "grossProfitRatio": 0.8356456969146875, "researchAndDevelopmentExpenses": 0.0, "generalAndAdministrativeExpenses": 32784000, "sellingAndMarketingExpenses": 0.0, "otherExpenses": 0.0, "operatingExpenses": 32784000, "costAndExpenses": 78415000, "interestExpense": 0.0, "depreciationAndAmortization": 14797000, "ebitda": 97610000, "ebitdaratio": 0.351572911489, "operatingIncome": 82813000, "operatingIncomeRatio": 0.298276892933, "totalOtherIncomeExpensesNet": -808000.0, "incomeBeforeTax": 82005000, "incomeBeforeTaxRatio": 0.295366628487, "incomeTaxExpense": 28769000, "netIncome": 53236000, "netIncomeRatio": 0.191746086631, "eps": 0.42, "epsdiluted": 0.41, "weightedAverageShsOut": 124755000, "weightedAverageShsOutDil": 129502000, "link": "updating...", "finalLink": null}, {"date": "2013-01-31", "symbol": "CPRT", "fillingDate": null, "acceptedDate": "Not found...", "period": "Q2", "revenue": 266185000, "costOfRevenue": 42204000, "grossProfit": 223981000, "grossProfitRatio": 0.8414486165636681, "researchAndDevelopmentExpenses": 0.0, "generalAndAdministrativeExpenses": 34047000, "sellingAndMarketingExpenses": 0.0, "otherExpenses": 0.0, "operatingExpenses": 34047000, "costAndExpenses": 76251000, "interestExpense": 0.0, "depreciationAndAmortization": 14612000, "ebitda": 77382000, "ebitdaratio": 0.290707590585, "operatingIncome": 62770000, "operatingIncomeRatio": 0.235813438022, "totalOtherIncomeExpensesNet": -1653000.0, "incomeBeforeTax": 61117000, "incomeBeforeTaxRatio": 0.22960347127, "incomeTaxExpense": 21477000, "netIncome": 39640000, "netIncomeRatio": 0.148918984917, "eps": 0.32, "epsdiluted": 0.3, "weightedAverageShsOut": 124505000, "weightedAverageShsOutDil": 128997000, "link": "updating...", "finalLink": null}, {"date": "2012-10-31", "symbol": "CPRT", "fillingDate": null, "acceptedDate": "Not found...", "period": "Q1", "revenue": 238866000, "costOfRevenue": 36311000, "grossProfit": 202555000, "grossProfitRatio": 0.8479859000443764, "researchAndDevelopmentExpenses": 0.0, "generalAndAdministrativeExpenses": 31079000, "sellingAndMarketingExpenses": 0.0, "otherExpenses": 0.0, "operatingExpenses": 31079000, "costAndExpenses": 67390000, "interestExpense": 0.0, "depreciationAndAmortization": 12839000, "ebitda": 87196000, "ebitdaratio": 0.365041487696, "operatingIncome": 74357000, "operatingIncomeRatio": 0.311291686552, "totalOtherIncomeExpensesNet": -2769000.0, "incomeBeforeTax": 71588000, "incomeBeforeTaxRatio": 0.29969941306, "incomeTaxExpense": 25743000, "netIncome": 45845000, "netIncomeRatio": 0.191927691677, "eps": 0.37, "epsdiluted": 0.36, "weightedAverageShsOut": 124302000, "weightedAverageShsOutDil": 128473000, "link": "updating...", "finalLink": null}, {"date": "2012-07-31", "symbol": "CPRT", "fillingDate": "2012-10-01", "acceptedDate": "2012-10-01 14:44:35", "period": "FY", "revenue": 226556000, "costOfRevenue": 32914000, "grossProfit": 193642000, "grossProfitRatio": 0.854720245767051, "researchAndDevelopmentExpenses": 0.0, "generalAndAdministrativeExpenses": 29932000, "sellingAndMarketingExpenses": 0.0, "otherExpenses": 23995000, "operatingExpenses": 29932000, "costAndExpenses": 62846000, "interestExpense": 0.0, "depreciationAndAmortization": 11851000, "ebitda": 81345000, "ebitdaratio": 0.359050301029, "operatingIncome": 69494000, "operatingIncomeRatio": 0.306740938223, "totalOtherIncomeExpensesNet": 515000.0, "incomeBeforeTax": 67478000, "incomeBeforeTaxRatio": 0.297842476032, "incomeTaxExpense": 22582000, "netIncome": 44896000, "netIncomeRatio": 0.198167340525, "eps": 0.35, "epsdiluted": 0.35, "weightedAverageShsOut": 128120000, "weightedAverageShsOutDil": 131428000, "link": "https://www.sec.gov/Archives/edgar/data/900075/000114544312001120/0001145443-12-001120-index.htm", "finalLink": "https://www.sec.gov/Archives/edgar/data/900075/000114544311000951/d27786.htm"}, {"date": "2012-04-30", "symbol": "CPRT", "fillingDate": null, "acceptedDate": "Not found...", "period": "Q3", "revenue": 244105000, "costOfRevenue": 36258000, "grossProfit": 207847000, "grossProfitRatio": 0.8514655578542021, "researchAndDevelopmentExpenses": 0.0, "generalAndAdministrativeExpenses": 27325000, "sellingAndMarketingExpenses": 0.0, "otherExpenses": 0.0, "operatingExpenses": 27325000, "costAndExpenses": 63583000, "interestExpense": 0.0, "depreciationAndAmortization": 12069000, "ebitda": 100013000, "ebitdaratio": 0.409713033326, "operatingIncome": 87944000, "operatingIncomeRatio": 0.360271194773, "totalOtherIncomeExpensesNet": -3397000.0, "incomeBeforeTax": 84547000, "incomeBeforeTaxRatio": 0.346355052129, "incomeTaxExpense": 29076000, "netIncome": 55471000, "netIncomeRatio": 0.227242375207, "eps": -0.19, "epsdiluted": -0.19, "weightedAverageShsOut": 128794000, "weightedAverageShsOutDil": 131959000, "link": "updating...", "finalLink": null}, {"date": "2012-01-31", "symbol": "CPRT", "fillingDate": null, "acceptedDate": "Not found...", "period": "Q2", "revenue": 227904000, "costOfRevenue": 33605000, "grossProfit": 194299000, "grossProfitRatio": 0.8525475638865487, "researchAndDevelopmentExpenses": 0.0, "generalAndAdministrativeExpenses": 27386000, "sellingAndMarketingExpenses": 0.0, "otherExpenses": 0.0, "operatingExpenses": 27386000, "costAndExpenses": -35216000, "interestExpense": -2187000.0, "depreciationAndAmortization": 12220000, "ebitda": 75759000, "ebitdaratio": 0.332416280539, "operatingIncome": 63539000, "operatingIncomeRatio": 0.278797212862, "totalOtherIncomeExpensesNet": -1323000.0, "incomeBeforeTax": 62216000, "incomeBeforeTaxRatio": 0.27299213704, "incomeTaxExpense": 21613000, "netIncome": 40603000, "netIncomeRatio": 0.178158347374, "eps": 0.63, "epsdiluted": 0.61, "weightedAverageShsOut": 64935000, "weightedAverageShsOutDil": 66348000, "link": "updating...", "finalLink": null}, {"date": "2011-10-31", "symbol": "CPRT", "fillingDate": null, "acceptedDate": "Not found...", "period": "Q1", "revenue": 225626000, "costOfRevenue": 34194000, "grossProfit": 191432000, "grossProfitRatio": 0.8484483171265723, "researchAndDevelopmentExpenses": 0.0, "generalAndAdministrativeExpenses": 29849000, "sellingAndMarketingExpenses": 0.0, "otherExpenses": 0.0, "operatingExpenses": 29849000, "costAndExpenses": 160250000, "interestExpense": 2187000.0, "depreciationAndAmortization": 12027000, "ebitda": 77403000, "ebitdaratio": 0.343058867329, "operatingIncome": 65376000, "operatingIncomeRatio": 0.289753840426, "totalOtherIncomeExpensesNet": -1561000.0, "incomeBeforeTax": 63815000, "incomeBeforeTaxRatio": 0.282835311533, "incomeTaxExpense": 22666000, "netIncome": 41149000, "netIncomeRatio": 0.182377031016, "eps": 0.63, "epsdiluted": 0.62, "weightedAverageShsOut": 65716000, "weightedAverageShsOutDil": 66901000, "link": "updating...", "finalLink": null}, {"date": "2011-07-31", "symbol": "CPRT", "fillingDate": "2011-09-28", "acceptedDate": "2011-09-27 21:14:34", "period": "FY", "revenue": 215442000, "costOfRevenue": 35142000, "grossProfit": 180300000, "grossProfitRatio": 0.8368841730024786, "researchAndDevelopmentExpenses": 0.0, "generalAndAdministrativeExpenses": 26131000, "sellingAndMarketingExpenses": 0.0, "otherExpenses": 74466000, "operatingExpenses": 26131000, "costAndExpenses": 151987000, "interestExpense": 1813000.0, "depreciationAndAmortization": 11331000, "ebitda": 74786000, "ebitdaratio": 0.347128229407, "operatingIncome": 63455000, "operatingIncomeRatio": 0.29453402772, "totalOtherIncomeExpensesNet": 1736000.0, "incomeBeforeTax": 62644000, "incomeBeforeTaxRatio": 0.290769673508, "incomeTaxExpense": 22123000, "netIncome": 40521000, "netIncomeRatio": 0.188083103573, "eps": 0.59, "epsdiluted": 0.58, "weightedAverageShsOut": 75649000, "weightedAverageShsOutDil": 76676000, "link": "https://www.sec.gov/Archives/edgar/data/900075/000114544311000951/0001145443-11-000951-index.htm", "finalLink": "https://www.sec.gov/Archives/edgar/data/900075/000104746910008242/a2200235z10-k.htm"}, {"date": "2011-04-30", "symbol": "CPRT", "fillingDate": null, "acceptedDate": "Not found...", "period": "Q3", "revenue": 236757000, "costOfRevenue": 34852000, "grossProfit": 201905000, "grossProfitRatio": 0.8527942151657607, "researchAndDevelopmentExpenses": 0.0, "generalAndAdministrativeExpenses": 26863000, "sellingAndMarketingExpenses": 0.0, "otherExpenses": 0.0, "operatingExpenses": 26863000, "costAndExpenses": 154712000, "interestExpense": 1833000.0, "depreciationAndAmortization": 11274000, "ebitda": 93319000, "ebitdaratio": 0.394155188653, "operatingIncome": 82045000, "operatingIncomeRatio": 0.346536744426, "totalOtherIncomeExpensesNet": -1695000.0, "incomeBeforeTax": 80350000, "incomeBeforeTaxRatio": 0.339377505206, "incomeTaxExpense": 30215000, "netIncome": 50135000, "netIncomeRatio": 0.211757202533, "eps": 0.69, "epsdiluted": 0.68, "weightedAverageShsOut": 78357000, "weightedAverageShsOutDil": 79224000, "link": "updating...", "finalLink": null}, {"date": "2011-01-31", "symbol": "CPRT", "fillingDate": null, "acceptedDate": "Not found...", "period": "Q2", "revenue": 207380000, "costOfRevenue": 27002000, "grossProfit": 180378000, "grossProfitRatio": 0.8697945799980712, "researchAndDevelopmentExpenses": 0.0, "generalAndAdministrativeExpenses": 25351000, "sellingAndMarketingExpenses": 0.0, "otherExpenses": 0.0, "operatingExpenses": 25351000, "costAndExpenses": 147184000, "interestExpense": 417000.0, "depreciationAndAmortization": 11367000, "ebitda": 71563000, "ebitdaratio": 0.345081492912, "operatingIncome": 60196000, "operatingIncomeRatio": 0.29026907127, "totalOtherIncomeExpensesNet": 524000.0, "incomeBeforeTax": 60720000, "incomeBeforeTaxRatio": 0.292795833735, "incomeTaxExpense": 22824000, "netIncome": 37896000, "netIncomeRatio": 0.182737004533, "eps": 0.47, "epsdiluted": 0.46, "weightedAverageShsOut": 82492000, "weightedAverageShsOutDil": 83180000, "link": "updating...", "finalLink": null}, {"date": "2010-10-31", "symbol": "CPRT", "fillingDate": null, "acceptedDate": "Not found...", "period": "Q1", "revenue": 212667000, "costOfRevenue": 28206000, "grossProfit": 184461000, "grossProfitRatio": 0.867370113839947, "researchAndDevelopmentExpenses": 0.0, "generalAndAdministrativeExpenses": 29260000, "sellingAndMarketingExpenses": 0.0, "otherExpenses": 0.0, "operatingExpenses": 29260000, "costAndExpenses": 153073000, "interestExpense": 15000.0, "depreciationAndAmortization": 11722000, "ebitda": 71316000, "ebitdaratio": 0.335341167177, "operatingIncome": 59594000, "operatingIncomeRatio": 0.280222131313, "totalOtherIncomeExpensesNet": 569000.0, "incomeBeforeTax": 60163000, "incomeBeforeTaxRatio": 0.282897675709, "incomeTaxExpense": 22340000, "netIncome": 37823000, "netIncomeRatio": 0.177850818416, "eps": 0.45, "epsdiluted": 0.45, "weightedAverageShsOut": 83745000, "weightedAverageShsOutDil": 84406000, "link": "updating...", "finalLink": null}, {"date": "2010-07-31", "symbol": "CPRT", "fillingDate": "2010-09-23", "acceptedDate": "2010-09-23 13:20:46", "period": "FY", "revenue": 190468000, "costOfRevenue": 26627000, "grossProfit": 163841000, "grossProfitRatio": 0.8602022386962639, "researchAndDevelopmentExpenses": 0.0, "generalAndAdministrativeExpenses": 29004000, "sellingAndMarketingExpenses": 0.0, "otherExpenses": 104244000, "operatingExpenses": 133248000, "costAndExpenses": 237921000, "interestExpense": 15000.0, "depreciationAndAmortization": 11151000, "ebitda": 68371000, "ebitdaratio": 0.3589631854169729, "operatingIncome": 57220000, "operatingIncomeRatio": 0.30041791797047274, "totalOtherIncomeExpensesNet": 477000.0, "incomeBeforeTax": 57686000, "incomeBeforeTaxRatio": 0.3028645231744965, "incomeTaxExpense": 0.0, "netIncome": 36233000, "netIncomeRatio": 0.19023142995148792, "eps": 1.8, "epsdiluted": 1.8, "weightedAverageShsOut": 84165000, "weightedAverageShsOutDil": 84165000, "link": "https://www.sec.gov/Archives/edgar/data/900075/000104746910008242/0001047469-10-008242-index.htm", "finalLink": "https://www.sec.gov/Archives/edgar/data/900075/000104746910008242/a2200235z10-k.htm"}, {"date": "2010-04-30", "symbol": "CPRT", "fillingDate": "2010-06-09", "acceptedDate": "2010-06-09 16:59:36", "period": "Q3", "revenue": 220348000, "costOfRevenue": 31436000, "grossProfit": 188912000, "grossProfitRatio": 0.8573347613774575, "researchAndDevelopmentExpenses": 0.0, "generalAndAdministrativeExpenses": 28373000, "sellingAndMarketingExpenses": 0.0, "otherExpenses": 119851000, "operatingExpenses": 148224000, "costAndExpenses": 148224000, "interestExpense": 37000.0, "depreciationAndAmortization": 11013000, "ebitda": 83137000, "ebitdaratio": 0.3772986367019442, "operatingIncome": 72124000, "operatingIncomeRatio": 0.3273186051155445, "totalOtherIncomeExpensesNet": -570000.0, "incomeBeforeTax": 71583000, "incomeBeforeTaxRatio": 0.32486339789787066, "incomeTaxExpense": 0.0, "netIncome": 44389000, "netIncomeRatio": 0.2014495252963494, "eps": 1.37, "epsdiluted": 1.37, "weightedAverageShsOut": 84125000, "weightedAverageShsOutDil": 84125000, "link": "https://www.sec.gov/Archives/edgar/data/900075/000110465910033167/0001104659-10-033167-index.htm", "finalLink": "https://www.sec.gov/Archives/edgar/data/900075/000110465910033167/a10-11715_110q.htm"}, {"date": "2010-01-31", "symbol": "CPRT", "fillingDate": "2010-03-12", "acceptedDate": "2010-03-12 16:35:39", "period": "Q2", "revenue": 176602000, "costOfRevenue": 22181000, "grossProfit": 154421000, "grossProfitRatio": 0.8744011959094461, "researchAndDevelopmentExpenses": 0.0, "generalAndAdministrativeExpenses": 25454000, "sellingAndMarketingExpenses": 0.0, "otherExpenses": 97914000, "operatingExpenses": 123368000, "costAndExpenses": 123368000, "interestExpense": 22000.0, "depreciationAndAmortization": 10464000, "ebitda": 63698000, "ebitdaratio": 0.3606867419395024, "operatingIncome": 53234000, "operatingIncomeRatio": 0.3014348648373178, "totalOtherIncomeExpensesNet": -102000.0, "incomeBeforeTax": 53174000, "incomeBeforeTaxRatio": 0.3010951178355851, "incomeTaxExpense": 0.0, "netIncome": 35735000, "netIncomeRatio": 0.20234765178197303, "eps": 0.84, "epsdiluted": 0.84, "weightedAverageShsOut": 84077000, "weightedAverageShsOutDil": 84077000, "link": "https://www.sec.gov/Archives/edgar/data/900075/000110465910014017/0001104659-10-014017-index.htm", "finalLink": "https://www.sec.gov/Archives/edgar/data/900075/000110465910014017/a10-5582_110q.htm"}, {"date": "2009-10-31", "symbol": "CPRT", "fillingDate": "2009-12-09", "acceptedDate": "2009-12-09 17:07:28", "period": "Q1", "revenue": 185461000, "costOfRevenue": 24429000, "grossProfit": 161032000, "grossProfitRatio": 0.868279584387014, "researchAndDevelopmentExpenses": 0.0, "generalAndAdministrativeExpenses": 26093000, "sellingAndMarketingExpenses": 0.0, "otherExpenses": 102876000, "operatingExpenses": 128969000, "costAndExpenses": 128969000, "interestExpense": 142000.0, "depreciationAndAmortization": 10614000, "ebitda": 67106000, "ebitdaratio": 0.3618334852071325, "operatingIncome": 56492000, "operatingIncomeRatio": 0.3046031241069551, "totalOtherIncomeExpensesNet": 631000.0, "incomeBeforeTax": 57052000, "incomeBeforeTaxRatio": 0.3076226268595554, "incomeTaxExpense": 0.0, "netIncome": 35270000, "netIncomeRatio": 0.19017475372180673, "eps": 0.42, "epsdiluted": 0.42, "weightedAverageShsOut": 84045000, "weightedAverageShsOutDil": 84045000, "link": "https://www.sec.gov/Archives/edgar/data/900075/000110465909069171/0001104659-09-069171-index.htm", "finalLink": "https://www.sec.gov/Archives/edgar/data/900075/000104746909008622/a2194735z10-k.htm"}, {"date": "2009-07-31", "symbol": "CPRT", "fillingDate": "2009-09-29", "acceptedDate": "2009-09-29 17:29:31", "period": "FY", "revenue": 184332000, "costOfRevenue": 25509000, "grossProfit": 158823000, "grossProfitRatio": 0.8616138272247901, "researchAndDevelopmentExpenses": 0.0, "generalAndAdministrativeExpenses": 24541000, "sellingAndMarketingExpenses": -464012000, "otherExpenses": 430830000, "operatingExpenses": 128943000, "costAndExpenses": 154452000, "interestExpense": 274000.0, "depreciationAndAmortization": 10622000, "ebitda": 66011000, "ebitdaratio": 0.3581092810797908, "operatingIncome": 55389000, "operatingIncomeRatio": 0.30048499446650606, "totalOtherIncomeExpensesNet": 997000.0, "incomeBeforeTax": 56335000, "incomeBeforeTaxRatio": 0.3056170388212573, "incomeTaxExpense": 0.0, "netIncome": 34627000, "netIncomeRatio": 0.1878512683636048, "eps": 1.67, "epsdiluted": 1.67, "weightedAverageShsOut": 83537000, "weightedAverageShsOutDil": 83537000, "link": "https://www.sec.gov/Archives/edgar/data/900075/000104746909008622/0001047469-09-008622-index.htm", "finalLink": "https://www.sec.gov/Archives/edgar/data/900075/000104746909008622/a2194735z10-k.htm"}, {"date": "2009-04-30", "symbol": "CPRT", "fillingDate": "2009-06-09", "acceptedDate": "2009-06-09 17:30:07", "period": "Q3", "revenue": 197326000, "costOfRevenue": 26798000, "grossProfit": 170528000, "grossProfitRatio": 0.8641942774900419, "researchAndDevelopmentExpenses": 0.0, "generalAndAdministrativeExpenses": 20587000, "sellingAndMarketingExpenses": 165001000, "otherExpenses": 536000.0, "operatingExpenses": 132446000, "costAndExpenses": 159244000, "interestExpense": 0.0, "depreciationAndAmortization": 9898000.0, "ebitda": 74778000, "ebitdaratio": 0.37895665041606275, "operatingIncome": 64880000, "operatingIncomeRatio": 0.328796002554149, "totalOtherIncomeExpensesNet": 536000.0, "incomeBeforeTax": 65896000, "incomeBeforeTaxRatio": 0.3339448425448243, "incomeTaxExpense": 0.0, "netIncome": 42069000, "netIncomeRatio": 0.21319542280287443, "eps": 1.26, "epsdiluted": 1.26, "weightedAverageShsOut": 83451000, "weightedAverageShsOutDil": 83451000, "link": "https://www.sec.gov/Archives/edgar/data/900075/000110465909037456/0001104659-09-037456-index.htm", "finalLink": "https://www.sec.gov/Archives/edgar/data/900075/000110465909037456/a09-15254_110q.htm"}, {"date": "2009-01-31", "symbol": "CPRT", "fillingDate": "2009-03-12", "acceptedDate": "2009-03-12 17:29:23", "period": "Q2", "revenue": 169855000, "costOfRevenue": 53722000, "grossProfit": 116133000, "grossProfitRatio": 0.6837184657501987, "researchAndDevelopmentExpenses": 0.0, "generalAndAdministrativeExpenses": 41807000, "sellingAndMarketingExpenses": 299011000, "otherExpenses": -132628000, "operatingExpenses": 124284000, "costAndExpenses": 178006000, "interestExpense": 0.0, "depreciationAndAmortization": 10125000, "ebitda": 55696000, "ebitdaratio": 0.32790321156280355, "operatingIncome": 45571000, "operatingIncomeRatio": 0.26829354449383297, "totalOtherIncomeExpensesNet": -1798000.0, "incomeBeforeTax": 44181000, "incomeBeforeTaxRatio": 0.26011009390362366, "incomeTaxExpense": 0.0, "netIncome": 27153000, "netIncomeRatio": 0.15985988048629712, "eps": 0.77, "epsdiluted": 0.77, "weightedAverageShsOut": 83363000, "weightedAverageShsOutDil": 83363000, "link": "https://www.sec.gov/Archives/edgar/data/900075/000110465909017143/0001104659-09-017143-index.htm", "finalLink": "https://www.sec.gov/Archives/edgar/data/900075/000110465909017143/a09-7605_110q.htm"}, {"date": "2008-10-31", "symbol": "CPRT", "fillingDate": "2008-12-10", "acceptedDate": "2008-12-10 16:48:08", "period": "Q1", "revenue": 191569000, "costOfRevenue": 0.0, "grossProfit": 191569000, "grossProfitRatio": 1.0, "researchAndDevelopmentExpenses": 0.0, "generalAndAdministrativeExpenses": 0.0, "sellingAndMarketingExpenses": 0.0, "otherExpenses": 132084000, "operatingExpenses": 132084000, "costAndExpenses": 132084000, "interestExpense": 0.0, "depreciationAndAmortization": 10709000, "ebitda": 70194000, "ebitdaratio": 0.366416278207852, "operatingIncome": 59485000, "operatingIncomeRatio": 0.3105147492548377, "totalOtherIncomeExpensesNet": 1254000.0, "incomeBeforeTax": 61320000, "incomeBeforeTaxRatio": 0.3200935433185954, "incomeTaxExpense": 0.0, "netIncome": 37254000, "netIncomeRatio": 0.1944677896736946, "eps": 0.45, "epsdiluted": 0.45, "weightedAverageShsOut": 83283000, "weightedAverageShsOutDil": 83283000, "link": "https://www.sec.gov/Archives/edgar/data/900075/000110465908075796/0001104659-08-075796-index.htm", "finalLink": "https://www.sec.gov/Archives/edgar/data/900075/000104746908010447/a2188134z10-k.htm"}, {"date": "2008-07-31", "symbol": "CPRT", "fillingDate": "2008-09-29", "acceptedDate": "2008-09-29 17:06:24", "period": "FY", "revenue": 206282000, "costOfRevenue": 0.0, "grossProfit": 206282000, "grossProfitRatio": 1.0, "researchAndDevelopmentExpenses": 0.0, "generalAndAdministrativeExpenses": 21721000, "sellingAndMarketingExpenses": 0.0, "otherExpenses": 119189000, "operatingExpenses": 140910000, "costAndExpenses": 140910000, "interestExpense": 209000.0, "depreciationAndAmortization": 11048000, "ebitda": 76420000, "ebitdaratio": 0.37046373411155603, "operatingIncome": 65372000, "operatingIncomeRatio": 0.31690598307171736, "totalOtherIncomeExpensesNet": 1690000.0, "incomeBeforeTax": 68022000, "incomeBeforeTaxRatio": 0.3297524747675512, "incomeTaxExpense": 0.0, "netIncome": 40821000, "netIncomeRatio": 0.1978892971757109, "eps": 1.8, "epsdiluted": 1.8, "weightedAverageShsOut": 87412000, "weightedAverageShsOutDil": 87412000, "link": "https://www.sec.gov/Archives/edgar/data/900075/000104746908010447/0001047469-08-010447-index.htm", "finalLink": "https://www.sec.gov/Archives/edgar/data/900075/000104746908010447/a2188134z10-k.htm"}, {"date": "2008-04-30", "symbol": "CPRT", "fillingDate": "2008-06-09", "acceptedDate": "2008-06-09 16:56:56", "period": "Q3", "revenue": 221150000, "costOfRevenue": 0.0, "grossProfit": 221150000, "grossProfitRatio": 1.0, "researchAndDevelopmentExpenses": 0.0, "generalAndAdministrativeExpenses": 19483000, "sellingAndMarketingExpenses": 0.0, "otherExpenses": 132985000, "operatingExpenses": 152468000, "costAndExpenses": 152468000, "interestExpense": 0.0, "depreciationAndAmortization": 9670000.0, "ebitda": 78352000, "ebitdaratio": 0.3542934659733213, "operatingIncome": 68682000, "operatingIncomeRatio": 0.31056748813022833, "totalOtherIncomeExpensesNet": 814000.0, "incomeBeforeTax": 70872000, "incomeBeforeTaxRatio": 0.32047026904815734, "incomeTaxExpense": 0.0, "netIncome": 46475000, "netIncomeRatio": 0.21015148089531993, "eps": 1.32, "epsdiluted": 1.32, "weightedAverageShsOut": 88159000, "weightedAverageShsOutDil": 88159000, "link": "https://www.sec.gov/Archives/edgar/data/900075/000110465908038862/0001104659-08-038862-index.htm", "finalLink": "https://www.sec.gov/Archives/edgar/data/900075/000110465908038862/a08-16208_110q.htm"}, {"date": "2008-01-31", "symbol": "CPRT", "fillingDate": "2008-03-11", "acceptedDate": "2008-03-11 17:25:52", "period": "Q2", "revenue": 173459000, "costOfRevenue": 0.0, "grossProfit": 173459000, "grossProfitRatio": 1.0, "researchAndDevelopmentExpenses": 0.0, "generalAndAdministrativeExpenses": 18025000, "sellingAndMarketingExpenses": 0.0, "otherExpenses": 108198000, "operatingExpenses": 126223000, "costAndExpenses": 126223000, "interestExpense": 0.0, "depreciationAndAmortization": 11082000, "ebitda": 58318000, "ebitdaratio": 0.3362062504684104, "operatingIncome": 47236000, "operatingIncomeRatio": 0.2723179540986631, "totalOtherIncomeExpensesNet": 881000.0, "incomeBeforeTax": 50590000, "incomeBeforeTaxRatio": 0.2916539355121383, "incomeTaxExpense": 0.0, "netIncome": 32026000, "netIncomeRatio": 0.1846315267584847, "eps": 0.79, "epsdiluted": 0.79, "weightedAverageShsOut": 88684000, "weightedAverageShsOutDil": 88684000, "link": "https://www.sec.gov/Archives/edgar/data/900075/000110465908016814/0001104659-08-016814-index.htm", "finalLink": "https://www.sec.gov/Archives/edgar/data/900075/000110465908016814/a08-7753_110q.htm"}, {"date": "2007-10-31", "symbol": "CPRT", "fillingDate": "2007-12-10", "acceptedDate": "2007-12-10 16:30:49", "period": "Q1", "revenue": 183957000, "costOfRevenue": 0.0, "grossProfit": 183957000, "grossProfitRatio": 1.0, "researchAndDevelopmentExpenses": 0.0, "generalAndAdministrativeExpenses": 25113000, "sellingAndMarketingExpenses": 0.0, "otherExpenses": 102217000, "operatingExpenses": 127330000, "costAndExpenses": 127330000, "interestExpense": 0.0, "depreciationAndAmortization": 11004000, "ebitda": 67631000, "ebitdaratio": 0.3676456998102817, "operatingIncome": 56627000, "operatingIncomeRatio": 0.3078273727012291, "totalOtherIncomeExpensesNet": 796000.0, "incomeBeforeTax": 60166000, "incomeBeforeTaxRatio": 0.3270655642351202, "incomeTaxExpense": 0.0, "netIncome": 37610000, "netIncomeRatio": 0.20444995297814164, "eps": 0.42, "epsdiluted": 0.42, "weightedAverageShsOut": 88558000, "weightedAverageShsOutDil": 88558000, "link": "https://www.sec.gov/Archives/edgar/data/900075/000110465907088011/0001104659-07-088011-index.htm", "finalLink": "https://www.sec.gov/Archives/edgar/data/900075/000110465907072450/a07-24987_110k.htm"}, {"date": "2007-07-31", "symbol": "CPRT", "fillingDate": "2007-10-01", "acceptedDate": "2007-10-01 17:12:12", "period": "FY", "revenue": 153982000, "costOfRevenue": 0.0, "grossProfit": 153982000, "grossProfitRatio": 1.0, "researchAndDevelopmentExpenses": 0.0, "generalAndAdministrativeExpenses": 17657000, "sellingAndMarketingExpenses": 0.0, "otherExpenses": 82465000, "operatingExpenses": 100122000, "costAndExpenses": 100122000, "interestExpense": 83000.0, "depreciationAndAmortization": 10329000, "ebitda": 64189000, "ebitdaratio": 0.416860412255978, "operatingIncome": 53860000, "operatingIncomeRatio": 0.3497811432505098, "totalOtherIncomeExpensesNet": 696000.0, "incomeBeforeTax": 58350000, "incomeBeforeTaxRatio": 0.3789403956306581, "incomeTaxExpense": 0.0, "netIncome": 36735000, "netIncomeRatio": 0.23856684547544518, "eps": 1.5, "epsdiluted": 1.5, "weightedAverageShsOut": 90651000, "weightedAverageShsOutDil": 90651000, "link": "https://www.sec.gov/Archives/edgar/data/900075/000110465907072450/0001104659-07-072450-index.htm", "finalLink": "https://www.sec.gov/Archives/edgar/data/900075/000110465907072450/a07-24987_110k.htm"}, {"date": "2007-04-30", "symbol": "CPRT", "fillingDate": "2007-06-11", "acceptedDate": "2007-06-11 17:23:52", "period": "Q3", "revenue": 145652000, "costOfRevenue": 0.0, "grossProfit": 145652000, "grossProfitRatio": 1.0, "researchAndDevelopmentExpenses": 0.0, "generalAndAdministrativeExpenses": 15757000, "sellingAndMarketingExpenses": 0.0, "otherExpenses": 72666000, "operatingExpenses": 88423000, "costAndExpenses": 88423000, "interestExpense": 0.0, "depreciationAndAmortization": 9221000.0, "ebitda": 66450000, "ebitdaratio": 0.45622442534259744, "operatingIncome": 57229000, "operatingIncomeRatio": 0.39291599154148243, "totalOtherIncomeExpensesNet": 1257000.0, "incomeBeforeTax": 62026000, "incomeBeforeTaxRatio": 0.42585065773212866, "incomeTaxExpense": 0.0, "netIncome": 38868000, "netIncomeRatio": 0.2668552440062615, "eps": 1.1, "epsdiluted": 1.1, "weightedAverageShsOut": 90836000, "weightedAverageShsOutDil": 90836000, "link": "https://www.sec.gov/Archives/edgar/data/900075/000110465907046916/0001104659-07-046916-index.htm", "finalLink": "https://www.sec.gov/Archives/edgar/data/900075/000110465907046916/a07-16345_110q.htm"}, {"date": "2007-01-31", "symbol": "CPRT", "fillingDate": "2007-03-12", "acceptedDate": "2007-03-12 17:25:14", "period": "Q2", "revenue": 128925000, "costOfRevenue": 0.0, "grossProfit": 128925000, "grossProfitRatio": 1.0, "researchAndDevelopmentExpenses": 0.0, "generalAndAdministrativeExpenses": 15226000, "sellingAndMarketingExpenses": 0.0, "otherExpenses": 68536000, "operatingExpenses": 83762000, "costAndExpenses": 83762000, "interestExpense": 0.0, "depreciationAndAmortization": 8799000.0, "ebitda": 53962000, "ebitdaratio": 0.4185534225324801, "operatingIncome": 45163000, "operatingIncomeRatio": 0.3503044405662207, "totalOtherIncomeExpensesNet": 244000.0, "incomeBeforeTax": 48690000, "incomeBeforeTaxRatio": 0.37766143106457245, "incomeTaxExpense": 0.0, "netIncome": 30390000, "netIncomeRatio": 0.23571844095404304, "eps": 0.67, "epsdiluted": 0.67, "weightedAverageShsOut": 90625000, "weightedAverageShsOutDil": 90625000, "link": "https://www.sec.gov/Archives/edgar/data/900075/000110465907018273/0001104659-07-018273-index.htm", "finalLink": "https://www.sec.gov/Archives/edgar/data/900075/000110465907018273/a07-7762_110q.htm"}, {"date": "2006-10-31", "symbol": "CPRT", "fillingDate": "2006-12-11", "acceptedDate": "2006-12-11 17:27:39", "period": "Q1", "revenue": 132121000, "costOfRevenue": 0.0, "grossProfit": 132121000, "grossProfitRatio": 1.0, "researchAndDevelopmentExpenses": 0.0, "generalAndAdministrativeExpenses": 14997000, "sellingAndMarketingExpenses": 0.0, "otherExpenses": 70231000, "operatingExpenses": 85228000, "costAndExpenses": 85228000, "interestExpense": 0.0, "depreciationAndAmortization": 8740000.0, "ebitda": 55633000, "ebitdaratio": 0.42107613475526223, "operatingIncome": 46893000, "operatingIncomeRatio": 0.35492465240196486, "totalOtherIncomeExpensesNet": 651000.0, "incomeBeforeTax": 48355000, "incomeBeforeTaxRatio": 0.36599026649813426, "incomeTaxExpense": 0.0, "netIncome": 30345000, "netIncomeRatio": 0.2296758274611909, "eps": 0.34, "epsdiluted": 0.34, "weightedAverageShsOut": 90500000, "weightedAverageShsOutDil": 90500000, "link": "https://www.sec.gov/Archives/edgar/data/900075/000110465906080763/0001104659-06-080763-index.htm", "finalLink": "https://www.sec.gov/Archives/edgar/data/900075/000110465906069980/a06-21244_210k.htm"}, {"date": "2006-07-31", "symbol": "CPRT", "fillingDate": "2006-10-31", "acceptedDate": "2006-10-31 17:19:28", "period": "FY", "revenue": 137220000, "costOfRevenue": 0.0, "grossProfit": 137220000, "grossProfitRatio": 1.0, "researchAndDevelopmentExpenses": 0.0, "generalAndAdministrativeExpenses": 15779000, "sellingAndMarketingExpenses": 0.0, "otherExpenses": 74244000, "operatingExpenses": 90023000, "costAndExpenses": 90023000, "interestExpense": 72000.0, "depreciationAndAmortization": 8536000.0, "ebitda": 55733000, "ebitdaratio": 0.4061579944614488, "operatingIncome": 47197000, "operatingIncomeRatio": 0.3439513190497012, "totalOtherIncomeExpensesNet": 135000.0, "incomeBeforeTax": 45701000, "incomeBeforeTaxRatio": 0.3330491182043434, "incomeTaxExpense": 0.0, "netIncome": 31573000, "netIncomeRatio": 0.230090365835884, "eps": 1.24, "epsdiluted": 1.24, "weightedAverageShsOut": 90372000, "weightedAverageShsOutDil": 90372000, "link": "https://www.sec.gov/Archives/edgar/data/900075/000110465906069980/0001104659-06-069980-index.htm", "finalLink": "https://www.sec.gov/Archives/edgar/data/900075/000110465906069980/a06-21244_210k.htm"}, {"date": "2006-04-30", "symbol": "CPRT", "fillingDate": "2006-06-09", "acceptedDate": "2006-06-09 16:52:24", "period": "Q3", "revenue": 149512000, "costOfRevenue": 0.0, "grossProfit": 149512000, "grossProfitRatio": 1.0, "researchAndDevelopmentExpenses": 0.0, "generalAndAdministrativeExpenses": 16114000, "sellingAndMarketingExpenses": 0.0, "otherExpenses": 80048000, "operatingExpenses": 96162000, "costAndExpenses": 96162000, "interestExpense": 0.0, "depreciationAndAmortization": 8103000.0, "ebitda": 61453000, "ebitdaratio": 0.41102386430520627, "operatingIncome": 53350000, "operatingIncomeRatio": 0.3568275456150677, "totalOtherIncomeExpensesNet": 111000.0, "incomeBeforeTax": 53686000, "incomeBeforeTaxRatio": 0.35907485686767615, "incomeTaxExpense": 0.0, "netIncome": 34707000, "netIncomeRatio": 0.23213521322703196, "eps": 0.91, "epsdiluted": 0.91, "weightedAverageShsOut": 90360000, "weightedAverageShsOutDil": 90360000, "link": "https://www.sec.gov/Archives/edgar/data/900075/000110465906040933/0001104659-06-040933-index.htm", "finalLink": "https://www.sec.gov/Archives/edgar/data/900075/000110465906040933/a06-13552_110q.htm"}, {"date": "2006-01-31", "symbol": "CPRT", "fillingDate": "2006-03-13", "acceptedDate": "2006-03-13 17:07:51", "period": "Q2", "revenue": 122814000, "costOfRevenue": 0.0, "grossProfit": 122814000, "grossProfitRatio": 1.0, "researchAndDevelopmentExpenses": 0.0, "generalAndAdministrativeExpenses": 13263000, "sellingAndMarketingExpenses": 0.0, "otherExpenses": 72762000, "operatingExpenses": 86025000, "costAndExpenses": 86025000, "interestExpense": 0.0, "depreciationAndAmortization": 7525000.0, "ebitda": 44314000, "ebitdaratio": 0.3608220561173808, "operatingIncome": 36789000, "operatingIncomeRatio": 0.29955053984073476, "totalOtherIncomeExpensesNet": 745000.0, "incomeBeforeTax": 38487000, "incomeBeforeTaxRatio": 0.31337632517465436, "incomeTaxExpense": 0.0, "netIncome": 7854000.0, "netIncomeRatio": 0.06395036396502027, "eps": 0.54, "epsdiluted": 0.54, "weightedAverageShsOut": 90393000, "weightedAverageShsOutDil": 90393000, "link": "https://www.sec.gov/Archives/edgar/data/900075/000110465906016192/0001104659-06-016192-index.htm", "finalLink": "https://www.sec.gov/Archives/edgar/data/900075/000110465906016192/a06-6823_110q.htm"}, {"date": "2005-10-31", "symbol": "CPRT", "fillingDate": "2005-12-12", "acceptedDate": "2005-12-12 16:21:15", "period": "Q1", "revenue": 119025000, "costOfRevenue": 0.0, "grossProfit": 119025000, "grossProfitRatio": 1.0, "researchAndDevelopmentExpenses": 0.0, "generalAndAdministrativeExpenses": 13830000, "sellingAndMarketingExpenses": 0.0, "otherExpenses": 70969000, "operatingExpenses": 84799000, "costAndExpenses": 84799000, "interestExpense": 0.0, "depreciationAndAmortization": 7292000.0, "ebitda": 41518000, "ebitdaratio": 0.3488174753203109, "operatingIncome": 34226000, "operatingIncomeRatio": 0.2875530350766646, "totalOtherIncomeExpensesNet": 643000.0, "incomeBeforeTax": 36648000, "incomeBeforeTaxRatio": 0.3079017013232514, "incomeTaxExpense": 0.0, "netIncome": 22813000, "netIncomeRatio": 0.19166561646712876, "eps": 0.25, "epsdiluted": 0.25, "weightedAverageShsOut": 90385000, "weightedAverageShsOutDil": 90385000, "link": "https://www.sec.gov/Archives/edgar/data/900075/000110465905060248/0001104659-05-060248-index.htm", "finalLink": "https://www.sec.gov/Archives/edgar/data/900075/000110465905048573/a05-17564_110k.htm"}, {"date": "2005-07-31", "symbol": "CPRT", "fillingDate": "2005-10-14", "acceptedDate": "2005-10-14 16:33:50", "period": "FY", "revenue": 112561000, "costOfRevenue": 0.0, "grossProfit": 112561000, "grossProfitRatio": 1.0, "researchAndDevelopmentExpenses": 0.0, "generalAndAdministrativeExpenses": 16990000, "sellingAndMarketingExpenses": 0.0, "otherExpenses": 58156000, "operatingExpenses": 75146000, "costAndExpenses": 75146000, "interestExpense": 62000.0, "depreciationAndAmortization": 7042000.0, "ebitda": 44457000, "ebitdaratio": 0.394959177690319, "operatingIncome": 37415000, "operatingIncomeRatio": 0.3323975444425689, "totalOtherIncomeExpensesNet": 632000.0, "incomeBeforeTax": 39863000, "incomeBeforeTaxRatio": 0.35414575208109383, "incomeTaxExpense": 0.0, "netIncome": 24989000, "netIncomeRatio": 0.22200406890486046, "eps": 1.13, "epsdiluted": 1.13, "weightedAverageShsOut": 90162000, "weightedAverageShsOutDil": 90162000, "link": "https://www.sec.gov/Archives/edgar/data/900075/000110465905048573/0001104659-05-048573-index.htm", "finalLink": "https://www.sec.gov/Archives/edgar/data/900075/000110465905048573/a05-17564_110k.htm"}, {"date": "2005-04-30", "symbol": "CPRT", "fillingDate": "2005-06-09", "acceptedDate": "2005-06-09 16:23:21", "period": "Q3", "revenue": 344550000, "costOfRevenue": 0.0, "grossProfit": 344550000, "grossProfitRatio": 1.0, "researchAndDevelopmentExpenses": 0.0, "generalAndAdministrativeExpenses": 29989000, "sellingAndMarketingExpenses": 0.0, "otherExpenses": 195117000, "operatingExpenses": 225106000, "costAndExpenses": 225106000, "interestExpense": 0.0, "depreciationAndAmortization": 24254000, "ebitda": 143698000, "ebitdaratio": 0.4170599332462632, "operatingIncome": 119444000, "operatingIncomeRatio": 0.3466666666666667, "totalOtherIncomeExpensesNet": 2778000.0, "incomeBeforeTax": 125206000, "incomeBeforeTaxRatio": 0.3633899288927587, "incomeTaxExpense": 0.0, "netIncome": 77127000, "netIncomeRatio": 0.22384849804092294, "eps": 0.86, "epsdiluted": 0.86, "weightedAverageShsOut": 90127000, "weightedAverageShsOutDil": 90127000, "link": "https://www.sec.gov/Archives/edgar/data/900075/000110465905027563/0001104659-05-027563-index.htm", "finalLink": "https://www.sec.gov/Archives/edgar/data/900075/000110465905027563/a05-10584_110q.htm"}, {"date": "2005-01-31", "symbol": "CPRT", "fillingDate": "2005-03-14", "acceptedDate": "2005-03-14 17:11:12", "period": "Q2", "revenue": 110014500000, "costOfRevenue": 0.0, "grossProfit": 110014500000, "grossProfitRatio": 1.0, "researchAndDevelopmentExpenses": 0.0, "generalAndAdministrativeExpenses": 11259900000, "sellingAndMarketingExpenses": 0.0, "otherExpenses": 62131000000, "operatingExpenses": 73390900000, "costAndExpenses": 73390900000, "interestExpense": -400000.0, "depreciationAndAmortization": -7605300000, "ebitda": 29018300000, "ebitdaratio": 0.26376795786010027, "operatingIncome": 36623600000, "operatingIncomeRatio": 0.3328979361811398, "totalOtherIncomeExpensesNet": 2765500000, "incomeBeforeTax": 38484700000, "incomeBeforeTaxRatio": 0.34981479714037694, "incomeTaxExpense": 0.0, "netIncome": 23552600000, "netIncomeRatio": 0.21408632498443386, "eps": 0.51, "epsdiluted": 0.51, "weightedAverageShsOut": 90102100000, "weightedAverageShsOutDil": 90102100000, "link": "https://www.sec.gov/Archives/edgar/data/900075/000110465905010901/0001104659-05-010901-index.htm", "finalLink": "https://www.sec.gov/Archives/edgar/data/900075/000110465905010901/a05-5033_110q.htm"}, {"date": "2004-10-31", "symbol": "CPRT", "fillingDate": "2004-12-09", "acceptedDate": "2004-12-09 13:13:00", "period": "Q1", "revenue": 104109900000, "costOfRevenue": 0.0, "grossProfit": 104109900000, "grossProfitRatio": 1.0, "researchAndDevelopmentExpenses": 0.0, "generalAndAdministrativeExpenses": 8712600000, "sellingAndMarketingExpenses": 0.0, "otherExpenses": 60329600000, "operatingExpenses": 69042200000, "costAndExpenses": 69042200000, "interestExpense": 400000.0, "depreciationAndAmortization": 7605300000, "ebitda": 42673000000, "ebitdaratio": 0.40988417047754344, "operatingIncome": 35067700000, "operatingIncomeRatio": 0.3368334807736824, "totalOtherIncomeExpensesNet": 1070000000, "incomeBeforeTax": 37042100000, "incomeBeforeTaxRatio": 0.35579805570843887, "incomeTaxExpense": 0.0, "netIncome": 22669800000, "netIncomeRatio": 0.21774874435572408, "eps": 0.25, "epsdiluted": 0.25, "weightedAverageShsOut": 90081300000, "weightedAverageShsOutDil": 90081300000, "link": "https://www.sec.gov/Archives/edgar/data/900075/000110465904038939/0001104659-04-038939-index.htm", "finalLink": "https://www.sec.gov/Archives/edgar/data/900075/000095013404015006/f02285e10vk.htm"}, {"date": "2004-07-31", "symbol": "CPRT", "fillingDate": "2004-10-14", "acceptedDate": "2004-10-14 14:37:40", "period": "FY", "revenue": 400796300000, "costOfRevenue": 0.0, "grossProfit": 400796300000, "grossProfitRatio": 1.0, "researchAndDevelopmentExpenses": 0.0, "generalAndAdministrativeExpenses": 9241500000, "sellingAndMarketingExpenses": 0.0, "otherExpenses": 56772800000, "operatingExpenses": 66014300000, "costAndExpenses": 66014300000, "interestExpense": 500000.0, "depreciationAndAmortization": 7675500000, "ebitda": 41737500000, "ebitdaratio": 0.10413644038131091, "operatingIncome": 34062000000, "operatingIncomeRatio": 0.08498581448980443, "totalOtherIncomeExpensesNet": 797200000, "incomeBeforeTax": 35644400000, "incomeBeforeTaxRatio": 0.08893395472962201, "incomeTaxExpense": 0.0, "netIncome": 21449200000, "netIncomeRatio": 0.05351646210306832, "eps": 0.89, "epsdiluted": 0.89, "weightedAverageShsOut": 89456800000, "weightedAverageShsOutDil": 89456800000, "link": "https://www.sec.gov/Archives/edgar/data/900075/000095013404015006/0000950134-04-015006-index.htm", "finalLink": "https://www.sec.gov/Archives/edgar/data/900075/000095013404015006/f02285e10vk.htm"}, {"date": "2004-04-30", "symbol": "CPRT", "fillingDate": "2004-06-14", "acceptedDate": "2004-06-14 15:27:35", "period": "Q3", "revenue": 0.0, "costOfRevenue": 0.0, "grossProfit": 0.0, "grossProfitRatio": 0.0, "researchAndDevelopmentExpenses": 0.0, "generalAndAdministrativeExpenses": 27224300000, "sellingAndMarketingExpenses": 0.0, "otherExpenses": 182792100000, "operatingExpenses": 210016400000, "costAndExpenses": 210016400000, "interestExpense": 2600000.0, "depreciationAndAmortization": 7651700000, "ebitda": 98355300000, "ebitdaratio": 0.0, "operatingIncome": 90703600000, "operatingIncomeRatio": 0.0, "totalOtherIncomeExpensesNet": 1868700000, "incomeBeforeTax": 94652100000, "incomeBeforeTaxRatio": 0.0, "incomeTaxExpense": 0.0, "netIncome": 57771100000, "netIncomeRatio": 0.0, "eps": 0.65, "epsdiluted": 0.65, "weightedAverageShsOut": 89295700000, "weightedAverageShsOutDil": 89295700000, "link": "https://www.sec.gov/Archives/edgar/data/900075/000110465904016815/0001104659-04-016815-index.htm", "finalLink": "https://www.sec.gov/Archives/edgar/data/900075/000110465904016815/a04-6911_110q.htm"}, {"date": "2004-01-31", "symbol": "CPRT", "fillingDate": "2004-03-12", "acceptedDate": "2004-03-12 16:25:29", "period": "Q2", "revenue": 92634900000, "costOfRevenue": 0.0, "grossProfit": 92634900000, "grossProfitRatio": 1.0, "researchAndDevelopmentExpenses": 0.0, "generalAndAdministrativeExpenses": 8591100000, "sellingAndMarketingExpenses": 0.0, "otherExpenses": 58223700000, "operatingExpenses": 66814800000, "costAndExpenses": 66814800000, "interestExpense": 500000.0, "depreciationAndAmortization": 8081500000, "ebitda": 33901600000, "ebitdaratio": 0.36597006095974627, "operatingIncome": 25820100000, "operatingIncomeRatio": 0.2787297228150514, "totalOtherIncomeExpensesNet": 647100000, "incomeBeforeTax": 28707800000, "incomeBeforeTaxRatio": 0.30990263928605744, "incomeTaxExpense": 0.0, "netIncome": 17367900000, "netIncomeRatio": 0.18748765314152657, "eps": 0.37, "epsdiluted": 0.37, "weightedAverageShsOut": 89258000000, "weightedAverageShsOutDil": 89258000000, "link": "https://www.sec.gov/Archives/edgar/data/900075/000110465904007229/0001104659-04-007229-index.htm", "finalLink": "https://www.sec.gov/Archives/edgar/data/900075/000110465904007229/a04-3419_110q.htm"}, {"date": "2003-10-31", "symbol": "CPRT", "fillingDate": "2003-12-15", "acceptedDate": "2003-12-15 09:29:34", "period": "Q1", "revenue": 91466600000, "costOfRevenue": 0.0, "grossProfit": 91466600000, "grossProfitRatio": 1.0, "researchAndDevelopmentExpenses": 0.0, "generalAndAdministrativeExpenses": 8118000000, "sellingAndMarketingExpenses": 0.0, "otherExpenses": 59061500000, "operatingExpenses": 67179500000, "costAndExpenses": 67179500000, "interestExpense": 1600000.0, "depreciationAndAmortization": 7399600000, "ebitda": 31686700000, "ebitdaratio": 0.34642918835946673, "operatingIncome": 24287100000, "operatingIncomeRatio": 0.2655297124852132, "totalOtherIncomeExpensesNet": 610900000, "incomeBeforeTax": 25191900000, "incomeBeforeTaxRatio": 0.2754218479751079, "incomeTaxExpense": 0.0, "netIncome": 15241100000, "netIncomeRatio": 0.16663022349141654, "eps": 0.17, "epsdiluted": 0.17, "weightedAverageShsOut": 89492200000, "weightedAverageShsOutDil": 89492200000, "link": "https://www.sec.gov/Archives/edgar/data/900075/000110465903028482/0001104659-03-028482-index.htm", "finalLink": "https://www.sec.gov/Archives/edgar/data/900075/000104746903033615/a2120542z10-k.htm"}, {"date": "2003-07-31", "symbol": "CPRT", "fillingDate": "2003-10-17", "acceptedDate": "2003-10-17 17:25:35", "period": "FY", "revenue": 87216100000, "costOfRevenue": 0.0, "grossProfit": 87216100000, "grossProfitRatio": 1.0, "researchAndDevelopmentExpenses": 0.0, "generalAndAdministrativeExpenses": 7720500000, "sellingAndMarketingExpenses": 0.0, "otherExpenses": 58484000000, "operatingExpenses": 66204500000, "costAndExpenses": 66204500000, "interestExpense": 3100000.0, "depreciationAndAmortization": 7152700000, "ebitda": 28164300000, "ebitdaratio": 0.32292546903610686, "operatingIncome": 21011600000, "operatingIncomeRatio": 0.24091423487177252, "totalOtherIncomeExpensesNet": 493100000, "incomeBeforeTax": 21863200000, "incomeBeforeTaxRatio": 0.25067848711419105, "incomeTaxExpense": 0.0, "netIncome": 13336400000, "netIncomeRatio": 0.15291213434216847, "eps": 0.63, "epsdiluted": 0.63, "weightedAverageShsOut": 91407600000, "weightedAverageShsOutDil": 91407600000, "link": "https://www.sec.gov/Archives/edgar/data/900075/000104746903033615/0001047469-03-033615-index.htm", "finalLink": "https://www.sec.gov/Archives/edgar/data/900075/000104746903033615/a2120542z10-k.htm"}, {"date": "2003-04-30", "symbol": "CPRT", "fillingDate": "2003-06-16", "acceptedDate": "2003-06-16 17:29:18", "period": "Q3", "revenue": 93928700000, "costOfRevenue": 0.0, "grossProfit": 93928700000, "grossProfitRatio": 1.0, "researchAndDevelopmentExpenses": 0.0, "generalAndAdministrativeExpenses": 7909300000, "sellingAndMarketingExpenses": 0.0, "otherExpenses": 61410500000, "operatingExpenses": 69319800000, "costAndExpenses": 69319800000, "interestExpense": 4500000.0, "depreciationAndAmortization": 6398300000, "ebitda": 31007200000, "ebitdaratio": 0.3301142249387035, "operatingIncome": 24608900000, "operatingIncomeRatio": 0.2619955349110549, "totalOtherIncomeExpensesNet": 537000000, "incomeBeforeTax": 25480900000, "incomeBeforeTaxRatio": 0.2712791723935283, "incomeTaxExpense": 0.0, "netIncome": 15422800000, "netIncomeRatio": 0.1641968855099666, "eps": 0.48, "epsdiluted": 0.48, "weightedAverageShsOut": 91944800000, "weightedAverageShsOutDil": 91944800000, "link": "https://www.sec.gov/Archives/edgar/data/900075/000110465903012392/0001104659-03-012392-index.htm", "finalLink": "https://www.sec.gov/Archives/edgar/data/900075/000110465903012392/j2075_10q.htm"}, {"date": "2003-01-31", "symbol": "CPRT", "fillingDate": "2003-03-17", "acceptedDate": "2003-03-17 16:52:34", "period": "Q2", "revenue": 82783400000, "costOfRevenue": 0.0, "grossProfit": 82783400000, "grossProfitRatio": 1.0, "researchAndDevelopmentExpenses": 0.0, "generalAndAdministrativeExpenses": 6475800000, "sellingAndMarketingExpenses": 0.0, "otherExpenses": 54871100000, "operatingExpenses": 61346900000, "costAndExpenses": 61346900000, "interestExpense": 6500000.0, "depreciationAndAmortization": 6363200000, "ebitda": 27799700000, "ebitdaratio": 0.3358124938091453, "operatingIncome": 21436500000, "operatingIncomeRatio": 0.25894684199972456, "totalOtherIncomeExpensesNet": 596500000, "incomeBeforeTax": 22514700000, "incomeBeforeTaxRatio": 0.27197119229217454, "incomeTaxExpense": 0.0, "netIncome": 13756500000, "netIncomeRatio": 0.16617461954932994, "eps": 0.31, "epsdiluted": 0.31, "weightedAverageShsOut": 92307400000, "weightedAverageShsOutDil": 92307400000, "link": "https://www.sec.gov/Archives/edgar/data/900075/000110465903004397/0001104659-03-004397-index.htm", "finalLink": "https://www.sec.gov/Archives/edgar/data/900075/000110465903004397/j8556_10q.htm"}, {"date": "2002-10-31", "symbol": "CPRT", "fillingDate": "2002-12-16", "acceptedDate": "2002-12-16 16:08:51", "period": "Q1", "revenue": 83494900000, "costOfRevenue": 0.0, "grossProfit": 83494900000, "grossProfitRatio": 1.0, "researchAndDevelopmentExpenses": 0.0, "generalAndAdministrativeExpenses": 6598100000, "sellingAndMarketingExpenses": 0.0, "otherExpenses": 53199300000, "operatingExpenses": 59797400000, "costAndExpenses": 59797400000, "interestExpense": 6600000.0, "depreciationAndAmortization": 5630800000, "ebitda": 29328300000, "ebitdaratio": 0.351258579865357, "operatingIncome": 23697500000, "operatingIncomeRatio": 0.283819730306881, "totalOtherIncomeExpensesNet": 155700000, "incomeBeforeTax": 24308300000, "incomeBeforeTaxRatio": 0.2911351471766539, "incomeTaxExpense": 0.0, "netIncome": 14706500000, "netIncomeRatio": 0.1761365065411181, "eps": 0.16, "epsdiluted": 0.16, "weightedAverageShsOut": 92248900000, "weightedAverageShsOutDil": 92248900000, "link": "https://www.sec.gov/Archives/edgar/data/900075/000104746902007100/0001047469-02-007100-index.htm", "finalLink": "https://www.sec.gov/Archives/edgar/data/900075/000091205702040105/a2091466z10-k.htm"}, {"date": "2002-07-31", "symbol": "CPRT", "fillingDate": "2002-10-29", "acceptedDate": "2002-10-29 15:05:07", "period": "FY", "revenue": 226297700000, "costOfRevenue": 0.0, "grossProfit": 226297700000, "grossProfitRatio": 1.0, "researchAndDevelopmentExpenses": 0.0, "generalAndAdministrativeExpenses": 16363300000, "sellingAndMarketingExpenses": 0.0, "otherExpenses": 146006000000, "operatingExpenses": 162369300000, "costAndExpenses": 162369300000, "interestExpense": 30400000, "depreciationAndAmortization": 4906800000, "ebitda": 68835200000, "ebitdaratio": 0.30417984804971504, "operatingIncome": 63928400000, "operatingIncomeRatio": 0.2824969056247589, "totalOtherIncomeExpensesNet": 1390900000, "incomeBeforeTax": 66665100000, "incomeBeforeTaxRatio": 0.2945902675988311, "incomeTaxExpense": 0.0, "netIncome": 40788800000, "netIncomeRatio": 0.180243988339254, "eps": 0.65, "epsdiluted": 0.65, "weightedAverageShsOut": 88717600000, "weightedAverageShsOutDil": 88717600000, "link": "https://www.sec.gov/Archives/edgar/data/900075/000091205702040105/0000912057-02-040105-index.htm", "finalLink": "https://www.sec.gov/Archives/edgar/data/900075/000091205702040105/a2091466z10-k.htm"}, {"date": "2002-04-30", "symbol": "CPRT", "fillingDate": "2002-06-10", "acceptedDate": "2002-06-10 16:24:54", "period": "Q3", "revenue": 18775800000, "costOfRevenue": 0.0, "grossProfit": 18775800000, "grossProfitRatio": 1.0, "researchAndDevelopmentExpenses": 0.0, "generalAndAdministrativeExpenses": 1488400000, "sellingAndMarketingExpenses": 0.0, "otherExpenses": 10435400000, "operatingExpenses": 11923800000, "costAndExpenses": 11923800000, "interestExpense": -1300000.0, "depreciationAndAmortization": 4241000000, "ebitda": 11093000000, "ebitdaratio": 0.5908137070058267, "operatingIncome": 6852000000, "operatingIncomeRatio": 0.3649378455245582, "totalOtherIncomeExpensesNet": 85500000, "incomeBeforeTax": 14497300000, "incomeBeforeTaxRatio": 0.772126886737183, "incomeTaxExpense": 0.0, "netIncome": 4105200000, "netIncomeRatio": 0.21864314702968715, "eps": 0.18, "epsdiluted": 0.18, "weightedAverageShsOut": 90830500000, "weightedAverageShsOutDil": 90830500000, "link": "https://www.sec.gov/Archives/edgar/data/900075/000091205702023594/0000912057-02-023594-index.htm", "finalLink": "https://www.sec.gov/Archives/edgar/data/900075/000091205702023594/a2082006z10-q.htm"}, {"date": "2002-01-31", "symbol": "CPRT", "fillingDate": "2002-03-18", "acceptedDate": "2002-03-18 00:00:00", "period": "Q2", "revenue": 71382300000, "costOfRevenue": 0.0, "grossProfit": 71382300000, "grossProfitRatio": 1.0, "researchAndDevelopmentExpenses": 0.0, "generalAndAdministrativeExpenses": 5403900000, "sellingAndMarketingExpenses": 0.0, "otherExpenses": 46819300000, "operatingExpenses": 52223200000, "costAndExpenses": 52223200000, "interestExpense": 10600000, "depreciationAndAmortization": 3686600000, "ebitda": 22845700000, "ebitdaratio": 0.3200471265285652, "operatingIncome": 19159100000, "operatingIncomeRatio": 0.26840127034292816, "totalOtherIncomeExpensesNet": 411400000, "incomeBeforeTax": 12495200000, "incomeBeforeTaxRatio": 0.17504619492507245, "incomeTaxExpense": 0.0, "netIncome": 12495200000, "netIncomeRatio": 0.17504619492507245, "eps": 0.14, "epsdiluted": 0.14, "weightedAverageShsOut": 89124500000, "weightedAverageShsOutDil": 89124500000, "link": "https://www.sec.gov/Archives/edgar/data/900075/000091205702010280/0000912057-02-010280-index.htm", "finalLink": "https://www.sec.gov/Archives/edgar/data/900075/000091205702010280/a2073629z10-q.htm"}, {"date": "2001-10-31", "symbol": "CPRT", "fillingDate": "2001-12-13", "acceptedDate": "2001-12-13 00:00:00", "period": "Q1", "revenue": 72282500000, "costOfRevenue": 0.0, "grossProfit": 72282500000, "grossProfitRatio": 1.0, "researchAndDevelopmentExpenses": 0.0, "generalAndAdministrativeExpenses": 5113400000, "sellingAndMarketingExpenses": 0.0, "otherExpenses": 46705300000, "operatingExpenses": 51818700000, "costAndExpenses": 51818700000, "interestExpense": 11900000, "depreciationAndAmortization": 3473800000, "ebitda": 23937600000, "ebitdaratio": 0.3311672949884135, "operatingIncome": 20463800000, "operatingIncomeRatio": 0.28310863625358834, "totalOtherIncomeExpensesNet": 393100000, "incomeBeforeTax": 21087900000, "incomeBeforeTaxRatio": 0.2917428146508491, "incomeTaxExpense": 0.0, "netIncome": 12758200000, "netIncomeRatio": 0.17650468647321274, "eps": 0.23, "epsdiluted": 0.23, "weightedAverageShsOut": 55456300000, "weightedAverageShsOutDil": 55456300000, "link": "https://www.sec.gov/Archives/edgar/data/900075/000091205701543027/0000912057-01-543027-index.htm", "finalLink": "https://www.sec.gov/Archives/edgar/data/900075/000091205701534314/a2059632z10-k405.htm"}, {"date": "2001-07-31", "symbol": "CPRT", "fillingDate": "2001-10-03", "acceptedDate": "2001-10-03 00:00:00", "period": "FY", "revenue": 182408800000, "costOfRevenue": 0.0, "grossProfit": 182408800000, "grossProfitRatio": 1.0, "researchAndDevelopmentExpenses": 0.0, "generalAndAdministrativeExpenses": 13782000000, "sellingAndMarketingExpenses": 0.0, "otherExpenses": 119589600000, "operatingExpenses": 133371600000, "costAndExpenses": 133371600000, "interestExpense": 345100000, "depreciationAndAmortization": 3916700000, "ebitda": 52953900000, "ebitdaratio": 0.2903034283433694, "operatingIncome": 49037200000, "operatingIncomeRatio": 0.2688313283131077, "totalOtherIncomeExpensesNet": 1868300000, "incomeBeforeTax": 51773300000, "incomeBeforeTaxRatio": 0.28383115288297495, "incomeTaxExpense": 0.0, "netIncome": 31199800000, "netIncomeRatio": 0.17104328299950441, "eps": 0.78, "epsdiluted": 0.78, "weightedAverageShsOut": 54893000000, "weightedAverageShsOutDil": 54893000000, "link": "https://www.sec.gov/Archives/edgar/data/900075/000091205701534314/0000912057-01-534314-index.htm", "finalLink": "https://www.sec.gov/Archives/edgar/data/900075/000091205701534314/a2059632z10-k405.htm"}]