[{"date": "2020-04-30", "symbol": "SNPS", "fillingDate": "2020-05-22", "acceptedDate": "2020-05-22 16:36:01", "period": "Q2", "revenue": 861327000, "costOfRevenue": 184265000, "grossProfit": 677062000, "grossProfitRatio": 0.7860684734136977, "researchAndDevelopmentExpenses": 302571000, "generalAndAdministrativeExpenses": 62474000, "sellingAndMarketingExpenses": 146200000, "otherExpenses": 39922000, "operatingExpenses": 551167000, "costAndExpenses": 735432000, "interestExpense": 1846000, "depreciationAndAmortization": 67346000, "ebitda": 193241000, "ebitdaratio": 0.224352655844, "operatingIncome": 125895000, "operatingIncomeRatio": 0.146164000432, "totalOtherIncomeExpensesNet": -15729000, "incomeBeforeTax": 110166000, "incomeBeforeTaxRatio": 0.127902643247, "incomeTaxExpense": 246000, "netIncome": 109920000, "netIncomeRatio": 0.127617037432, "eps": 0.73, "epsdiluted": 0.72, "weightedAverageShsOut": 150421000, "weightedAverageShsOutDil": 154471000, "link": "https://www.sec.gov/Archives/edgar/data/883241/000088324120000009/0000883241-20-000009-index.htm", "finalLink": "https://www.sec.gov/Archives/edgar/data/883241/000088324120000009/a043020snps10-q.htm"}, {"date": "2020-01-31", "symbol": "SNPS", "fillingDate": "2020-02-21", "acceptedDate": "2020-02-21 16:34:24", "period": "Q1", "revenue": 834381000, "costOfRevenue": 192868000, "grossProfit": 641513000, "grossProfitRatio": 0.7688490030333864, "researchAndDevelopmentExpenses": 314283000, "generalAndAdministrativeExpenses": 68744000, "sellingAndMarketingExpenses": 152855000, "otherExpenses": 18115000, "operatingExpenses": 553997000, "costAndExpenses": 746865000, "interestExpense": 1603000, "depreciationAndAmortization": 66032000, "ebitda": 153548000, "ebitdaratio": 0.184026242208, "operatingIncome": 87516000, "operatingIncomeRatio": 0.104887335642, "totalOtherIncomeExpensesNet": 12057000, "incomeBeforeTax": 99573000, "incomeBeforeTaxRatio": 0.119337568808, "incomeTaxExpense": -4488000, "netIncome": 104061000, "netIncomeRatio": 0.124716406534, "eps": 0.69, "epsdiluted": 0.67, "weightedAverageShsOut": 150244000, "weightedAverageShsOutDil": 154504000, "link": "https://www.sec.gov/Archives/edgar/data/883241/000088324120000006/0000883241-20-000006-index.htm", "finalLink": "https://www.sec.gov/Archives/edgar/data/883241/000088324119000019/snps10311910-k.htm"}, {"date": "2019-10-31", "symbol": "SNPS", "fillingDate": "2019-12-20", "acceptedDate": "2019-12-20 17:04:07", "period": "FY", "revenue": 851081000, "costOfRevenue": 182743000, "grossProfit": 668338000, "grossProfitRatio": 0.7852813069496323, "researchAndDevelopmentExpenses": 290503000, "generalAndAdministrativeExpenses": 63424000, "sellingAndMarketingExpenses": 161170000, "otherExpenses": 23520000, "operatingExpenses": 538617000, "costAndExpenses": 721360000, "interestExpense": 1051000, "depreciationAndAmortization": 66093000, "ebitda": 195814000, "ebitdaratio": 0.2300768082, "operatingIncome": 129721000, "operatingIncomeRatio": 0.152419099945, "totalOtherIncomeExpensesNet": 1902000, "incomeBeforeTax": 131623000, "incomeBeforeTaxRatio": 0.154653904857, "incomeTaxExpense": -29091000, "netIncome": 160714000, "netIncomeRatio": 0.188835140251, "eps": 1.07, "epsdiluted": 1.03, "weightedAverageShsOut": 149872000, "weightedAverageShsOutDil": 154190000, "link": "https://www.sec.gov/Archives/edgar/data/883241/000088324119000019/0000883241-19-000019-index.htm", "finalLink": "https://www.sec.gov/Archives/edgar/data/883241/000088324119000019/snps10311910-k.htm"}, {"date": "2019-07-31", "symbol": "SNPS", "fillingDate": "2019-08-26", "acceptedDate": "2019-08-26 16:37:14", "period": "Q3", "revenue": 852970000, "costOfRevenue": 186632000, "grossProfit": 666338000, "grossProfitRatio": 0.7811974629822854, "researchAndDevelopmentExpenses": 284804000, "generalAndAdministrativeExpenses": 67382000, "sellingAndMarketingExpenses": 157109000, "otherExpenses": 29449000, "operatingExpenses": 538744000, "costAndExpenses": 725376000, "interestExpense": 2214000, "depreciationAndAmortization": 67092000, "ebitda": 194686000, "ebitdaratio": 0.228244838623, "operatingIncome": 127594000, "operatingIncomeRatio": 0.149587910478, "totalOtherIncomeExpensesNet": 5317000, "incomeBeforeTax": 132911000, "incomeBeforeTaxRatio": 0.155821423966, "incomeTaxExpense": 32982000, "netIncome": 99929000, "netIncomeRatio": 0.117154178928, "eps": 0.66, "epsdiluted": 0.65, "weightedAverageShsOut": 149708000, "weightedAverageShsOutDil": 153859000, "link": "https://www.sec.gov/Archives/edgar/data/883241/000088324119000015/0000883241-19-000015-index.htm", "finalLink": "https://www.sec.gov/Archives/edgar/data/883241/000088324119000015/a073119snps10-q.htm"}, {"date": "2019-04-30", "symbol": "SNPS", "fillingDate": "2019-05-24", "acceptedDate": "2019-05-24 16:33:32", "period": "Q2", "revenue": 836242000, "costOfRevenue": 190679000, "grossProfit": 645563000, "grossProfitRatio": 0.7719810772479737, "researchAndDevelopmentExpenses": 290299000, "generalAndAdministrativeExpenses": 56351000, "sellingAndMarketingExpenses": 158652000, "otherExpenses": 24759000, "operatingExpenses": 530061000, "costAndExpenses": 720740000, "interestExpense": 3840000, "depreciationAndAmortization": 66611000, "ebitda": 182113000, "ebitdaratio": 0.217775476477, "operatingIncome": 115502000, "operatingIncomeRatio": 0.138120304888, "totalOtherIncomeExpensesNet": 18415000, "incomeBeforeTax": 133917000, "incomeBeforeTaxRatio": 0.16014144231, "incomeTaxExpense": 15707000, "netIncome": 118210000, "netIncomeRatio": 0.141358601936, "eps": 0.79, "epsdiluted": 0.76, "weightedAverageShsOut": 149500000, "weightedAverageShsOutDil": 153383000, "link": "https://www.sec.gov/Archives/edgar/data/883241/000088324119000011/0000883241-19-000011-index.htm", "finalLink": "https://www.sec.gov/Archives/edgar/data/883241/000088324119000011/a043019snps10-q.htm"}, {"date": "2019-01-31", "symbol": "SNPS", "fillingDate": "2019-02-25", "acceptedDate": "2019-02-25 16:47:55", "period": "Q1", "revenue": 820401000, "costOfRevenue": 192892000, "grossProfit": 627509000, "grossProfitRatio": 0.7648808326659767, "researchAndDevelopmentExpenses": 271326000, "generalAndAdministrativeExpenses": 42061000, "sellingAndMarketingExpenses": 155959000, "otherExpenses": 10749000, "operatingExpenses": 480095000, "costAndExpenses": 672987000, "interestExpense": 4554000, "depreciationAndAmortization": 64630000, "ebitda": 212044000, "ebitdaratio": 0.258463848776, "operatingIncome": 147414000, "operatingIncomeRatio": 0.179685300237, "totalOtherIncomeExpensesNet": -359000, "incomeBeforeTax": 147055000, "incomeBeforeTaxRatio": 0.179247709352, "incomeTaxExpense": -6459000, "netIncome": 153514000, "netIncomeRatio": 0.187120688541, "eps": 1.03, "epsdiluted": 1.01, "weightedAverageShsOut": 149288000, "weightedAverageShsOutDil": 152661000, "link": "https://www.sec.gov/Archives/edgar/data/883241/000088324119000008/0000883241-19-000008-index.htm", "finalLink": "https://www.sec.gov/Archives/edgar/data/883241/000088324118000012/snps10311810-k.htm"}, {"date": "2018-10-31", "symbol": "SNPS", "fillingDate": "2018-12-17", "acceptedDate": "2018-12-14 20:07:29", "period": "FY", "revenue": 795082000, "costOfRevenue": 190582000, "grossProfit": 604500000, "grossProfitRatio": 0.7602989377196314, "researchAndDevelopmentExpenses": 290875000, "generalAndAdministrativeExpenses": 63043000, "sellingAndMarketingExpenses": 167325000, "otherExpenses": 21732000, "operatingExpenses": 542975000, "costAndExpenses": 733557000, "interestExpense": 4326000, "depreciationAndAmortization": 58962000, "ebitda": 120487000, "ebitdaratio": 0.151540344266, "operatingIncome": 61525000, "operatingIncomeRatio": 0.0773819555719, "totalOtherIncomeExpensesNet": -9277000, "incomeBeforeTax": 52248000, "incomeBeforeTaxRatio": 0.0657139766716, "incomeTaxExpense": -202080000, "netIncome": 254328000, "netIncomeRatio": 0.319876440417, "eps": 1.7, "epsdiluted": 1.66, "weightedAverageShsOut": 149036000, "weightedAverageShsOutDil": 153393000, "link": "https://www.sec.gov/Archives/edgar/data/883241/000088324118000012/0000883241-18-000012-index.htm", "finalLink": "https://www.sec.gov/Archives/edgar/data/883241/000088324118000012/snps10311810-k.htm"}, {"date": "2018-07-31", "symbol": "SNPS", "fillingDate": "2018-08-24", "acceptedDate": "2018-08-24 16:38:36", "period": "Q3", "revenue": 779714000, "costOfRevenue": 185381000, "grossProfit": 594333000, "grossProfitRatio": 0.7622448744026656, "researchAndDevelopmentExpenses": 277402000, "generalAndAdministrativeExpenses": 84336000, "sellingAndMarketingExpenses": 157953000, "otherExpenses": 10674000, "operatingExpenses": 530365000, "costAndExpenses": 715746000, "interestExpense": 4558000, "depreciationAndAmortization": 53416000, "ebitda": 117384000, "ebitdaratio": 0.150547508445, "operatingIncome": 63968000, "operatingIncomeRatio": 0.0820403378675, "totalOtherIncomeExpensesNet": 7925000, "incomeBeforeTax": 71893000, "incomeBeforeTaxRatio": 0.0922043210716, "incomeTaxExpense": -7516000, "netIncome": 79409000, "netIncomeRatio": 0.101843752966, "eps": 0.54, "epsdiluted": 0.52, "weightedAverageShsOut": 148760000, "weightedAverageShsOutDil": 153118000, "link": "https://www.sec.gov/Archives/edgar/data/883241/000088324118000008/0000883241-18-000008-index.htm", "finalLink": "https://www.sec.gov/Archives/edgar/data/883241/000088324118000008/a073118snps10-q.htm"}, {"date": "2018-04-30", "symbol": "SNPS", "fillingDate": "2018-05-25", "acceptedDate": "2018-05-25 16:33:36", "period": "Q2", "revenue": 776836000, "costOfRevenue": 178779000, "grossProfit": 598057000, "grossProfitRatio": 0.7698626222265703, "researchAndDevelopmentExpenses": 252134000, "generalAndAdministrativeExpenses": 58809000, "sellingAndMarketingExpenses": 147188000, "otherExpenses": 12912000, "operatingExpenses": 471043000, "costAndExpenses": 649822000, "interestExpense": 3880000, "depreciationAndAmortization": 52909000, "ebitda": 179923000, "ebitdaratio": 0.231610018073, "operatingIncome": 127014000, "operatingIncomeRatio": 0.163501691477, "totalOtherIncomeExpensesNet": -7715000, "incomeBeforeTax": 119299000, "incomeBeforeTaxRatio": 0.153570380363, "incomeTaxExpense": 16827000, "netIncome": 102472000, "netIncomeRatio": 0.131909437771, "eps": 0.68, "epsdiluted": 0.66, "weightedAverageShsOut": 149245000, "weightedAverageShsOutDil": 153664000, "link": "https://www.sec.gov/Archives/edgar/data/883241/000088324118000005/0000883241-18-000005-index.htm", "finalLink": "https://www.sec.gov/Archives/edgar/data/883241/000088324118000005/a043018snps10-q.htm"}, {"date": "2018-01-31", "symbol": "SNPS", "fillingDate": "2018-02-23", "acceptedDate": "2018-02-23 16:46:31", "period": "Q1", "revenue": 769426000, "costOfRevenue": 181156000, "grossProfit": 588270000, "grossProfitRatio": 0.7645569554447081, "researchAndDevelopmentExpenses": 264411000, "generalAndAdministrativeExpenses": 56372000, "sellingAndMarketingExpenses": 150512000, "otherExpenses": 9257000, "operatingExpenses": 480552000, "costAndExpenses": 661708000, "interestExpense": 2843000, "depreciationAndAmortization": 43920000, "ebitda": 151638000, "ebitdaratio": 0.197079381253, "operatingIncome": 107718000, "operatingIncomeRatio": 0.139997868541, "totalOtherIncomeExpensesNet": 12385000, "incomeBeforeTax": 120103000, "incomeBeforeTaxRatio": 0.156094283271, "incomeTaxExpense": 123794000, "netIncome": -3691000, "netIncomeRatio": -0.004797082500461383, "eps": -0.02, "epsdiluted": -0.02, "weightedAverageShsOut": 149441000, "weightedAverageShsOutDil": 149441000, "link": "https://www.sec.gov/Archives/edgar/data/883241/000088324118000002/0000883241-18-000002-index.htm", "finalLink": "https://www.sec.gov/Archives/edgar/data/883241/000088324117000014/snps10311710-k.htm"}, {"date": "2017-10-31", "symbol": "SNPS", "fillingDate": "2017-12-14", "acceptedDate": "2017-12-13 18:49:27", "period": "FY", "revenue": 696644000, "costOfRevenue": 166864000, "grossProfit": 529780000, "grossProfitRatio": 0.7604745034766681, "researchAndDevelopmentExpenses": 244515000, "generalAndAdministrativeExpenses": 26190000, "sellingAndMarketingExpenses": 154006000, "otherExpenses": 13356000, "operatingExpenses": 438067000, "costAndExpenses": 604931000, "interestExpense": 1816000, "depreciationAndAmortization": 45330000, "ebitda": 137043000, "ebitdaratio": 0.196718840613, "operatingIncome": 91713000, "operatingIncomeRatio": 0.131649737886, "totalOtherIncomeExpensesNet": 8213000, "incomeBeforeTax": 99926000, "incomeBeforeTaxRatio": 0.143439116679, "incomeTaxExpense": 220008000, "netIncome": -120082000, "netIncomeRatio": -0.17237211545638806, "eps": -0.8, "epsdiluted": -0.78, "weightedAverageShsOut": 150457000, "weightedAverageShsOutDil": 154874000, "link": "https://www.sec.gov/Archives/edgar/data/883241/000088324117000014/0000883241-17-000014-index.htm", "finalLink": "https://www.sec.gov/Archives/edgar/data/883241/000088324117000014/snps10311710-k.htm"}, {"date": "2017-07-31", "symbol": "SNPS", "fillingDate": "2017-08-18", "acceptedDate": "2017-08-18 16:34:03", "period": "Q3", "revenue": 695381000, "costOfRevenue": 169546000, "grossProfit": 525835000, "grossProfitRatio": 0.7561825819227157, "researchAndDevelopmentExpenses": 228663000, "generalAndAdministrativeExpenses": 46350000, "sellingAndMarketingExpenses": 131520000, "otherExpenses": 13932000, "operatingExpenses": 420465000, "costAndExpenses": 590011000, "interestExpense": 2319000, "depreciationAndAmortization": 47068000, "ebitda": 152438000, "ebitdaratio": 0.219215077778, "operatingIncome": 105370000, "operatingIncomeRatio": 0.151528442681, "totalOtherIncomeExpensesNet": 7421000, "incomeBeforeTax": 112791000, "incomeBeforeTaxRatio": 0.162200290201, "incomeTaxExpense": -3960000, "netIncome": 116751000, "netIncomeRatio": 0.167895010074, "eps": 0.78, "epsdiluted": 0.76, "weightedAverageShsOut": 150460000, "weightedAverageShsOutDil": 154787000, "link": "https://www.sec.gov/Archives/edgar/data/883241/000088324117000007/0000883241-17-000007-index.htm", "finalLink": "https://www.sec.gov/Archives/edgar/data/883241/000088324117000007/a073117snps10-q.htm"}, {"date": "2017-04-30", "symbol": "SNPS", "fillingDate": "2017-05-19", "acceptedDate": "2017-05-19 16:26:12", "period": "Q2", "revenue": 680069000, "costOfRevenue": 162028000, "grossProfit": 518041000, "grossProfitRatio": 0.7617477050122855, "researchAndDevelopmentExpenses": 223015000, "generalAndAdministrativeExpenses": 83438000, "sellingAndMarketingExpenses": 137211000, "otherExpenses": 20771000, "operatingExpenses": 464435000, "costAndExpenses": 626463000, "interestExpense": 1860000, "depreciationAndAmortization": 47580000, "ebitda": 101186000, "ebitdaratio": 0.148787843586, "operatingIncome": 53606000, "operatingIncomeRatio": 0.0788243545875, "totalOtherIncomeExpensesNet": 8414000, "incomeBeforeTax": 62020000, "incomeBeforeTaxRatio": 0.0911966285774, "incomeTaxExpense": 8714000, "netIncome": 53306000, "netIncomeRatio": 0.0783832228789, "eps": 0.36, "epsdiluted": 0.34, "weightedAverageShsOut": 150583000, "weightedAverageShsOutDil": 154754000, "link": "https://www.sec.gov/Archives/edgar/data/883241/000088324117000005/0000883241-17-000005-index.htm", "finalLink": "https://www.sec.gov/Archives/edgar/data/883241/000088324117000005/a043017snps10-q.htm"}, {"date": "2017-01-31", "symbol": "SNPS", "fillingDate": "2017-02-17", "acceptedDate": "2017-02-17 16:44:28", "period": "Q1", "revenue": 652786000, "costOfRevenue": 155746000, "grossProfit": 497040000, "grossProfitRatio": 0.7614133881547704, "researchAndDevelopmentExpenses": 212648000, "generalAndAdministrativeExpenses": 40866000, "sellingAndMarketingExpenses": 126511000, "otherExpenses": 20141000, "operatingExpenses": 400166000, "costAndExpenses": 555912000, "interestExpense": 1308000, "depreciationAndAmortization": 49464000, "ebitda": 146338000, "ebitdaratio": 0.224174538057, "operatingIncome": 96874000, "operatingIncomeRatio": 0.148400854185, "totalOtherIncomeExpensesNet": 11487000, "incomeBeforeTax": 108361000, "incomeBeforeTaxRatio": 0.165997738922, "incomeTaxExpense": 21773000, "netIncome": 86588000, "netIncomeRatio": 0.132643776061, "eps": 0.57, "epsdiluted": 0.56, "weightedAverageShsOut": 150782000, "weightedAverageShsOutDil": 154433000, "link": "https://www.sec.gov/Archives/edgar/data/883241/000088324117000003/0000883241-17-000003-index.htm", "finalLink": "https://www.sec.gov/Archives/edgar/data/883241/000088324116000027/snps10311610-k.htm"}, {"date": "2016-10-31", "symbol": "SNPS", "fillingDate": "2016-12-12", "acceptedDate": "2016-12-09 19:54:04", "period": "FY", "revenue": 633719000, "costOfRevenue": 142211000, "grossProfit": 491508000, "grossProfitRatio": 0.7755929678611498, "researchAndDevelopmentExpenses": 221954000, "generalAndAdministrativeExpenses": 42164000, "sellingAndMarketingExpenses": 131494000, "otherExpenses": 13139000, "operatingExpenses": 408751000, "costAndExpenses": 550962000, "interestExpense": 1042000, "depreciationAndAmortization": 49218000, "ebitda": 131975000, "ebitdaratio": 0.208254762758, "operatingIncome": 82757000, "operatingIncomeRatio": 0.130589425282, "totalOtherIncomeExpensesNet": -5000, "incomeBeforeTax": 82752000, "incomeBeforeTaxRatio": 0.130581535349, "incomeTaxExpense": 10055000, "netIncome": 72697000, "netIncomeRatio": 0.114714881517, "eps": 0.48, "epsdiluted": 0.47, "weightedAverageShsOut": 152017000, "weightedAverageShsOutDil": 154721000, "link": "https://www.sec.gov/Archives/edgar/data/883241/000088324116000027/0000883241-16-000027-index.htm", "finalLink": "https://www.sec.gov/Archives/edgar/data/883241/000088324116000027/snps10311610-k.htm"}, {"date": "2016-07-31", "symbol": "SNPS", "fillingDate": "2016-08-22", "acceptedDate": "2016-08-22 16:17:34", "period": "Q3", "revenue": 615204000, "costOfRevenue": 139677000, "grossProfit": 475527000, "grossProfitRatio": 0.7729582382429243, "researchAndDevelopmentExpenses": 221874000, "generalAndAdministrativeExpenses": 42548000, "sellingAndMarketingExpenses": 127328000, "otherExpenses": 7055000, "operatingExpenses": 398805000, "costAndExpenses": 538482000, "interestExpense": 1208000, "depreciationAndAmortization": 50588000, "ebitda": 127310000, "ebitdaratio": 0.206939486739, "operatingIncome": 76722000, "operatingIncomeRatio": 0.124709852342, "totalOtherIncomeExpensesNet": 8509000, "incomeBeforeTax": 85231000, "incomeBeforeTaxRatio": 0.138541036794, "incomeTaxExpense": 20513000, "netIncome": 64718000, "netIncomeRatio": 0.105197625503, "eps": 0.43, "epsdiluted": 0.42, "weightedAverageShsOut": 152129000, "weightedAverageShsOutDil": 154629000, "link": "https://www.sec.gov/Archives/edgar/data/883241/000088324116000022/0000883241-16-000022-index.htm", "finalLink": "https://www.sec.gov/Archives/edgar/data/883241/000088324116000022/a073116snps10-q.htm"}, {"date": "2016-04-30", "symbol": "SNPS", "fillingDate": "2016-05-24", "acceptedDate": "2016-05-24 12:29:26", "period": "Q2", "revenue": 605005000, "costOfRevenue": 131630000, "grossProfit": 473375000, "grossProfitRatio": 0.7824315501524781, "researchAndDevelopmentExpenses": 216172000, "generalAndAdministrativeExpenses": 41553000, "sellingAndMarketingExpenses": 120926000, "otherExpenses": 7918000, "operatingExpenses": 386569000, "costAndExpenses": 518199000, "interestExpense": 848000, "depreciationAndAmortization": 50790000, "ebitda": 137596000, "ebitdaratio": 0.227429525376, "operatingIncome": 86806000, "operatingIncomeRatio": 0.143479805952, "totalOtherIncomeExpensesNet": 10417000, "incomeBeforeTax": 97223000, "incomeBeforeTaxRatio": 0.160697845472, "incomeTaxExpense": 27847000, "netIncome": 69376000, "netIncomeRatio": 0.114670126693, "eps": 0.46, "epsdiluted": 0.45, "weightedAverageShsOut": 152609000, "weightedAverageShsOutDil": 154921000, "link": "https://www.sec.gov/Archives/edgar/data/883241/000088324116000020/0000883241-16-000020-index.htm", "finalLink": "https://www.sec.gov/Archives/edgar/data/883241/000088324116000020/a043016snps10-q.htm"}, {"date": "2016-01-31", "symbol": "SNPS", "fillingDate": "2016-02-22", "acceptedDate": "2016-02-22 17:02:39", "period": "Q1", "revenue": 568604000, "costOfRevenue": 129444000, "grossProfit": 439160000, "grossProfitRatio": 0.7723477147540292, "researchAndDevelopmentExpenses": 196705000, "generalAndAdministrativeExpenses": 39697000, "sellingAndMarketingExpenses": 122620000, "otherExpenses": 9028000, "operatingExpenses": 368050000, "costAndExpenses": 497494000, "interestExpense": 673000, "depreciationAndAmortization": 56436000, "ebitda": 127546000, "ebitdaratio": 0.224314285513, "operatingIncome": 71110000, "operatingIncomeRatio": 0.125060674916, "totalOtherIncomeExpensesNet": -6768000, "incomeBeforeTax": 64342000, "incomeBeforeTaxRatio": 0.113157839199, "incomeTaxExpense": 4307000, "netIncome": 60035000, "netIncomeRatio": 0.105583147498, "eps": 0.39, "epsdiluted": 0.39, "weightedAverageShsOut": 152968000, "weightedAverageShsOutDil": 155283000, "link": "https://www.sec.gov/Archives/edgar/data/883241/000088324116000017/0000883241-16-000017-index.htm", "finalLink": "https://www.sec.gov/Archives/edgar/data/883241/000088324115000014/snps10311510-k.htm"}, {"date": "2015-10-31", "symbol": "SNPS", "fillingDate": "2015-12-14", "acceptedDate": "2015-12-14 16:42:14", "period": "FY", "revenue": 587159000, "costOfRevenue": 139844000, "grossProfit": 447315000, "grossProfitRatio": 0.7618294192884721, "researchAndDevelopmentExpenses": 208305000, "generalAndAdministrativeExpenses": 43843000, "sellingAndMarketingExpenses": 130671000, "otherExpenses": 6938000, "operatingExpenses": 389757000, "costAndExpenses": 529601000, "interestExpense": 757000, "depreciationAndAmortization": 57286000, "ebitda": 114844000, "ebitdaratio": 0.195592675919, "operatingIncome": 57558000, "operatingIncomeRatio": 0.0980279617616, "totalOtherIncomeExpensesNet": -1640000, "incomeBeforeTax": 55918000, "incomeBeforeTaxRatio": 0.0952348512073, "incomeTaxExpense": 6156000, "netIncome": 49762000, "netIncomeRatio": 0.0847504679312, "eps": 0.32, "epsdiluted": 0.31, "weightedAverageShsOut": 154957000, "weightedAverageShsOutDil": 158065000, "link": "https://www.sec.gov/Archives/edgar/data/883241/000088324115000014/0000883241-15-000014-index.htm", "finalLink": "https://www.sec.gov/Archives/edgar/data/883241/000088324115000014/snps10311510-k.htm"}, {"date": "2015-07-31", "symbol": "SNPS", "fillingDate": "2015-08-24", "acceptedDate": "2015-08-24 17:02:08", "period": "Q3", "revenue": 555805000, "costOfRevenue": 129471000, "grossProfit": 426334000, "grossProfitRatio": 0.7670567915006162, "researchAndDevelopmentExpenses": 197999000, "generalAndAdministrativeExpenses": 43925000, "sellingAndMarketingExpenses": 116988000, "otherExpenses": 5940000, "operatingExpenses": 364852000, "costAndExpenses": 494323000, "interestExpense": 600000, "depreciationAndAmortization": 52484000, "ebitda": 113966000, "ebitdaratio": 0.205046734016, "operatingIncome": 61482000, "operatingIncomeRatio": 0.110617932548, "totalOtherIncomeExpensesNet": 3711000, "incomeBeforeTax": 65193000, "incomeBeforeTaxRatio": 0.117294734664, "incomeTaxExpense": 9806000, "netIncome": 55387000, "netIncomeRatio": 0.0996518563165, "eps": 0.36, "epsdiluted": 0.35, "weightedAverageShsOut": 154835000, "weightedAverageShsOutDil": 157850000, "link": "https://www.sec.gov/Archives/edgar/data/883241/000088324115000011/0000883241-15-000011-index.htm", "finalLink": "https://www.sec.gov/Archives/edgar/data/883241/000088324115000011/a073115snps10-q.htm"}, {"date": "2015-04-30", "symbol": "SNPS", "fillingDate": "2015-05-22", "acceptedDate": "2015-05-22 16:35:32", "period": "Q2", "revenue": 557204000, "costOfRevenue": 124972000, "grossProfit": 432232000, "grossProfitRatio": 0.775715895794, "researchAndDevelopmentExpenses": 188315000, "generalAndAdministrativeExpenses": 40975000, "sellingAndMarketingExpenses": 120579000, "otherExpenses": 6436000, "operatingExpenses": 356305000, "costAndExpenses": 481277000, "interestExpense": 804000, "depreciationAndAmortization": 51522000, "ebitda": 127449000, "ebitdaratio": 0.228729513787, "operatingIncome": 75927000, "operatingIncomeRatio": 0.136264276638, "totalOtherIncomeExpensesNet": 7957000, "incomeBeforeTax": 83884000, "incomeBeforeTaxRatio": 0.150544504347, "incomeTaxExpense": 28288000, "netIncome": 55596000, "netIncomeRatio": 0.0997767424498, "eps": 0.36, "epsdiluted": 0.36, "weightedAverageShsOut": 154486000, "weightedAverageShsOutDil": 157409000, "link": "https://www.sec.gov/Archives/edgar/data/883241/000088324115000008/0000883241-15-000008-index.htm", "finalLink": "https://www.sec.gov/Archives/edgar/data/883241/000088324115000008/a043015snps10-q.htm"}, {"date": "2015-01-31", "symbol": "SNPS", "fillingDate": "2015-02-24", "acceptedDate": "2015-02-24 16:12:11", "period": "Q1", "revenue": 542043000, "costOfRevenue": 124633000, "grossProfit": 417410000, "grossProfitRatio": 0.770068057331245, "researchAndDevelopmentExpenses": 181610000, "generalAndAdministrativeExpenses": 36354000, "sellingAndMarketingExpenses": 106169000, "otherExpenses": 21778000, "operatingExpenses": 345911000, "costAndExpenses": 470544000, "interestExpense": 653000, "depreciationAndAmortization": 50529000, "ebitda": 122028000, "ebitdaratio": 0.225126050885, "operatingIncome": 71499000, "operatingIncomeRatio": 0.131906509262, "totalOtherIncomeExpensesNet": 5116000, "incomeBeforeTax": 76615000, "incomeBeforeTaxRatio": 0.141344874853, "incomeTaxExpense": 11426000, "netIncome": 65189000, "netIncomeRatio": 0.120265366401, "eps": 0.42, "epsdiluted": 0.41, "weightedAverageShsOut": 154458000, "weightedAverageShsOutDil": 157206000, "link": "https://www.sec.gov/Archives/edgar/data/883241/000088324115000004/0000883241-15-000004-index.htm", "finalLink": "https://www.sec.gov/Archives/edgar/data/883241/000088324114000008/snps10311410-k.htm"}, {"date": "2014-10-31", "symbol": "SNPS", "fillingDate": "2014-12-15", "acceptedDate": "2014-12-12 21:47:39", "period": "FY", "revenue": 539012000, "costOfRevenue": 121421000, "grossProfit": 417591000, "grossProfitRatio": 0.7747341432101698, "researchAndDevelopmentExpenses": 190373000, "generalAndAdministrativeExpenses": 42969000, "sellingAndMarketingExpenses": 120232000, "otherExpenses": 6517000, "operatingExpenses": 360091000, "costAndExpenses": 481512000, "interestExpense": 241000, "depreciationAndAmortization": 52076000, "ebitda": 109576000, "ebitdaratio": 0.203290464776, "operatingIncome": 57500000, "operatingIncomeRatio": 0.10667666026, "totalOtherIncomeExpensesNet": 4628000, "incomeBeforeTax": 62128000, "incomeBeforeTaxRatio": 0.11526273997610442, "incomeTaxExpense": -327000, "netIncome": 62455000, "netIncomeRatio": 0.115869405505, "eps": 0.4, "epsdiluted": 0.39, "weightedAverageShsOut": 155054000, "weightedAverageShsOutDil": 157710000, "link": "https://www.sec.gov/Archives/edgar/data/883241/000088324114000008/0000883241-14-000008-index.htm", "finalLink": "https://www.sec.gov/Archives/edgar/data/883241/000088324114000008/snps10311410-k.htm"}, {"date": "2014-07-31", "symbol": "SNPS", "fillingDate": "2014-08-26", "acceptedDate": "2014-08-25 20:46:15", "period": "Q3", "revenue": 521812000, "costOfRevenue": 115530000, "grossProfit": 406282000, "grossProfitRatio": 0.7785984224203353, "researchAndDevelopmentExpenses": 182809000, "generalAndAdministrativeExpenses": 37438000, "sellingAndMarketingExpenses": 112271000, "otherExpenses": 6537000, "operatingExpenses": 339055000, "costAndExpenses": 454585000, "interestExpense": 715000, "depreciationAndAmortization": 49165000, "ebitda": 116392000, "ebitdaratio": 0.223053513526, "operatingIncome": 67227000, "operatingIncomeRatio": 0.128833756219, "totalOtherIncomeExpensesNet": 3544000, "incomeBeforeTax": 70771000, "incomeBeforeTaxRatio": 0.135625474309, "incomeTaxExpense": 5115000, "netIncome": 65656000, "netIncomeRatio": 0.125823093375, "eps": 0.42, "epsdiluted": 0.42, "weightedAverageShsOut": 154611000, "weightedAverageShsOutDil": 157253000, "link": "https://www.sec.gov/Archives/edgar/data/883241/000088324114000005/0000883241-14-000005-index.htm", "finalLink": "https://www.sec.gov/Archives/edgar/data/883241/000088324114000005/a073114snps10-q.htm"}, {"date": "2014-04-30", "symbol": "SNPS", "fillingDate": "2014-05-28", "acceptedDate": "2014-05-27 20:58:33", "period": "Q2", "revenue": 517697000, "costOfRevenue": 114085000, "grossProfit": 403612000, "grossProfitRatio": 0.7796297834447563, "researchAndDevelopmentExpenses": 178043000, "generalAndAdministrativeExpenses": 40575000, "sellingAndMarketingExpenses": 114784000, "otherExpenses": 6376000, "operatingExpenses": 339778000, "costAndExpenses": 453863000, "interestExpense": 582000, "depreciationAndAmortization": 47871000, "ebitda": 111705000, "ebitdaratio": 0.215772932816, "operatingIncome": 63834000, "operatingIncomeRatio": 0.123303785805, "totalOtherIncomeExpensesNet": 4225000, "incomeBeforeTax": 68059000, "incomeBeforeTaxRatio": 0.131464930258, "incomeTaxExpense": 4742000, "netIncome": 63317000, "netIncomeRatio": 0.122305132153, "eps": 0.41, "epsdiluted": 0.4, "weightedAverageShsOut": 154319000, "weightedAverageShsOutDil": 156986000, "link": "https://www.sec.gov/Archives/edgar/data/883241/000119312514213430/0001193125-14-213430-index.htm", "finalLink": "https://www.sec.gov/Archives/edgar/data/883241/000119312514213430/d715707d10q.htm"}, {"date": "2014-01-31", "symbol": "SNPS", "fillingDate": "2014-02-26", "acceptedDate": "2014-02-26 17:05:00", "period": "Q1", "revenue": 478951000, "costOfRevenue": 105849000, "grossProfit": 373102000, "grossProfitRatio": 0.7789982691340033, "researchAndDevelopmentExpenses": 167543000, "generalAndAdministrativeExpenses": 34233000, "sellingAndMarketingExpenses": 105792000, "otherExpenses": 5378000, "operatingExpenses": 312946000, "costAndExpenses": 418795000, "interestExpense": 357000, "depreciationAndAmortization": 43714000, "ebitda": 103870000, "ebitdaratio": 0.216869784174, "operatingIncome": 60156000, "operatingIncomeRatio": 0.125599487213, "totalOtherIncomeExpensesNet": 11028000, "incomeBeforeTax": 71184000, "incomeBeforeTaxRatio": 0.1486248071305833, "incomeTaxExpense": 3488000, "netIncome": 67696000, "netIncomeRatio": 0.141342224988, "eps": 0.44, "epsdiluted": 0.43, "weightedAverageShsOut": 154066000, "weightedAverageShsOutDil": 156756000, "link": "https://www.sec.gov/Archives/edgar/data/883241/000119312514069985/0001193125-14-069985-index.htm", "finalLink": "https://www.sec.gov/Archives/edgar/data/883241/000119312513479653/d608014d10k.htm"}, {"date": "2013-10-31", "symbol": "SNPS", "fillingDate": "2013-12-20", "acceptedDate": "2013-12-19 21:47:48", "period": "FY", "revenue": 504875000, "costOfRevenue": 119109000, "grossProfit": 385766000, "grossProfitRatio": 0.764082198564001, "researchAndDevelopmentExpenses": 175057000, "generalAndAdministrativeExpenses": 39089000, "sellingAndMarketingExpenses": 114913000, "otherExpenses": 5693000, "operatingExpenses": 334752000, "costAndExpenses": 453861000, "interestExpense": 371000, "depreciationAndAmortization": 45648000, "ebitda": 96662000, "ebitdaratio": 0.191457291409, "operatingIncome": 51014000, "operatingIncomeRatio": 0.101042832384, "totalOtherIncomeExpensesNet": 8043000, "incomeBeforeTax": 59057000, "incomeBeforeTaxRatio": 0.11697350829413221, "incomeTaxExpense": 2167000, "netIncome": 56890000, "netIncomeRatio": 0.112681356771, "eps": 0.37, "epsdiluted": 0.36, "weightedAverageShsOut": 153319000, "weightedAverageShsOutDil": 156601000, "link": "https://www.sec.gov/Archives/edgar/data/883241/000119312513479653/0001193125-13-479653-index.htm", "finalLink": "https://www.sec.gov/Archives/edgar/data/883241/000119312513479653/d608014d10k.htm"}, {"date": "2013-07-31", "symbol": "SNPS", "fillingDate": "2013-08-30", "acceptedDate": "2013-08-30 16:27:22", "period": "Q3", "revenue": 482945000, "costOfRevenue": 115647000, "grossProfit": 367298000, "grossProfitRatio": 0.7605379494559422, "researchAndDevelopmentExpenses": 166668000, "generalAndAdministrativeExpenses": 34510000, "sellingAndMarketingExpenses": 105381000, "otherExpenses": 5744000, "operatingExpenses": 312303000, "costAndExpenses": 427950000, "interestExpense": 404000, "depreciationAndAmortization": 47602000, "ebitda": 102597000, "ebitdaratio": 0.212440339997, "operatingIncome": 54995000, "operatingIncomeRatio": 0.113874250691, "totalOtherIncomeExpensesNet": 3177000, "incomeBeforeTax": 58172000, "incomeBeforeTaxRatio": 0.120452639535, "incomeTaxExpense": 5875000, "netIncome": 52297000, "netIncomeRatio": 0.108287693216, "eps": 0.34, "epsdiluted": 0.33, "weightedAverageShsOut": 152969000, "weightedAverageShsOutDil": 156215000, "link": "https://www.sec.gov/Archives/edgar/data/883241/000119312513353975/0001193125-13-353975-index.htm", "finalLink": "https://www.sec.gov/Archives/edgar/data/883241/000119312513353975/d569790d10q.htm"}, {"date": "2013-04-30", "symbol": "SNPS", "fillingDate": "2013-05-31", "acceptedDate": "2013-05-31 17:28:39", "period": "Q2", "revenue": 499257000, "costOfRevenue": 107733000, "grossProfit": 391524000, "grossProfitRatio": 0.7842133410247628, "researchAndDevelopmentExpenses": 169962000, "generalAndAdministrativeExpenses": 32254000, "sellingAndMarketingExpenses": 103930000, "otherExpenses": 5875000, "operatingExpenses": 312021000, "costAndExpenses": 419754000, "interestExpense": 457000, "depreciationAndAmortization": 47090000, "ebitda": 126593000, "ebitdaratio": 0.253562794312, "operatingIncome": 79503000, "operatingIncomeRatio": 0.159242634555, "totalOtherIncomeExpensesNet": 7204000, "incomeBeforeTax": 86707000, "incomeBeforeTaxRatio": 0.173672076706, "incomeTaxExpense": 18016000, "netIncome": 68691000, "netIncomeRatio": 0.13758645347, "eps": 0.45, "epsdiluted": 0.44, "weightedAverageShsOut": 152496000, "weightedAverageShsOutDil": 155662000, "link": "https://www.sec.gov/Archives/edgar/data/883241/000119312513243521/0001193125-13-243521-index.htm", "finalLink": "https://www.sec.gov/Archives/edgar/data/883241/000119312513243521/d522537d10q.htm"}, {"date": "2013-01-31", "symbol": "SNPS", "fillingDate": "2013-03-04", "acceptedDate": "2013-03-01 21:02:16", "period": "Q1", "revenue": 475137000, "costOfRevenue": 111063000, "grossProfit": 364074000, "grossProfitRatio": 0.7662505761496158, "researchAndDevelopmentExpenses": 157510000, "generalAndAdministrativeExpenses": 37938000, "sellingAndMarketingExpenses": 101758000, "otherExpenses": 5887000, "operatingExpenses": 303093000, "costAndExpenses": 414156000, "interestExpense": 464000, "depreciationAndAmortization": 47064000, "ebitda": 108045000, "ebitdaratio": 0.227397571648, "operatingIncome": 60981000, "operatingIncomeRatio": 0.12834403551, "totalOtherIncomeExpensesNet": 10749000, "incomeBeforeTax": 71730000, "incomeBeforeTaxRatio": 0.150966984259, "incomeTaxExpense": 1808000, "netIncome": 69922000, "netIncomeRatio": 0.147161765975, "eps": 0.46, "epsdiluted": 0.45, "weightedAverageShsOut": 151477000, "weightedAverageShsOutDil": 154531000, "link": "https://www.sec.gov/Archives/edgar/data/883241/000119312513088256/0001193125-13-088256-index.htm", "finalLink": "https://www.sec.gov/Archives/edgar/data/883241/000119312512510596/d420241d10k.htm"}, {"date": "2012-10-31", "symbol": "SNPS", "fillingDate": "2012-12-20", "acceptedDate": "2012-12-20 17:16:32", "period": "FY", "revenue": 454213000, "costOfRevenue": 102524000, "grossProfit": 351689000, "grossProfitRatio": 0.7742821099352066, "researchAndDevelopmentExpenses": 153568000, "generalAndAdministrativeExpenses": 41903000, "sellingAndMarketingExpenses": 111385000, "otherExpenses": 5343000, "operatingExpenses": 312199000, "costAndExpenses": 414723000, "interestExpense": 1991000, "depreciationAndAmortization": 41764000, "ebitda": 81254000, "ebitdaratio": 0.178889639883, "operatingIncome": 39490000, "operatingIncomeRatio": 0.0869415890783, "totalOtherIncomeExpensesNet": 11111000, "incomeBeforeTax": 42732000, "incomeBeforeTaxRatio": 0.0940792095339, "incomeTaxExpense": 13651000, "netIncome": 28577000, "netIncomeRatio": 0.0629154163355, "eps": 0.19, "epsdiluted": 0.18, "weightedAverageShsOut": 146887000, "weightedAverageShsOutDil": 150280000, "link": "https://www.sec.gov/Archives/edgar/data/883241/000119312512510596/0001193125-12-510596-index.htm", "finalLink": "https://www.sec.gov/Archives/edgar/data/883241/000119312512510596/d420241d10k.htm"}, {"date": "2012-07-31", "symbol": "SNPS", "fillingDate": "2012-08-31", "acceptedDate": "2012-08-31 16:39:18", "period": "Q3", "revenue": 443747000, "costOfRevenue": 99789000, "grossProfit": 343958000, "grossProfitRatio": 0.7751218599787717, "researchAndDevelopmentExpenses": 143955000, "generalAndAdministrativeExpenses": 31769000, "sellingAndMarketingExpenses": 100004000, "otherExpenses": 4835000, "operatingExpenses": 280563000, "costAndExpenses": 380352000, "interestExpense": 0, "depreciationAndAmortization": 40214000, "ebitda": 103609000, "ebitdaratio": 0.233486648924, "operatingIncome": 63395000, "operatingIncomeRatio": 0.142862937665, "totalOtherIncomeExpensesNet": -2310000, "incomeBeforeTax": 61085000, "incomeBeforeTaxRatio": 0.137657268669, "incomeTaxExpense": -14571000, "netIncome": 75656000, "netIncomeRatio": 0.170493546999, "eps": 0.51, "epsdiluted": 0.51, "weightedAverageShsOut": 145827000, "weightedAverageShsOutDil": 149095000, "link": "https://www.sec.gov/Archives/edgar/data/883241/000119312512377617/0001193125-12-377617-index.htm", "finalLink": "https://www.sec.gov/Archives/edgar/data/883241/000119312512377617/d371082d10q.htm"}, {"date": "2012-04-30", "symbol": "SNPS", "fillingDate": "2012-06-04", "acceptedDate": "2012-06-01 19:07:43", "period": "Q2", "revenue": 432561000, "costOfRevenue": 100506000, "grossProfit": 332055000, "grossProfitRatio": 0.767648955869808, "researchAndDevelopmentExpenses": 151230000, "generalAndAdministrativeExpenses": 49948000, "sellingAndMarketingExpenses": 108836000, "otherExpenses": 4905000, "operatingExpenses": 314919000, "costAndExpenses": 415425000, "interestExpense": 0, "depreciationAndAmortization": 42897000, "ebitda": 60033000, "ebitdaratio": 0.13878504997, "operatingIncome": 17136000, "operatingIncomeRatio": 0.0396152218993, "totalOtherIncomeExpensesNet": 6353000, "incomeBeforeTax": 23489000, "incomeBeforeTaxRatio": 0.0543021677867, "incomeTaxExpense": 2518000, "netIncome": 20971000, "netIncomeRatio": 0.0484810234857, "eps": 0.15, "epsdiluted": 0.13, "weightedAverageShsOut": 144877000, "weightedAverageShsOutDil": 148259000, "link": "https://www.sec.gov/Archives/edgar/data/883241/000119312512257478/0001193125-12-257478-index.htm", "finalLink": "https://www.sec.gov/Archives/edgar/data/883241/000119312512257478/d335528d10q.htm"}, {"date": "2012-01-31", "symbol": "SNPS", "fillingDate": "2012-03-06", "acceptedDate": "2012-03-06 17:21:11", "period": "Q1", "revenue": 425496000, "costOfRevenue": 89854000, "grossProfit": 335642000, "grossProfitRatio": 0.7888252768533665, "researchAndDevelopmentExpenses": 132875000, "generalAndAdministrativeExpenses": 33839000, "sellingAndMarketingExpenses": 95404000, "otherExpenses": 3521000, "operatingExpenses": 265639000, "costAndExpenses": 355493000, "interestExpense": 0, "depreciationAndAmortization": 31965000, "ebitda": 101968000, "ebitdaratio": 0.23964502604, "operatingIncome": 70003000, "operatingIncomeRatio": 0.164520935567, "totalOtherIncomeExpensesNet": 3826000, "incomeBeforeTax": 73829000, "incomeBeforeTaxRatio": 0.17351279448, "incomeTaxExpense": 17135000, "netIncome": 56694000, "netIncomeRatio": 0.133242145637, "eps": 0.39, "epsdiluted": 0.39, "weightedAverageShsOut": 143882000, "weightedAverageShsOutDil": 147113000, "link": "https://www.sec.gov/Archives/edgar/data/883241/000119312512099331/0001193125-12-099331-index.htm", "finalLink": "https://www.sec.gov/Archives/edgar/data/883241/000119312511343034/d235768d10k.htm"}, {"date": "2011-10-31", "symbol": "SNPS", "fillingDate": "2011-12-16", "acceptedDate": "2011-12-16 06:10:43", "period": "FY", "revenue": 390534000, "costOfRevenue": 85385000, "grossProfit": 305149000, "grossProfitRatio": 0.7813634664331403, "researchAndDevelopmentExpenses": 125415000, "generalAndAdministrativeExpenses": 26373000, "sellingAndMarketingExpenses": 93500000, "otherExpenses": 3544000, "operatingExpenses": 248832000, "costAndExpenses": 334217000, "interestExpense": 0, "depreciationAndAmortization": 31591000, "ebitda": 87908000, "ebitdaratio": 0.225096918578, "operatingIncome": 56317000, "operatingIncomeRatio": 0.144205114023, "totalOtherIncomeExpensesNet": -2762000, "incomeBeforeTax": 53555000, "incomeBeforeTaxRatio": 0.137132746445, "incomeTaxExpense": 13613000, "netIncome": 39942000, "netIncomeRatio": 0.102275346065, "eps": 0.28, "epsdiluted": 0.27, "weightedAverageShsOut": 146573000, "weightedAverageShsOutDil": 150367000, "link": "https://www.sec.gov/Archives/edgar/data/883241/000119312511343034/0001193125-11-343034-index.htm", "finalLink": "https://www.sec.gov/Archives/edgar/data/883241/000119312511343034/d235768d10k.htm"}, {"date": "2011-07-31", "symbol": "SNPS", "fillingDate": "2011-09-02", "acceptedDate": "2011-09-02 16:33:15", "period": "Q3", "revenue": 386795000, "costOfRevenue": 84732000, "grossProfit": 302063000, "grossProfitRatio": 0.7809382230897504, "researchAndDevelopmentExpenses": 122547000, "generalAndAdministrativeExpenses": 27052000, "sellingAndMarketingExpenses": 90732000, "otherExpenses": 3553000, "operatingExpenses": 243884000, "costAndExpenses": 328616000, "interestExpense": 0, "depreciationAndAmortization": 31961000, "ebitda": 90140000, "ebitdaratio": 0.233043343373, "operatingIncome": 58179000, "operatingIncomeRatio": 0.150413009475, "totalOtherIncomeExpensesNet": -2212000, "incomeBeforeTax": 55967000, "incomeBeforeTaxRatio": 0.144694217867, "incomeTaxExpense": 3885000, "netIncome": 52082000, "netIncomeRatio": 0.13465013767, "eps": 0.36, "epsdiluted": 0.36, "weightedAverageShsOut": 147479000, "weightedAverageShsOutDil": 151598000, "link": "https://www.sec.gov/Archives/edgar/data/883241/000119312511240188/0001193125-11-240188-index.htm", "finalLink": "https://www.sec.gov/Archives/edgar/data/883241/000119312511240188/d10q.htm"}, {"date": "2011-04-30", "symbol": "SNPS", "fillingDate": "2011-05-27", "acceptedDate": "2011-05-27 16:30:23", "period": "Q2", "revenue": 393670000, "costOfRevenue": 86028000, "grossProfit": 307642000, "grossProfitRatio": 0.7814717910940635, "researchAndDevelopmentExpenses": 123169000, "generalAndAdministrativeExpenses": 29470000, "sellingAndMarketingExpenses": 99562000, "otherExpenses": 7504000, "operatingExpenses": 255957000, "costAndExpenses": 341985000, "interestExpense": 0, "depreciationAndAmortization": 33322000, "ebitda": 85007000, "ebitdaratio": 0.215934666091, "operatingIncome": 51685000, "operatingIncomeRatio": 0.131290166891, "totalOtherIncomeExpensesNet": 5574000, "incomeBeforeTax": 57259000, "incomeBeforeTaxRatio": 0.14544923413, "incomeTaxExpense": -23855000, "netIncome": 81114000, "netIncomeRatio": 0.206045672772, "eps": 0.55, "epsdiluted": 0.53, "weightedAverageShsOut": 148738000, "weightedAverageShsOutDil": 153198000, "link": "https://www.sec.gov/Archives/edgar/data/883241/000119312511153412/0001193125-11-153412-index.htm", "finalLink": "https://www.sec.gov/Archives/edgar/data/883241/000119312511153412/d10q.htm"}, {"date": "2011-01-31", "symbol": "SNPS", "fillingDate": "2011-03-02", "acceptedDate": "2011-03-02 16:46:10", "period": "Q1", "revenue": 364644000, "costOfRevenue": 84305000, "grossProfit": 280339000, "grossProfitRatio": 0.7688018999352794, "researchAndDevelopmentExpenses": 120740000, "generalAndAdministrativeExpenses": 29865000, "sellingAndMarketingExpenses": 79324000, "otherExpenses": 3748000, "operatingExpenses": 233677000, "costAndExpenses": 317982000, "interestExpense": 0, "depreciationAndAmortization": 31676000, "ebitda": 78338000, "ebitdaratio": 0.214834194447, "operatingIncome": 46662000, "operatingIncomeRatio": 0.127965906473, "totalOtherIncomeExpensesNet": 5670000, "incomeBeforeTax": 52332000, "incomeBeforeTaxRatio": 0.143515319051, "incomeTaxExpense": 4106000, "netIncome": 48226000, "netIncomeRatio": 0.132255021336, "eps": 0.32, "epsdiluted": 0.31, "weightedAverageShsOut": 149016000, "weightedAverageShsOutDil": 153640000, "link": "https://www.sec.gov/Archives/edgar/data/883241/000119312511053667/0001193125-11-053667-index.htm", "finalLink": "https://www.sec.gov/Archives/edgar/data/883241/000119312510282648/d10k.htm"}, {"date": "2010-10-31", "symbol": "SNPS", "fillingDate": "2010-12-17", "acceptedDate": "2010-12-16 19:49:13", "period": "FY", "revenue": 375459000, "costOfRevenue": 281094000, "grossProfit": 94365000, "grossProfitRatio": 0.2513323691801235, "researchAndDevelopmentExpenses": 129298000, "generalAndAdministrativeExpenses": 32950000, "sellingAndMarketingExpenses": 96968000, "otherExpenses": 3243000, "operatingExpenses": 262459000, "costAndExpenses": 543553000, "interestExpense": 0, "depreciationAndAmortization": 29429000, "ebitda": 1877000, "ebitdaratio": 0.00499921429504, "operatingIncome": 33257000, "operatingIncomeRatio": 0.08857691518914182, "totalOtherIncomeExpensesNet": 6439000, "incomeBeforeTax": 39696000, "incomeBeforeTaxRatio": 0.10572659065304067, "incomeTaxExpense": 14295000, "netIncome": 25401000, "netIncomeRatio": 0.0676531924924, "eps": 0.17, "epsdiluted": 0.16, "weightedAverageShsOut": 148013000, "weightedAverageShsOutDil": 151911000, "link": "https://www.sec.gov/Archives/edgar/data/883241/000119312510282648/0001193125-10-282648-index.htm", "finalLink": "https://www.sec.gov/Archives/edgar/data/883241/000119312510282648/d10k.htm"}, {"date": "2010-07-31", "symbol": "SNPS", "fillingDate": "2010-09-08", "acceptedDate": "2010-09-08 16:50:02", "period": "Q3", "revenue": 468669000, "costOfRevenue": 66743000, "grossProfit": 401926000, "grossProfitRatio": 0.8575903249414832, "researchAndDevelopmentExpenses": 319931000, "generalAndAdministrativeExpenses": 81937000, "sellingAndMarketingExpenses": 242791000, "otherExpenses": 2561000, "operatingExpenses": 652998000, "costAndExpenses": 652998000, "interestExpense": -27900000, "depreciationAndAmortization": 27932000, "ebitda": 127368000, "ebitdaratio": 0.271765361054, "operatingIncome": 99436000, "operatingIncomeRatio": 0.212166795756, "totalOtherIncomeExpensesNet": -3046000, "incomeBeforeTax": 117638000, "incomeBeforeTaxRatio": 0.251004440234, "incomeTaxExpense": 8420000, "netIncome": 118486000, "netIncomeRatio": 0.252813819561, "eps": -0.91, "epsdiluted": -0.89, "weightedAverageShsOut": 147909000, "weightedAverageShsOutDil": 151459000, "link": "https://www.sec.gov/Archives/edgar/data/883241/000119312510206743/0001193125-10-206743-index.htm", "finalLink": "https://www.sec.gov/Archives/edgar/data/883241/000119312510206743/d10q.htm"}, {"date": "2010-04-30", "symbol": "SNPS", "fillingDate": "2010-06-04", "acceptedDate": "2010-06-04 16:42:57", "period": "Q2", "revenue": 338106000, "costOfRevenue": 69027000, "grossProfit": 269079000, "grossProfitRatio": 0.7958421323490267, "researchAndDevelopmentExpenses": 113050000, "generalAndAdministrativeExpenses": 28713000, "sellingAndMarketingExpenses": 79363000, "otherExpenses": 2985000, "operatingExpenses": 224111000, "costAndExpenses": 293138000, "interestExpense": 0, "depreciationAndAmortization": 24566000, "ebitda": 69534000, "ebitdaratio": 0.2056573973842523, "operatingIncome": 44968000, "operatingIncomeRatio": 0.13299971015007128, "totalOtherIncomeExpensesNet": 8905000, "incomeBeforeTax": 53873000, "incomeBeforeTaxRatio": 0.15933760418330345, "incomeTaxExpense": 14324000, "netIncome": 39549000, "netIncomeRatio": 0.11697219215275682, "eps": 1.17, "epsdiluted": 1.14, "weightedAverageShsOut": 147860000, "weightedAverageShsOutDil": 151635000, "link": "https://www.sec.gov/Archives/edgar/data/883241/000119312510133054/0001193125-10-133054-index.htm", "finalLink": "https://www.sec.gov/Archives/edgar/data/883241/000119312510133054/d10q.htm"}, {"date": "2010-01-31", "symbol": "SNPS", "fillingDate": "2010-03-09", "acceptedDate": "2010-03-09 16:51:01", "period": "Q1", "revenue": 330167000, "costOfRevenue": 65581000, "grossProfit": 264586000, "grossProfitRatio": 0.8013702156787322, "researchAndDevelopmentExpenses": 101232000, "generalAndAdministrativeExpenses": 25853000, "sellingAndMarketingExpenses": 79616000, "otherExpenses": 2793000, "operatingExpenses": 209494000, "costAndExpenses": 275075000, "interestExpense": 0, "depreciationAndAmortization": 25652000, "ebitda": 80744000, "ebitdaratio": 0.24455502821299524, "operatingIncome": 55092000, "operatingIncomeRatio": 0.16686101276020923, "totalOtherIncomeExpensesNet": 2250000, "incomeBeforeTax": 57342000, "incomeBeforeTaxRatio": 0.1736757459104029, "incomeTaxExpense": -75444000, "netIncome": 132786000, "netIncomeRatio": 0.4021782915918308, "eps": 0.9, "epsdiluted": 0.88, "weightedAverageShsOut": 146830000, "weightedAverageShsOutDil": 150788000, "link": "https://www.sec.gov/Archives/edgar/data/883241/000119312510051446/0001193125-10-051446-index.htm", "finalLink": "https://www.sec.gov/Archives/edgar/data/883241/000119312509255277/d10k.htm"}, {"date": "2009-10-31", "symbol": "SNPS", "fillingDate": "2009-12-18", "acceptedDate": "2009-12-18 06:12:12", "period": "FY", "revenue": 338278000, "costOfRevenue": 73172000, "grossProfit": 265106000, "grossProfitRatio": 0.7836927024518295, "researchAndDevelopmentExpenses": 114116000, "generalAndAdministrativeExpenses": 35492000, "sellingAndMarketingExpenses": 86247000, "otherExpenses": 4329000, "operatingExpenses": 240184000, "costAndExpenses": 313356000, "interestExpense": 0, "depreciationAndAmortization": 26872000, "ebitda": 51794000, "ebitdaratio": 0.15311075505944816, "operatingIncome": 24922000, "operatingIncomeRatio": 0.07367313274880424, "totalOtherIncomeExpensesNet": 6891000, "incomeBeforeTax": 31813000, "incomeBeforeTaxRatio": 0.09404395201579765, "incomeTaxExpense": 12285000, "netIncome": 19528000, "netIncomeRatio": 0.05772766777620773, "eps": 1.17, "epsdiluted": 1.15, "weightedAverageShsOut": 143752000, "weightedAverageShsOutDil": 145857000, "link": "https://www.sec.gov/Archives/edgar/data/883241/000119312509255277/0001193125-09-255277-index.htm", "finalLink": "https://www.sec.gov/Archives/edgar/data/883241/000119312509255277/d10k.htm"}, {"date": "2009-07-31", "symbol": "SNPS", "fillingDate": "2009-09-09", "acceptedDate": "2009-09-09 17:10:50", "period": "Q3", "revenue": 345177000, "costOfRevenue": 70035000, "grossProfit": 275142000, "grossProfitRatio": 0.7971040944211231, "researchAndDevelopmentExpenses": 305192000, "generalAndAdministrativeExpenses": 27735000, "sellingAndMarketingExpenses": 77973000, "otherExpenses": -196847000, "operatingExpenses": 214053000, "costAndExpenses": 284088000, "interestExpense": 0, "depreciationAndAmortization": 24853000, "ebitda": 85942000, "ebitdaratio": 0.248979509063466, "operatingIncome": 61089000, "operatingIncomeRatio": 0.1769787674149784, "totalOtherIncomeExpensesNet": 5384000, "incomeBeforeTax": 66473000, "incomeBeforeTaxRatio": 0.1925765621695536, "incomeTaxExpense": 19037000, "netIncome": 47436000, "netIncomeRatio": 0.13742514709844514, "eps": 1.04, "epsdiluted": 1.02, "weightedAverageShsOut": 143093000, "weightedAverageShsOutDil": 144699000, "link": "https://www.sec.gov/Archives/edgar/data/883241/000110465909053842/0001104659-09-053842-index.htm", "finalLink": "https://www.sec.gov/Archives/edgar/data/883241/000110465909053842/a09-25779_110q.htm"}, {"date": "2009-04-30", "symbol": "SNPS", "fillingDate": "2009-06-10", "acceptedDate": "2009-06-09 21:30:40", "period": "Q2", "revenue": 336835000, "costOfRevenue": 65019000, "grossProfit": 271816000, "grossProfitRatio": 0.8069707720397227, "researchAndDevelopmentExpenses": -97207000, "generalAndAdministrativeExpenses": 28691000, "sellingAndMarketingExpenses": 82520000, "otherExpenses": 203144000, "operatingExpenses": 217148000, "costAndExpenses": 282167000, "interestExpense": 0, "depreciationAndAmortization": 24310000, "ebitda": 78978000, "ebitdaratio": 0.2344708833701961, "operatingIncome": 54668000, "operatingIncomeRatio": 0.1622990484955542, "totalOtherIncomeExpensesNet": 10445000, "incomeBeforeTax": 65113000, "incomeBeforeTaxRatio": 0.19330829634687607, "incomeTaxExpense": 16825000, "netIncome": 48288000, "netIncomeRatio": 0.14335802395831787, "eps": 0.71, "epsdiluted": 0.7, "weightedAverageShsOut": 142562000, "weightedAverageShsOutDil": 144024000, "link": "https://www.sec.gov/Archives/edgar/data/883241/000110465909037483/0001104659-09-037483-index.htm", "finalLink": "https://www.sec.gov/Archives/edgar/data/883241/000110465909037483/a09-14926_110q.htm"}, {"date": "2009-01-31", "symbol": "SNPS", "fillingDate": "2009-03-09", "acceptedDate": "2009-03-09 17:11:13", "period": "Q1", "revenue": 339755000, "costOfRevenue": 65424000, "grossProfit": 274331000, "grossProfitRatio": 0.8074377124692793, "researchAndDevelopmentExpenses": 97807000, "generalAndAdministrativeExpenses": 27182000, "sellingAndMarketingExpenses": 77384000, "otherExpenses": 4386000, "operatingExpenses": 206759000, "costAndExpenses": 272183000, "interestExpense": 0, "depreciationAndAmortization": 25418000, "ebitda": 92990000, "ebitdaratio": 0.2736972229989257, "operatingIncome": 67572000, "operatingIncomeRatio": 0.1988844902944769, "totalOtherIncomeExpensesNet": 2099000, "incomeBeforeTax": 69671000, "incomeBeforeTaxRatio": 0.20506247148680667, "incomeTaxExpense": 17242000, "netIncome": 52429000, "netIncomeRatio": 0.15431413812894587, "eps": 0.37, "epsdiluted": 0.37, "weightedAverageShsOut": 141865000, "weightedAverageShsOutDil": 142612000, "link": "https://www.sec.gov/Archives/edgar/data/883241/000110465909015587/0001104659-09-015587-index.htm", "finalLink": "https://www.sec.gov/Archives/edgar/data/883241/000104746908013321/a2189740z10-k.htm"}, {"date": "2008-10-31", "symbol": "SNPS", "fillingDate": "2008-12-22", "acceptedDate": "2008-12-19 21:55:36", "period": "FY", "revenue": 352805000, "costOfRevenue": 66868000, "grossProfit": 285937000, "grossProfitRatio": 0.8104675387253581, "researchAndDevelopmentExpenses": 102564000, "generalAndAdministrativeExpenses": 27328000, "sellingAndMarketingExpenses": 87706000, "otherExpenses": 3035000, "operatingExpenses": 220633000, "costAndExpenses": 287501000, "interestExpense": 0, "depreciationAndAmortization": 23608000, "ebitda": 88912000, "ebitdaratio": 0.2520145689545216, "operatingIncome": 65304000, "operatingIncomeRatio": 0.18509941752526182, "totalOtherIncomeExpensesNet": -9584000, "incomeBeforeTax": 55720000, "incomeBeforeTaxRatio": 0.15793426963903573, "incomeTaxExpense": 9323000, "netIncome": 46397000, "netIncomeRatio": 0.13150890718668953, "eps": 1.33, "epsdiluted": 1.29, "weightedAverageShsOut": 143258000, "weightedAverageShsOutDil": 147672000, "link": "https://www.sec.gov/Archives/edgar/data/883241/000104746908013321/0001047469-08-013321-index.htm", "finalLink": "https://www.sec.gov/Archives/edgar/data/883241/000104746908013321/a2189740z10-k.htm"}, {"date": "2008-07-31", "symbol": "SNPS", "fillingDate": "2008-09-09", "acceptedDate": "2008-09-09 17:00:19", "period": "Q3", "revenue": 344128000, "costOfRevenue": 67026000, "grossProfit": 277102000, "grossProfitRatio": 0.8052294495071601, "researchAndDevelopmentExpenses": 104394000, "generalAndAdministrativeExpenses": 26512000, "sellingAndMarketingExpenses": 86816000, "otherExpenses": 9348000, "operatingExpenses": 227070000, "costAndExpenses": 294096000, "interestExpense": 0, "depreciationAndAmortization": 23291000, "ebitda": 73323000, "ebitdaratio": 0.2130689743351311, "operatingIncome": 50032000, "operatingIncomeRatio": 0.14538776269295145, "totalOtherIncomeExpensesNet": 2947000, "incomeBeforeTax": 52979000, "incomeBeforeTaxRatio": 0.1539514366747257, "incomeTaxExpense": -4770000, "netIncome": 57749000, "netIncomeRatio": 0.16781255811790963, "eps": 1, "epsdiluted": 0.97, "weightedAverageShsOut": 143450000, "weightedAverageShsOutDil": 147760000, "link": "https://www.sec.gov/Archives/edgar/data/883241/000110465908057756/0001104659-08-057756-index.htm", "finalLink": "https://www.sec.gov/Archives/edgar/data/883241/000110465908057756/a08-23086_110q.htm"}, {"date": "2008-04-30", "symbol": "SNPS", "fillingDate": "2008-06-10", "acceptedDate": "2008-06-10 17:05:38", "period": "Q2", "revenue": 324553000, "costOfRevenue": 63692000, "grossProfit": 260861000, "grossProfitRatio": 0.8037547026217597, "researchAndDevelopmentExpenses": 95275000, "generalAndAdministrativeExpenses": 26171000, "sellingAndMarketingExpenses": 82887000, "otherExpenses": 13182000, "operatingExpenses": 217515000, "costAndExpenses": 281207000, "interestExpense": 0, "depreciationAndAmortization": 24911000, "ebitda": 74848000, "ebitdaratio": 0.23061872791192808, "operatingIncome": 49937000, "operatingIncomeRatio": 0.15386392977418173, "totalOtherIncomeExpensesNet": 151000, "incomeBeforeTax": 50088000, "incomeBeforeTaxRatio": 0.1543291850637646, "incomeTaxExpense": 10701000, "netIncome": 39387000, "netIncomeRatio": 0.12135768272054179, "eps": 0.6, "epsdiluted": 0.58, "weightedAverageShsOut": 143926000, "weightedAverageShsOutDil": 147801000, "link": "https://www.sec.gov/Archives/edgar/data/883241/000110465908039072/0001104659-08-039072-index.htm", "finalLink": "https://www.sec.gov/Archives/edgar/data/883241/000110465908039072/a08-16249_110q.htm"}, {"date": "2008-01-31", "symbol": "SNPS", "fillingDate": "2008-03-12", "acceptedDate": "2008-03-11 21:00:46", "period": "Q1", "revenue": 315465000, "costOfRevenue": 61310000, "grossProfit": 254155000, "grossProfitRatio": 0.8056519740700236, "researchAndDevelopmentExpenses": 92514000, "generalAndAdministrativeExpenses": 23841000, "sellingAndMarketingExpenses": 77370000, "otherExpenses": 0, "operatingExpenses": 193725000, "costAndExpenses": 255035000, "interestExpense": 0, "depreciationAndAmortization": 25333000, "ebitda": 79172000, "ebitdaratio": 0.25096920419063923, "operatingIncome": 53839000, "operatingIncomeRatio": 0.17066552549411187, "totalOtherIncomeExpensesNet": 6330000, "incomeBeforeTax": 60169000, "incomeBeforeTaxRatio": 0.19073114291601287, "incomeTaxExpense": 13724000, "netIncome": 46445000, "netIncomeRatio": 0.14722710918802404, "eps": 0.32, "epsdiluted": 0.31, "weightedAverageShsOut": 146001000, "weightedAverageShsOutDil": 150683000, "link": "https://www.sec.gov/Archives/edgar/data/883241/000110465908016911/0001104659-08-016911-index.htm", "finalLink": "https://www.sec.gov/Archives/edgar/data/883241/000104746907010271/a2181791z10-k.htm"}, {"date": "2007-10-31", "symbol": "SNPS", "fillingDate": "2007-12-21", "acceptedDate": "2007-12-21 17:21:15", "period": "FY", "revenue": 315233000, "costOfRevenue": 62082000, "grossProfit": 253151000, "grossProfitRatio": 0.8030599588241079, "researchAndDevelopmentExpenses": 97016000, "generalAndAdministrativeExpenses": 25330000, "sellingAndMarketingExpenses": 85158000, "otherExpenses": 7771000, "operatingExpenses": 215275000, "costAndExpenses": 277357000, "interestExpense": 0, "depreciationAndAmortization": 27523000, "ebitda": 65399000, "ebitdaratio": 0.2074624166886081, "operatingIncome": 37876000, "operatingIncomeRatio": 0.12015239521243017, "totalOtherIncomeExpensesNet": 9324000, "incomeBeforeTax": 47200000, "incomeBeforeTaxRatio": 0.1497305167923409, "incomeTaxExpense": 6186000, "netIncome": 41014000, "netIncomeRatio": 0.13010693677375149, "eps": 0.91, "epsdiluted": 0.87, "weightedAverageShsOut": 143953000, "weightedAverageShsOutDil": 149716000, "link": "https://www.sec.gov/Archives/edgar/data/883241/000104746907010271/0001047469-07-010271-index.htm", "finalLink": "https://www.sec.gov/Archives/edgar/data/883241/000104746907010271/a2181791z10-k.htm"}, {"date": "2007-07-31", "symbol": "SNPS", "fillingDate": "2007-09-13", "acceptedDate": "2007-09-13 13:51:05", "period": "Q3", "revenue": 304098000, "costOfRevenue": 58391000, "grossProfit": 245707000, "grossProfitRatio": 0.8079862412774829, "researchAndDevelopmentExpenses": 94365000, "generalAndAdministrativeExpenses": 24177000, "sellingAndMarketingExpenses": 95417000, "otherExpenses": 8750000, "operatingExpenses": 222709000, "costAndExpenses": 281100000, "interestExpense": 0, "depreciationAndAmortization": 25168000, "ebitda": 48166000, "ebitdaratio": 0.15838972962663353, "operatingIncome": 22998000, "operatingIncomeRatio": 0.07562693605350906, "totalOtherIncomeExpensesNet": 10829000, "incomeBeforeTax": 33827000, "incomeBeforeTaxRatio": 0.1112371669659123, "incomeTaxExpense": 29122000, "netIncome": 24855000, "netIncomeRatio": 0.08173352011522601, "eps": 0.62, "epsdiluted": 0.6, "weightedAverageShsOut": 143626000, "weightedAverageShsOutDil": 149283000, "link": "https://www.sec.gov/Archives/edgar/data/883241/000110465907068817/0001104659-07-068817-index.htm", "finalLink": "https://www.sec.gov/Archives/edgar/data/883241/000110465907068817/a07-23265_110q.htm"}, {"date": "2007-04-30", "symbol": "SNPS", "fillingDate": "2007-06-06", "acceptedDate": "2007-06-06 06:03:39", "period": "Q2", "revenue": 292928000, "costOfRevenue": 55417000, "grossProfit": 237511000, "grossProfitRatio": 0.8108169925715534, "researchAndDevelopmentExpenses": 91956000, "generalAndAdministrativeExpenses": 22551000, "sellingAndMarketingExpenses": 79012000, "otherExpenses": 13288000, "operatingExpenses": 206807000, "costAndExpenses": 262224000, "interestExpense": 0, "depreciationAndAmortization": 25710000, "ebitda": 63058000, "ebitdaratio": 0.21526791566528294, "operatingIncome": 37348000, "operatingIncomeRatio": 0.12749890758138518, "totalOtherIncomeExpensesNet": 19668000, "incomeBeforeTax": 57016000, "incomeBeforeTaxRatio": 0.19464168669434126, "incomeTaxExpense": -4399000, "netIncome": 41265000, "netIncomeRatio": 0.14087079418833298, "eps": 0.45, "epsdiluted": 0.43, "weightedAverageShsOut": 143527000, "weightedAverageShsOutDil": 148782000, "link": "https://www.sec.gov/Archives/edgar/data/883241/000110465907045552/0001104659-07-045552-index.htm", "finalLink": "https://www.sec.gov/Archives/edgar/data/883241/000110465907045552/a07-15923_110q.htm"}, {"date": "2007-01-31", "symbol": "SNPS", "fillingDate": "2007-03-09", "acceptedDate": "2007-03-08 20:27:35", "period": "Q1", "revenue": 300210000, "costOfRevenue": 58375000, "grossProfit": 241835000, "grossProfitRatio": 0.805552779720862, "researchAndDevelopmentExpenses": 95884000, "generalAndAdministrativeExpenses": 29677000, "sellingAndMarketingExpenses": 89808000, "otherExpenses": 0, "operatingExpenses": 215369000, "costAndExpenses": 273744000, "interestExpense": 0, "depreciationAndAmortization": 26966000, "ebitda": 46788000, "ebitdaratio": 0.15585090436694313, "operatingIncome": 19822000, "operatingIncomeRatio": 0.06602711435328604, "totalOtherIncomeExpensesNet": 7934000, "incomeBeforeTax": 27756000, "incomeBeforeTaxRatio": 0.09245528130308783, "incomeTaxExpense": 4399000, "netIncome": 23357000, "netIncomeRatio": 0.0778022051230805, "eps": 0.16, "epsdiluted": 0.16, "weightedAverageShsOut": 142772000, "weightedAverageShsOutDil": 148113000, "link": "https://www.sec.gov/Archives/edgar/data/883241/000110465907017512/0001104659-07-017512-index.htm", "finalLink": "https://www.sec.gov/Archives/edgar/data/883241/000110465907001964/a07-1403_110k.htm"}, {"date": "2006-10-31", "symbol": "SNPS", "fillingDate": "2007-01-11", "acceptedDate": "2007-01-11 06:01:29", "period": "FY", "revenue": 283384000, "costOfRevenue": 56812000, "grossProfit": 226572000, "grossProfitRatio": 0.799522908844536, "researchAndDevelopmentExpenses": 95518000, "generalAndAdministrativeExpenses": 28028000, "sellingAndMarketingExpenses": 84901000, "otherExpenses": 6691000, "operatingExpenses": 215138000, "costAndExpenses": 271950000, "interestExpense": 0, "depreciationAndAmortization": 28944000, "ebitda": 40378000, "ebitdaratio": 0.14248510854529542, "operatingIncome": 11434000, "operatingIncomeRatio": 0.0403480789317675, "totalOtherIncomeExpensesNet": 4542000, "incomeBeforeTax": 15976000, "incomeBeforeTaxRatio": 0.056375801033227, "incomeTaxExpense": 5856000, "netIncome": 10120000, "netIncomeRatio": 0.0357112610450837, "eps": 0.17, "epsdiluted": 0.17, "weightedAverageShsOut": 142830000, "weightedAverageShsOutDil": 144728000, "link": "https://www.sec.gov/Archives/edgar/data/883241/000110465907001964/0001104659-07-001964-index.htm", "finalLink": "https://www.sec.gov/Archives/edgar/data/883241/000110465907001964/a07-1403_110k.htm"}, {"date": "2006-07-31", "symbol": "SNPS", "fillingDate": "2006-09-06", "acceptedDate": "2006-09-06 16:19:48", "period": "Q3", "revenue": 277208000, "costOfRevenue": 51106000, "grossProfit": 226102000, "grossProfitRatio": 0.8156402412628784, "researchAndDevelopmentExpenses": 96211000, "generalAndAdministrativeExpenses": 27380000, "sellingAndMarketingExpenses": 82546000, "otherExpenses": 6776000, "operatingExpenses": 212913000, "costAndExpenses": 264019000, "interestExpense": 0, "depreciationAndAmortization": 27572000, "ebitda": 36228000, "ebitdaratio": 0.13068886900810944, "operatingIncome": 8656000, "operatingIncomeRatio": 0.031225650053389512, "totalOtherIncomeExpensesNet": 6918000, "incomeBeforeTax": 15574000, "incomeBeforeTaxRatio": 0.05618163977951574, "incomeTaxExpense": 13121000, "netIncome": 7550000, "netIncomeRatio": 0.027235866208767424, "eps": 0.1, "epsdiluted": 0.1, "weightedAverageShsOut": 143629000, "weightedAverageShsOutDil": 145662000, "link": "https://www.sec.gov/Archives/edgar/data/883241/000110465906059654/0001104659-06-059654-index.htm", "finalLink": "https://www.sec.gov/Archives/edgar/data/883241/000110465906059654/a06-19129_110q.htm"}, {"date": "2006-04-30", "symbol": "SNPS", "fillingDate": "2006-06-08", "acceptedDate": "2006-06-08 14:17:13", "period": "Q2", "revenue": 274779000, "costOfRevenue": 57913000, "grossProfit": 216866000, "grossProfitRatio": 0.7892378966369337, "researchAndDevelopmentExpenses": 91296000, "generalAndAdministrativeExpenses": 26661000, "sellingAndMarketingExpenses": 85725000, "otherExpenses": 7131000, "operatingExpenses": 210813000, "costAndExpenses": 268726000, "interestExpense": 0, "depreciationAndAmortization": 28245000, "ebitda": 36356000, "ebitdaratio": 0.13230996546315402, "operatingIncome": 8111000, "operatingIncomeRatio": 0.029518267407625764, "totalOtherIncomeExpensesNet": 1032000, "incomeBeforeTax": 9143000, "incomeBeforeTaxRatio": 0.03327401293403062, "incomeTaxExpense": -1329000, "netIncome": 5375000, "netIncomeRatio": 0.01956117461669196, "eps": 0.05, "epsdiluted": 0.05, "weightedAverageShsOut": 144172000, "weightedAverageShsOutDil": 146491000, "link": "https://www.sec.gov/Archives/edgar/data/883241/000110465906040534/0001104659-06-040534-index.htm", "finalLink": "https://www.sec.gov/Archives/edgar/data/883241/000110465906040534/a06-13289_110q.htm"}, {"date": "2006-01-31", "symbol": "SNPS", "fillingDate": "2006-03-09", "acceptedDate": "2006-03-08 20:42:18", "period": "Q1", "revenue": 260189000, "costOfRevenue": 57696000, "grossProfit": 202493000, "grossProfitRatio": 0.7782535003401374, "researchAndDevelopmentExpenses": 87604000, "generalAndAdministrativeExpenses": 30804000, "sellingAndMarketingExpenses": 77189000, "otherExpenses": 8140000, "operatingExpenses": 203737000, "costAndExpenses": 261433000, "interestExpense": 0, "depreciationAndAmortization": 29729000, "ebitda": 30960000, "ebitdaratio": 0.11899042619019251, "operatingIncome": 1231000, "operatingIncomeRatio": 0.0047311761834666335, "totalOtherIncomeExpensesNet": 1795000, "incomeBeforeTax": 3026000, "incomeBeforeTaxRatio": 0.011630007417684838, "incomeTaxExpense": 1329000, "netIncome": 1697000, "netIncomeRatio": 0.006522181952350023, "eps": 0.01, "epsdiluted": 0.01, "weightedAverageShsOut": 144989000, "weightedAverageShsOutDil": 146969000, "link": "https://www.sec.gov/Archives/edgar/data/883241/000110465906015107/0001104659-06-015107-index.htm", "finalLink": "https://www.sec.gov/Archives/edgar/data/883241/000110465906001880/a06-1373_210k.htm"}, {"date": "2005-10-31", "symbol": "SNPS", "fillingDate": "2006-01-12", "acceptedDate": "2006-01-12 15:29:57", "period": "FY", "revenue": 254838000, "costOfRevenue": 55324000, "grossProfit": 199514000, "grossProfitRatio": 0.7829052182170634, "researchAndDevelopmentExpenses": 82102000, "generalAndAdministrativeExpenses": 28284000, "sellingAndMarketingExpenses": 83475000, "otherExpenses": 7645000, "operatingExpenses": 201506000, "costAndExpenses": 256830000, "interestExpense": 0, "depreciationAndAmortization": 35138000, "ebitda": 33146000, "ebitdaratio": 0.13006694449022516, "operatingIncome": -1992000, "operatingIncomeRatio": -0.007816730628870106, "totalOtherIncomeExpensesNet": 2779000, "incomeBeforeTax": 787000, "incomeBeforeTaxRatio": 0.0030882364482534004, "incomeTaxExpense": 14262000, "netIncome": -13475000, "netIncomeRatio": -0.052876729530132865, "eps": -0.11, "epsdiluted": -0.11, "weightedAverageShsOut": 144970000, "weightedAverageShsOutDil": 144970000, "link": "https://www.sec.gov/Archives/edgar/data/883241/000110465906001880/0001104659-06-001880-index.htm", "finalLink": "https://www.sec.gov/Archives/edgar/data/883241/000110465906001880/a06-1373_210k.htm"}, {"date": "2005-07-31", "symbol": "SNPS", "fillingDate": "2005-09-06", "acceptedDate": "2005-09-02 21:50:34", "period": "Q3", "revenue": 251450000, "costOfRevenue": 59365000, "grossProfit": 192085000, "grossProfitRatio": 0.7639093259097236, "researchAndDevelopmentExpenses": 81948000, "generalAndAdministrativeExpenses": 25122000, "sellingAndMarketingExpenses": 83160000, "otherExpenses": 8166000, "operatingExpenses": 198396000, "costAndExpenses": 257761000, "interestExpense": 0, "depreciationAndAmortization": 38807000, "ebitda": 32496000, "ebitdaratio": 0.12923444024656988, "operatingIncome": -6311000, "operatingIncomeRatio": -0.0250984291111553, "totalOtherIncomeExpensesNet": 35895000, "incomeBeforeTax": 29584000, "incomeBeforeTaxRatio": 0.11765360906740903, "incomeTaxExpense": -6573000, "netIncome": 17294000, "netIncomeRatio": 0.06877709286140386, "eps": -0.01, "epsdiluted": -0.01, "weightedAverageShsOut": 144899000, "weightedAverageShsOutDil": 144899000, "link": "https://www.sec.gov/Archives/edgar/data/883241/000110465905042780/0001104659-05-042780-index.htm", "finalLink": "https://www.sec.gov/Archives/edgar/data/883241/000110465905042780/a05-15702_110q.htm"}, {"date": "2005-04-30", "symbol": "SNPS", "fillingDate": "2005-06-02", "acceptedDate": "2005-06-02 15:31:23", "period": "Q2", "revenue": 244339000, "costOfRevenue": 69723000, "grossProfit": 174616000, "grossProfitRatio": 0.7146464543114279, "researchAndDevelopmentExpenses": 80025000, "generalAndAdministrativeExpenses": 25311000, "sellingAndMarketingExpenses": 80779000, "otherExpenses": 8829000, "operatingExpenses": 194944000, "costAndExpenses": 264667000, "interestExpense": 0, "depreciationAndAmortization": 50630000, "ebitda": 30302000, "ebitdaratio": 0.1240162233618047, "operatingIncome": -20328000, "operatingIncomeRatio": -0.08319588768064042, "totalOtherIncomeExpensesNet": 1322000, "incomeBeforeTax": -19006000, "incomeBeforeTaxRatio": -0.07778537196272392, "incomeTaxExpense": 4829000, "netIncome": -4972000, "netIncomeRatio": -0.020348777722754043, "eps": -0.13, "epsdiluted": -0.13, "weightedAverageShsOut": 145429000, "weightedAverageShsOutDil": 145429000, "link": "https://www.sec.gov/Archives/edgar/data/883241/000110465905026547/0001104659-05-026547-index.htm", "finalLink": "https://www.sec.gov/Archives/edgar/data/883241/000110465905026547/a05-10147_110q.htm"}, {"date": "2005-01-31", "symbol": "SNPS", "fillingDate": "2005-03-10", "acceptedDate": "2005-03-10 16:44:15", "period": "Q1", "revenue": 241304000, "costOfRevenue": 69975000, "grossProfit": 171329000, "grossProfitRatio": 0.7100130955143719, "researchAndDevelopmentExpenses": 72917000, "generalAndAdministrativeExpenses": 24223000, "sellingAndMarketingExpenses": 83990000, "otherExpenses": 14552000, "operatingExpenses": 195682000, "costAndExpenses": 265657000, "interestExpense": 0, "depreciationAndAmortization": 50482000, "ebitda": 26129000, "ebitdaratio": 0.10828249842522296, "operatingIncome": -24353000, "operatingIncomeRatio": -0.10092248781619866, "totalOtherIncomeExpensesNet": 5199000, "incomeBeforeTax": -19154000, "incomeBeforeTaxRatio": -0.07937705135430825, "incomeTaxExpense": -4829000, "netIncome": -14325000, "netIncomeRatio": -0.05936495043596459, "eps": -0.1, "epsdiluted": -0.1, "weightedAverageShsOut": 146060000, "weightedAverageShsOutDil": 146060000, "link": "https://www.sec.gov/Archives/edgar/data/883241/000110465905010424/0001104659-05-010424-index.htm", "finalLink": "https://www.sec.gov/Archives/edgar/data/883241/000104746905000652/a2149671z10-k.htm"}, {"date": "2004-10-31", "symbol": "SNPS", "fillingDate": "2005-01-12", "acceptedDate": "2005-01-11 19:47:08", "period": "FY", "revenue": 230555000, "costOfRevenue": 66721000, "grossProfit": 163834000, "grossProfitRatio": 0.710607013510876, "researchAndDevelopmentExpenses": 76337000, "generalAndAdministrativeExpenses": 25742000, "sellingAndMarketingExpenses": 86346000, "otherExpenses": 10119000, "operatingExpenses": 198544000, "costAndExpenses": 265265000, "interestExpense": 0, "depreciationAndAmortization": 48244000, "ebitda": 13534000, "ebitdaratio": 0.05870182819717638, "operatingIncome": -34710000, "operatingIncomeRatio": -0.15054976036086834, "totalOtherIncomeExpensesNet": 1143000, "incomeBeforeTax": -33567000, "incomeBeforeTaxRatio": -0.1455921580533929, "incomeTaxExpense": -5185000, "netIncome": -28382000, "netIncomeRatio": -0.12310294723601743, "eps": 0.48, "epsdiluted": 0.48, "weightedAverageShsOut": 154439000, "weightedAverageShsOutDil": 154439000, "link": "https://www.sec.gov/Archives/edgar/data/883241/000104746905000652/0001047469-05-000652-index.htm", "finalLink": "https://www.sec.gov/Archives/edgar/data/883241/000104746905000652/a2149671z10-k.htm"}, {"date": "2004-07-31", "symbol": "SNPS", "fillingDate": "2004-09-14", "acceptedDate": "2004-09-14 16:01:41", "period": "Q3", "revenue": 281681000, "costOfRevenue": 64318000, "grossProfit": 217363000, "grossProfitRatio": 0.7716636904867563, "researchAndDevelopmentExpenses": 68471000, "generalAndAdministrativeExpenses": 28194000, "sellingAndMarketingExpenses": 70395000, "otherExpenses": 8530000, "operatingExpenses": 175590000, "costAndExpenses": 239908000, "interestExpense": 0, "depreciationAndAmortization": 48258000, "ebitda": 90031000, "ebitdaratio": 0.3196204216826836, "operatingIncome": 41773000, "operatingIncomeRatio": 0.14829896230132666, "totalOtherIncomeExpensesNet": 1277000, "incomeBeforeTax": 43050000, "incomeBeforeTaxRatio": 0.15283245941330798, "incomeTaxExpense": 1222000, "netIncome": 41828000, "netIncomeRatio": 0.1484942186373948, "eps": 0.66, "epsdiluted": 0.66, "weightedAverageShsOut": 155437000, "weightedAverageShsOutDil": 155437000, "link": "https://www.sec.gov/Archives/edgar/data/883241/000110465904027593/0001104659-04-027593-index.htm", "finalLink": "https://www.sec.gov/Archives/edgar/data/883241/000110465904027593/a04-10481_110q.htm"}, {"date": "2004-04-30", "symbol": "SNPS", "fillingDate": "2004-06-10", "acceptedDate": "2004-06-10 15:20:14", "period": "Q2", "revenue": 294604000, "costOfRevenue": 64898000, "grossProfit": 229706000, "grossProfitRatio": 0.77971106977502, "researchAndDevelopmentExpenses": 70136000, "generalAndAdministrativeExpenses": 38474000, "sellingAndMarketingExpenses": 74885000, "otherExpenses": 8636000, "operatingExpenses": 192131000, "costAndExpenses": 257029000, "interestExpense": 0, "depreciationAndAmortization": 48042000, "ebitda": 85617000, "ebitdaratio": 0.29061723533964234, "operatingIncome": 37575000, "operatingIncomeRatio": 0.12754409308767023, "totalOtherIncomeExpensesNet": 925000, "incomeBeforeTax": 38500000, "incomeBeforeTaxRatio": 0.13068390110113914, "incomeTaxExpense": 9761000, "netIncome": 28739000, "netIncomeRatio": 0.0975512891881984, "eps": 0.39, "epsdiluted": 0.39, "weightedAverageShsOut": 155556000, "weightedAverageShsOutDil": 155556000, "link": "https://www.sec.gov/Archives/edgar/data/883241/000110465904016631/0001104659-04-016631-index.htm", "finalLink": "https://www.sec.gov/Archives/edgar/data/883241/000110465904016631/a04-6701_110q.htm"}, {"date": "2004-01-31", "symbol": "SNPS", "fillingDate": "2004-03-16", "acceptedDate": "2004-03-15 20:32:37", "period": "Q1", "revenue": 285264000, "costOfRevenue": 61122000, "grossProfit": 224142000, "grossProfitRatio": 0.7857353188625273, "researchAndDevelopmentExpenses": 70337000, "generalAndAdministrativeExpenses": 29137000, "sellingAndMarketingExpenses": 70746000, "otherExpenses": 9244000, "operatingExpenses": 179464000, "costAndExpenses": 240586000, "interestExpense": 0, "depreciationAndAmortization": 48230000, "ebitda": 92908000, "ebitdaratio": 0.3256912894722082, "operatingIncome": 44678000, "operatingIncomeRatio": 0.156619832856582, "totalOtherIncomeExpensesNet": -1069000, "incomeBeforeTax": 43609000, "incomeBeforeTaxRatio": 0.1528724269448651, "incomeTaxExpense": 11457000, "netIncome": 32152000, "netIncomeRatio": 0.1127096303774749, "eps": 0.21, "epsdiluted": 0.21, "weightedAverageShsOut": 156316000, "weightedAverageShsOutDil": 156316000, "link": "https://www.sec.gov/Archives/edgar/data/883241/000119312504042533/0001193125-04-042533-index.htm", "finalLink": "https://www.sec.gov/Archives/edgar/data/883241/000119312504042533/d10q.htm"}]