[{"date": "2020-03-31", "symbol": "DXCM", "fillingDate": "2020-04-28", "acceptedDate": "2020-04-28 17:16:42", "period": "Q1", "revenue": 405100000, "costOfRevenue": 148600000, "grossProfit": 256500000, "grossProfitRatio": 0.633176993334979, "researchAndDevelopmentExpenses": 73100000, "generalAndAdministrativeExpenses": 149800000, "sellingAndMarketingExpenses": 0.0, "otherExpenses": 0.0, "operatingExpenses": 222900000, "costAndExpenses": 371500000, "interestExpense": 15400000, "depreciationAndAmortization": 25700000, "ebitda": 59300000, "ebitdaratio": 0.146383608985, "operatingIncome": 33600000, "operatingIncomeRatio": 0.0829424833374, "totalOtherIncomeExpensesNet": 4000000.0, "incomeBeforeTax": 22400000, "incomeBeforeTaxRatio": 0.0552949888916, "incomeTaxExpense": 2500000.0, "netIncome": 19900000, "netIncomeRatio": 0.0491236731671, "eps": 0.22, "epsdiluted": 0.21, "weightedAverageShsOut": 91800000, "weightedAverageShsOutDil": 94100000, "link": "https://www.sec.gov/Archives/edgar/data/1093557/000109355720000141/0001093557-20-000141-index.htm", "finalLink": "https://www.sec.gov/Archives/edgar/data/1093557/000109355720000141/dxcm-2020x10qasof33120.htm"}, {"date": "2019-12-31", "symbol": "DXCM", "fillingDate": "2020-02-13", "acceptedDate": "2020-02-13 17:17:25", "period": "FY", "revenue": 462800000, "costOfRevenue": 153500000, "grossProfit": 309300000, "grossProfitRatio": 0.668323249783924, "researchAndDevelopmentExpenses": 78800000, "generalAndAdministrativeExpenses": 129000000, "sellingAndMarketingExpenses": 0.0, "otherExpenses": 0.0, "operatingExpenses": 207800000, "costAndExpenses": 361300000, "interestExpense": 15300000, "depreciationAndAmortization": 26900000, "ebitda": 128400000, "ebitdaratio": 0.277441659464, "operatingIncome": 101500000, "operatingIncomeRatio": 0.219317199654, "totalOtherIncomeExpensesNet": 8000000.0, "incomeBeforeTax": 94300000, "incomeBeforeTaxRatio": 0.203759723423, "incomeTaxExpense": 1600000.0, "netIncome": 92700000, "netIncomeRatio": 0.200302506482, "eps": 1.02, "epsdiluted": 1.01, "weightedAverageShsOut": 91100000, "weightedAverageShsOutDil": 92300000, "link": "https://www.sec.gov/Archives/edgar/data/1093557/000109355720000029/0001093557-20-000029-index.htm", "finalLink": "https://www.sec.gov/Archives/edgar/data/1093557/000109355720000029/dxcm-12312019x10kasof1.htm"}, {"date": "2019-09-30", "symbol": "DXCM", "fillingDate": "2019-11-06", "acceptedDate": "2019-11-06 17:12:22", "period": "Q3", "revenue": 396300000, "costOfRevenue": 149400000, "grossProfit": 246900000, "grossProfitRatio": 0.6230128690386071, "researchAndDevelopmentExpenses": 66700000, "generalAndAdministrativeExpenses": 124200000, "sellingAndMarketingExpenses": 0.0, "otherExpenses": -12000000, "operatingExpenses": 190900000, "costAndExpenses": 340300000, "interestExpense": 15100000, "depreciationAndAmortization": 25400000, "ebitda": 81400000, "ebitdaratio": 0.205399949533, "operatingIncome": 56000000, "operatingIncomeRatio": 0.141307090588, "totalOtherIncomeExpensesNet": 5000000.0, "incomeBeforeTax": 45800000, "incomeBeforeTaxRatio": 0.115569013374, "incomeTaxExpense": 0.0, "netIncome": 45800000, "netIncomeRatio": 0.115569013374, "eps": 0.5, "epsdiluted": 0.5, "weightedAverageShsOut": 90900000, "weightedAverageShsOutDil": 92200000, "link": "https://www.sec.gov/Archives/edgar/data/1093557/000109355719000237/0001093557-19-000237-index.htm", "finalLink": "https://www.sec.gov/Archives/edgar/data/1093557/000109355719000237/dxcm-2019x10qasof93019.htm"}, {"date": "2019-06-30", "symbol": "DXCM", "fillingDate": "2019-07-31", "acceptedDate": "2019-07-31 17:13:13", "period": "Q2", "revenue": 336400000, "costOfRevenue": 129900000, "grossProfit": 206500000, "grossProfitRatio": 0.6138525564803805, "researchAndDevelopmentExpenses": 69000000, "generalAndAdministrativeExpenses": 138300000, "sellingAndMarketingExpenses": 0.0, "otherExpenses": 7000000.0, "operatingExpenses": 207300000, "costAndExpenses": 337200000, "interestExpense": 15000000, "depreciationAndAmortization": 23900000, "ebitda": 23100000, "ebitdaratio": 0.0686682520809, "operatingIncome": -9000000.0, "operatingIncomeRatio": -0.026785714285714284, "totalOtherIncomeExpensesNet": 7000000.0, "incomeBeforeTax": -9000000.0, "incomeBeforeTaxRatio": -0.026785714285714284, "incomeTaxExpense": 1200000.0, "netIncome": -11000000, "netIncomeRatio": -0.03273809523809524, "eps": -0.11, "epsdiluted": -0.11, "weightedAverageShsOut": 90700000, "weightedAverageShsOutDil": 90700000, "link": "https://www.sec.gov/Archives/edgar/data/1093557/000109355719000181/0001093557-19-000181-index.htm", "finalLink": "https://www.sec.gov/Archives/edgar/data/1093557/000109355719000181/dxcm-2019x10qasof63019.htm"}, {"date": "2019-03-31", "symbol": "DXCM", "fillingDate": "2019-05-01", "acceptedDate": "2019-05-01 17:13:15", "period": "Q1", "revenue": 280500000, "costOfRevenue": 111700000, "grossProfit": 168800000, "grossProfitRatio": 0.6017825311942959, "researchAndDevelopmentExpenses": 59000000, "generalAndAdministrativeExpenses": 124200000, "sellingAndMarketingExpenses": 0.0, "otherExpenses": 6000000.0, "operatingExpenses": 183200000, "costAndExpenses": 294900000, "interestExpense": 14900000, "depreciationAndAmortization": 22100000, "ebitda": 7700000.0, "ebitdaratio": 0.0274509803922, "operatingIncome": -26000000, "operatingIncomeRatio": -0.09285714285714286, "totalOtherIncomeExpensesNet": 6000000.0, "incomeBeforeTax": -26000000, "incomeBeforeTaxRatio": -0.09285714285714286, "incomeTaxExpense": 300000.0, "netIncome": -26000000, "netIncomeRatio": -0.09285714285714286, "eps": -0.3, "epsdiluted": -0.3, "weightedAverageShsOut": 90700000, "weightedAverageShsOutDil": 90300000, "link": "https://www.sec.gov/Archives/edgar/data/1093557/000109355719000119/0001093557-19-000119-index.htm", "finalLink": "https://www.sec.gov/Archives/edgar/data/1093557/000109355719000119/dxcm-2019x10qasof33119.htm"}, {"date": "2018-12-31", "symbol": "DXCM", "fillingDate": "2019-02-21", "acceptedDate": "2019-02-21 17:12:49", "period": "FY", "revenue": 338000000, "costOfRevenue": 115200000, "grossProfit": 222800000, "grossProfitRatio": 0.659171597633136, "researchAndDevelopmentExpenses": 57600000, "generalAndAdministrativeExpenses": 112100000, "sellingAndMarketingExpenses": 0.0, "otherExpenses": 217700000, "operatingExpenses": 387400000, "costAndExpenses": 502600000, "interestExpense": 8200000.0, "depreciationAndAmortization": 15200000, "ebitda": -89800000, "ebitdaratio": -0.26568047337278106, "operatingIncome": -105000000, "operatingIncomeRatio": -0.3106508875739645, "totalOtherIncomeExpensesNet": 6000000.0, "incomeBeforeTax": -176000000, "incomeBeforeTaxRatio": -0.5207100591715976, "incomeTaxExpense": 2800000.0, "netIncome": -179000000, "netIncomeRatio": -0.5295857988165681, "eps": -2.04, "epsdiluted": -2.03, "weightedAverageShsOut": 90700000, "weightedAverageShsOutDil": 88200000, "link": "https://www.sec.gov/Archives/edgar/data/1093557/000109355719000041/0001093557-19-000041-index.htm", "finalLink": "https://www.sec.gov/Archives/edgar/data/1093557/000109355719000041/dxcm-12312018x10k.htm"}, {"date": "2018-09-30", "symbol": "DXCM", "fillingDate": "2018-11-06", "acceptedDate": "2018-11-06 17:18:13", "period": "Q3", "revenue": 266700000, "costOfRevenue": 98100000, "grossProfit": 168600000, "grossProfitRatio": 0.6321709786276716, "researchAndDevelopmentExpenses": 50100000, "generalAndAdministrativeExpenses": 104600000, "sellingAndMarketingExpenses": 0.0, "otherExpenses": -1000000.0, "operatingExpenses": 154700000, "costAndExpenses": 252800000, "interestExpense": 4900000.0, "depreciationAndAmortization": 11600000, "ebitda": 25500000, "ebitdaratio": 0.095613048369, "operatingIncome": 13900000, "operatingIncomeRatio": 0.0521184851894, "totalOtherIncomeExpensesNet": -1000000.0, "incomeBeforeTax": 44800000, "incomeBeforeTaxRatio": 0.167979002625, "incomeTaxExpense": -1800000.0, "netIncome": 46600000, "netIncomeRatio": 0.17472815898, "eps": 0.53, "epsdiluted": 0.52, "weightedAverageShsOut": 88000000, "weightedAverageShsOutDil": 89300000, "link": "https://www.sec.gov/Archives/edgar/data/1093557/000109355718000230/0001093557-18-000230-index.htm", "finalLink": "https://www.sec.gov/Archives/edgar/data/1093557/000109355718000230/dxcm-93018x10q.htm"}, {"date": "2018-06-30", "symbol": "DXCM", "fillingDate": "2018-08-01", "acceptedDate": "2018-08-01 17:22:06", "period": "Q2", "revenue": 242500000, "costOfRevenue": 88900000, "grossProfit": 153600000, "grossProfitRatio": 0.63340206185567, "researchAndDevelopmentExpenses": 47200000, "generalAndAdministrativeExpenses": 111300000, "sellingAndMarketingExpenses": 0.0, "otherExpenses": -4000000.0, "operatingExpenses": 158500000, "costAndExpenses": 247400000, "interestExpense": 4800000.0, "depreciationAndAmortization": 10500000, "ebitda": 5600000.0, "ebitdaratio": 0.0230927835052, "operatingIncome": 29000000, "operatingIncomeRatio": 0.11983471074380166, "totalOtherIncomeExpensesNet": -5000000.0, "incomeBeforeTax": 29600000, "incomeBeforeTaxRatio": 0.12206185567, "incomeTaxExpense": -600000.0, "netIncome": 30200000, "netIncomeRatio": 0.124536082474, "eps": 0.35, "epsdiluted": 0.35, "weightedAverageShsOut": 87700000, "weightedAverageShsOutDil": 88800000, "link": "https://www.sec.gov/Archives/edgar/data/1093557/000109355718000159/0001093557-18-000159-index.htm", "finalLink": "https://www.sec.gov/Archives/edgar/data/1093557/000109355718000159/dxcm-63018x10q.htm"}, {"date": "2018-03-31", "symbol": "DXCM", "fillingDate": "2018-05-02", "acceptedDate": "2018-05-02 17:21:15", "period": "Q1", "revenue": 184400000, "costOfRevenue": 65500000, "grossProfit": 118900000, "grossProfitRatio": 0.6447939262472885, "researchAndDevelopmentExpenses": 44800000, "generalAndAdministrativeExpenses": 104800000, "sellingAndMarketingExpenses": 0.0, "otherExpenses": 1000000.0, "operatingExpenses": 149600000, "costAndExpenses": 215100000, "interestExpense": 4800000.0, "depreciationAndAmortization": 9700000.0, "ebitda": -14300000, "ebitdaratio": -0.07771739130434782, "operatingIncome": -24000000, "operatingIncomeRatio": -0.13043478260869565, "totalOtherIncomeExpensesNet": 2000000.0, "incomeBeforeTax": -24000000, "incomeBeforeTaxRatio": -0.13043478260869565, "incomeTaxExpense": 200000.0, "netIncome": -24000000, "netIncomeRatio": -0.13043478260869565, "eps": -0.28, "epsdiluted": -0.28, "weightedAverageShsOut": 87700000, "weightedAverageShsOutDil": 87300000, "link": "https://www.sec.gov/Archives/edgar/data/1093557/000109355718000084/0001093557-18-000084-index.htm", "finalLink": "https://www.sec.gov/Archives/edgar/data/1093557/000109355718000084/dxcm-33118x10q.htm"}, {"date": "2017-12-31", "symbol": "DXCM", "fillingDate": "2018-02-27", "acceptedDate": "2018-02-27 17:22:24", "period": "FY", "revenue": 221000000, "costOfRevenue": 67500000, "grossProfit": 153500000, "grossProfitRatio": 0.6945701357466063, "researchAndDevelopmentExpenses": 48700000, "generalAndAdministrativeExpenses": 92800000, "sellingAndMarketingExpenses": 0.0, "otherExpenses": 2000000.0, "operatingExpenses": 141500000, "costAndExpenses": 209000000, "interestExpense": 4700000.0, "depreciationAndAmortization": 7900000.0, "ebitda": 19900000, "ebitdaratio": 0.0900452488688, "operatingIncome": 12000000, "operatingIncomeRatio": 0.0542986425339, "totalOtherIncomeExpensesNet": 0.0, "incomeBeforeTax": 8600000.0, "incomeBeforeTaxRatio": 0.0389140271493, "incomeTaxExpense": 18000000, "netIncome": -10000000, "netIncomeRatio": -0.04524886877828054, "eps": -0.11, "epsdiluted": -0.11, "weightedAverageShsOut": 87700000, "weightedAverageShsOutDil": 86300000, "link": "https://www.sec.gov/Archives/edgar/data/1093557/000109355718000018/0001093557-18-000018-index.htm", "finalLink": "https://www.sec.gov/Archives/edgar/data/1093557/000109355718000018/dxcm-12312017x10k.htm"}, {"date": "2017-09-30", "symbol": "DXCM", "fillingDate": "2017-11-01", "acceptedDate": "2017-11-01 17:20:15", "period": "Q3", "revenue": 184600000, "costOfRevenue": 57600000, "grossProfit": 127000000, "grossProfitRatio": 0.6879739978331527, "researchAndDevelopmentExpenses": 43300000, "generalAndAdministrativeExpenses": 84200000, "sellingAndMarketingExpenses": 0.0, "otherExpenses": 1000000.0, "operatingExpenses": 127500000, "costAndExpenses": 185100000, "interestExpense": 4500000.0, "depreciationAndAmortization": 7900000.0, "ebitda": 7400000.0, "ebitdaratio": 0.0400866738895, "operatingIncome": -3000000.0, "operatingIncomeRatio": -0.016216216216216217, "totalOtherIncomeExpensesNet": 1000000.0, "incomeBeforeTax": -3000000.0, "incomeBeforeTaxRatio": -0.016216216216216217, "incomeTaxExpense": -1000000.0, "netIncome": -2000000.0, "netIncomeRatio": -0.010810810810810811, "eps": -0.02, "epsdiluted": -0.02, "weightedAverageShsOut": 87700000, "weightedAverageShsOutDil": 86100000, "link": "https://www.sec.gov/Archives/edgar/data/1093557/000109355717000221/0001093557-17-000221-index.htm", "finalLink": "https://www.sec.gov/Archives/edgar/data/1093557/000109355717000221/dxcm-93017x10q.htm"}, {"date": "2017-06-30", "symbol": "DXCM", "fillingDate": "2017-08-01", "acceptedDate": "2017-08-01 17:21:24", "period": "Q2", "revenue": 170600000, "costOfRevenue": 53100000, "grossProfit": 117500000, "grossProfitRatio": 0.6887456037514654, "researchAndDevelopmentExpenses": 45300000, "generalAndAdministrativeExpenses": 85800000, "sellingAndMarketingExpenses": 0.0, "otherExpenses": 0.0, "operatingExpenses": 131100000, "costAndExpenses": 184200000, "interestExpense": 3100000.0, "depreciationAndAmortization": 6000000.0, "ebitda": -8000000.0, "ebitdaratio": -0.047058823529411764, "operatingIncome": -14000000, "operatingIncomeRatio": -0.08235294117647059, "totalOtherIncomeExpensesNet": 2000000.0, "incomeBeforeTax": -14000000, "incomeBeforeTaxRatio": -0.08235294117647059, "incomeTaxExpense": -16000000, "netIncome": 2900000.0, "netIncomeRatio": 0.0169988276671, "eps": 0.04, "epsdiluted": 0.04, "weightedAverageShsOut": 85800000, "weightedAverageShsOutDil": 85800000, "link": "https://www.sec.gov/Archives/edgar/data/1093557/000109355717000171/0001093557-17-000171-index.htm", "finalLink": "https://www.sec.gov/Archives/edgar/data/1093557/000109355717000171/dxcm-63017x10q.htm"}, {"date": "2017-03-31", "symbol": "DXCM", "fillingDate": "2017-05-02", "acceptedDate": "2017-05-02 17:20:31", "period": "Q1", "revenue": 142300000, "costOfRevenue": 48200000, "grossProfit": 94100000, "grossProfitRatio": 0.6612789880534083, "researchAndDevelopmentExpenses": 48100000, "generalAndAdministrativeExpenses": 86400000, "sellingAndMarketingExpenses": 0.0, "otherExpenses": 0.0, "operatingExpenses": 134500000, "costAndExpenses": 182700000, "interestExpense": 500000.0, "depreciationAndAmortization": 3700000.0, "ebitda": -36300000, "ebitdaratio": -0.2556338028169014, "operatingIncome": -40000000, "operatingIncomeRatio": -0.28169014084507044, "totalOtherIncomeExpensesNet": 0.0, "incomeBeforeTax": -40000000, "incomeBeforeTaxRatio": -0.28169014084507044, "incomeTaxExpense": 1400000.0, "netIncome": -41000000, "netIncomeRatio": -0.2887323943661972, "eps": -0.49, "epsdiluted": -0.49, "weightedAverageShsOut": 85800000, "weightedAverageShsOutDil": 85200000, "link": "https://www.sec.gov/Archives/edgar/data/1093557/000109355717000119/0001093557-17-000119-index.htm", "finalLink": "https://www.sec.gov/Archives/edgar/data/1093557/000109355717000119/dxcm-33117x10q.htm"}, {"date": "2016-12-31", "symbol": "DXCM", "fillingDate": "2017-02-28", "acceptedDate": "2017-02-28 17:18:02", "period": "FY", "revenue": 171200000, "costOfRevenue": 54500000, "grossProfit": 116700000, "grossProfitRatio": 0.6816588785046729, "researchAndDevelopmentExpenses": 43700000, "generalAndAdministrativeExpenses": 79100000, "sellingAndMarketingExpenses": 0.0, "otherExpenses": 0.0, "operatingExpenses": 122800000, "costAndExpenses": 177300000, "interestExpense": 300000.0, "depreciationAndAmortization": 3700000.0, "ebitda": -3300000.0, "ebitdaratio": -0.01929824561403509, "operatingIncome": -7000000.0, "operatingIncomeRatio": -0.04093567251461988, "totalOtherIncomeExpensesNet": 0.0, "incomeBeforeTax": -7000000.0, "incomeBeforeTaxRatio": -0.04093567251461988, "incomeTaxExpense": 400000.0, "netIncome": -7000000.0, "netIncomeRatio": -0.04093567251461988, "eps": -0.08, "epsdiluted": -0.08, "weightedAverageShsOut": 85800000, "weightedAverageShsOutDil": 83600000, "link": "https://www.sec.gov/Archives/edgar/data/1093557/000109355717000048/0001093557-17-000048-index.htm", "finalLink": "https://www.sec.gov/Archives/edgar/data/1093557/000109355717000048/dxcm-12312016x10k.htm"}, {"date": "2016-09-30", "symbol": "DXCM", "fillingDate": "2016-11-01", "acceptedDate": "2016-11-01 17:21:01", "period": "Q3", "revenue": 148600000, "costOfRevenue": 47500000, "grossProfit": 101100000, "grossProfitRatio": 0.680349932705249, "researchAndDevelopmentExpenses": 43900000, "generalAndAdministrativeExpenses": 75700000, "sellingAndMarketingExpenses": 0.0, "otherExpenses": 0.0, "operatingExpenses": 119600000, "costAndExpenses": 167100000, "interestExpense": 200000.0, "depreciationAndAmortization": 4100000.0, "ebitda": -13900000, "ebitdaratio": -0.09328859060402685, "operatingIncome": -18000000, "operatingIncomeRatio": -0.12080536912751678, "totalOtherIncomeExpensesNet": 0.0, "incomeBeforeTax": -18000000, "incomeBeforeTaxRatio": -0.12080536912751678, "incomeTaxExpense": 200000.0, "netIncome": -19000000, "netIncomeRatio": -0.12751677852348994, "eps": -0.22, "epsdiluted": -0.22, "weightedAverageShsOut": 85800000, "weightedAverageShsOutDil": 83300000, "link": "https://www.sec.gov/Archives/edgar/data/1093557/000109355716000746/0001093557-16-000746-index.htm", "finalLink": "https://www.sec.gov/Archives/edgar/data/1093557/000109355716000746/dxcm-093016x10q.htm"}, {"date": "2016-06-30", "symbol": "DXCM", "fillingDate": "2016-08-02", "acceptedDate": "2016-08-02 17:21:34", "period": "Q2", "revenue": 137300000, "costOfRevenue": 51800000, "grossProfit": 85500000, "grossProfitRatio": 0.6227239621267298, "researchAndDevelopmentExpenses": 36300000, "generalAndAdministrativeExpenses": 69300000, "sellingAndMarketingExpenses": 0.0, "otherExpenses": 0.0, "operatingExpenses": 105600000, "costAndExpenses": 157400000, "interestExpense": 100000.0, "depreciationAndAmortization": 3900000.0, "ebitda": -16100000, "ebitdaratio": -0.11751824817518249, "operatingIncome": -20000000, "operatingIncomeRatio": -0.145985401459854, "totalOtherIncomeExpensesNet": 0.0, "incomeBeforeTax": -20000000, "incomeBeforeTaxRatio": -0.145985401459854, "incomeTaxExpense": 100000.0, "netIncome": -20000000, "netIncomeRatio": -0.145985401459854, "eps": -0.25, "epsdiluted": -0.25, "weightedAverageShsOut": 85800000, "weightedAverageShsOutDil": 82800000, "link": "https://www.sec.gov/Archives/edgar/data/1093557/000109355716000624/0001093557-16-000624-index.htm", "finalLink": "https://www.sec.gov/Archives/edgar/data/1093557/000109355716000624/dxcm-063016x10q.htm"}, {"date": "2016-03-31", "symbol": "DXCM", "fillingDate": "2016-04-27", "acceptedDate": "2016-04-27 17:21:18", "period": "Q1", "revenue": 116200000, "costOfRevenue": 41100000, "grossProfit": 75100000, "grossProfitRatio": 0.6462994836488812, "researchAndDevelopmentExpenses": 32200000, "generalAndAdministrativeExpenses": 62100000, "sellingAndMarketingExpenses": 0.0, "otherExpenses": 0.0, "operatingExpenses": 94300000, "costAndExpenses": 135400000, "interestExpense": 100000.0, "depreciationAndAmortization": 3300000.0, "ebitda": -15700000, "ebitdaratio": -0.1353448275862069, "operatingIncome": -19000000, "operatingIncomeRatio": -0.16379310344827586, "totalOtherIncomeExpensesNet": 0.0, "incomeBeforeTax": -19000000, "incomeBeforeTaxRatio": -0.16379310344827586, "incomeTaxExpense": 0.0, "netIncome": -19000000, "netIncomeRatio": -0.16379310344827586, "eps": -0.23, "epsdiluted": -0.23, "weightedAverageShsOut": 82100000, "weightedAverageShsOutDil": 82800000, "link": "https://www.sec.gov/Archives/edgar/data/1093557/000109355716000511/0001093557-16-000511-index.htm", "finalLink": "https://www.sec.gov/Archives/edgar/data/1093557/000109355716000511/dxcm-03312016x10q.htm"}, {"date": "2015-12-31", "symbol": "DXCM", "fillingDate": "2016-02-23", "acceptedDate": "2016-02-23 17:21:02", "period": "FY", "revenue": 130800000, "costOfRevenue": 39600000, "grossProfit": 91200000, "grossProfitRatio": 0.6972477064220184, "researchAndDevelopmentExpenses": 28500000, "generalAndAdministrativeExpenses": 61100000, "sellingAndMarketingExpenses": 0.0, "otherExpenses": 0.0, "operatingExpenses": 89600000, "costAndExpenses": 129200000, "interestExpense": 0.0, "depreciationAndAmortization": 3100000.0, "ebitda": 4700000.0, "ebitdaratio": 0.0359327217125, "operatingIncome": 1600000.0, "operatingIncomeRatio": 0.0122324159021, "totalOtherIncomeExpensesNet": 0.0, "incomeBeforeTax": 1600000.0, "incomeBeforeTaxRatio": 0.0122324159021, "incomeTaxExpense": 100000.0, "netIncome": 1500000.0, "netIncomeRatio": 0.0114678899083, "eps": 0.03, "epsdiluted": 0.03, "weightedAverageShsOut": 82100000, "weightedAverageShsOutDil": 79800000, "link": "https://www.sec.gov/Archives/edgar/data/1093557/000109355716000432/0001093557-16-000432-index.htm", "finalLink": "https://www.sec.gov/Archives/edgar/data/1093557/000109355716000432/dxcm-12312015x10k.htm"}, {"date": "2015-09-30", "symbol": "DXCM", "fillingDate": "2015-11-04", "acceptedDate": "2015-11-04 17:20:42", "period": "Q3", "revenue": 105200000, "costOfRevenue": 30500000, "grossProfit": 74700000, "grossProfitRatio": 0.7100760456273765, "researchAndDevelopmentExpenses": 64800000, "generalAndAdministrativeExpenses": 52300000, "sellingAndMarketingExpenses": 0.0, "otherExpenses": 0.0, "operatingExpenses": 117100000, "costAndExpenses": 147600000, "interestExpense": 100000.0, "depreciationAndAmortization": 2700000.0, "ebitda": -40300000, "ebitdaratio": -0.3838095238095238, "operatingIncome": -43000000, "operatingIncomeRatio": -0.4095238095238095, "totalOtherIncomeExpensesNet": 0.0, "incomeBeforeTax": -43000000, "incomeBeforeTaxRatio": -0.4095238095238095, "incomeTaxExpense": 0.0, "netIncome": -43000000, "netIncomeRatio": -0.4095238095238095, "eps": -0.54, "epsdiluted": -0.54, "weightedAverageShsOut": 79200000, "weightedAverageShsOutDil": 79200000, "link": "https://www.sec.gov/Archives/edgar/data/1093557/000109355715000354/0001093557-15-000354-index.htm", "finalLink": "https://www.sec.gov/Archives/edgar/data/1093557/000109355715000354/dxcm-09302015x10q.htm"}, {"date": "2015-06-30", "symbol": "DXCM", "fillingDate": "2015-08-05", "acceptedDate": "2015-08-05 17:20:02", "period": "Q2", "revenue": 93200000, "costOfRevenue": 27200000, "grossProfit": 66000000, "grossProfitRatio": 0.7081545064377682, "researchAndDevelopmentExpenses": 24400000, "generalAndAdministrativeExpenses": 45200000, "sellingAndMarketingExpenses": 0.0, "otherExpenses": -1000000.0, "operatingExpenses": 69600000, "costAndExpenses": 96800000, "interestExpense": 100000.0, "depreciationAndAmortization": 2500000.0, "ebitda": -1500000.0, "ebitdaratio": -0.015957446808510637, "operatingIncome": -4000000.0, "operatingIncomeRatio": -0.0425531914893617, "totalOtherIncomeExpensesNet": 0.0, "incomeBeforeTax": -4000000.0, "incomeBeforeTaxRatio": -0.0425531914893617, "incomeTaxExpense": 0.0, "netIncome": -4000000.0, "netIncomeRatio": -0.0425531914893617, "eps": -0.04, "epsdiluted": -0.04, "weightedAverageShsOut": 78700000, "weightedAverageShsOutDil": 78700000, "link": "https://www.sec.gov/Archives/edgar/data/1093557/000109355715000242/0001093557-15-000242-index.htm", "finalLink": "https://www.sec.gov/Archives/edgar/data/1093557/000109355715000242/dxcm-06302015x10q.htm"}, {"date": "2015-03-31", "symbol": "DXCM", "fillingDate": "2015-04-29", "acceptedDate": "2015-04-29 17:21:30", "period": "Q1", "revenue": 72800000, "costOfRevenue": 26300000, "grossProfit": 46500000, "grossProfitRatio": 0.6387362637362637, "researchAndDevelopmentExpenses": 19800000, "generalAndAdministrativeExpenses": 39400000, "sellingAndMarketingExpenses": 0.0, "otherExpenses": 1000000.0, "operatingExpenses": 59200000, "costAndExpenses": 85500000, "interestExpense": 200000.0, "depreciationAndAmortization": 2400000.0, "ebitda": -9600000.0, "ebitdaratio": -0.13333333333333333, "operatingIncome": -12000000, "operatingIncomeRatio": -0.16666666666666666, "totalOtherIncomeExpensesNet": 0.0, "incomeBeforeTax": -12000000, "incomeBeforeTaxRatio": -0.16666666666666666, "incomeTaxExpense": 0.0, "netIncome": -12000000, "netIncomeRatio": -0.16666666666666666, "eps": -0.17, "epsdiluted": -0.17, "weightedAverageShsOut": 77800000, "weightedAverageShsOutDil": 78700000, "link": "https://www.sec.gov/Archives/edgar/data/1093557/000109355715000128/0001093557-15-000128-index.htm", "finalLink": "https://www.sec.gov/Archives/edgar/data/1093557/000109355715000128/dxcm-03312015x10q.htm"}, {"date": "2014-12-31", "symbol": "DXCM", "fillingDate": "2015-02-25", "acceptedDate": "2015-02-25 17:18:16", "period": "FY", "revenue": 84300000, "costOfRevenue": 24900000, "grossProfit": 59400000, "grossProfitRatio": 0.7046263345195729, "researchAndDevelopmentExpenses": 21600000, "generalAndAdministrativeExpenses": 36200000, "sellingAndMarketingExpenses": 0.0, "otherExpenses": -1000000.0, "operatingExpenses": 57800000, "costAndExpenses": 82700000, "interestExpense": 200000.0, "depreciationAndAmortization": 2400000.0, "ebitda": 4000000.0, "ebitdaratio": 0.0474495848161, "operatingIncome": 1600000.0, "operatingIncomeRatio": 0.0189798339265, "totalOtherIncomeExpensesNet": 0.0, "incomeBeforeTax": 1400000.0, "incomeBeforeTaxRatio": 0.0166073546856, "incomeTaxExpense": 100000.0, "netIncome": 1300000.0, "netIncomeRatio": 0.0154211150652, "eps": 0.03, "epsdiluted": 0.03, "weightedAverageShsOut": 77800000, "weightedAverageShsOutDil": 75200000, "link": "https://www.sec.gov/Archives/edgar/data/1093557/000109355715000040/0001093557-15-000040-index.htm", "finalLink": "https://www.sec.gov/Archives/edgar/data/1093557/000109355715000040/dxcm-12312014x10k.htm"}, {"date": "2014-09-30", "symbol": "DXCM", "fillingDate": "2014-11-06", "acceptedDate": "2014-11-06 17:20:01", "period": "Q3", "revenue": 69000000, "costOfRevenue": 21800000, "grossProfit": 47200000, "grossProfitRatio": 0.6840579710144927, "researchAndDevelopmentExpenses": 18500000, "generalAndAdministrativeExpenses": 33700000, "sellingAndMarketingExpenses": 0.0, "otherExpenses": 1000000.0, "operatingExpenses": 52200000, "costAndExpenses": 74000000, "interestExpense": 200000.0, "depreciationAndAmortization": 2300000.0, "ebitda": -2700000.0, "ebitdaratio": -0.0391304347826087, "operatingIncome": -5000000.0, "operatingIncomeRatio": -0.07246376811594203, "totalOtherIncomeExpensesNet": 0.0, "incomeBeforeTax": -5000000.0, "incomeBeforeTaxRatio": -0.07246376811594203, "incomeTaxExpense": 0.0, "netIncome": -5000000.0, "netIncomeRatio": -0.07246376811594203, "eps": -0.08, "epsdiluted": -0.08, "weightedAverageShsOut": 74700000, "weightedAverageShsOutDil": 75000000, "link": "https://www.sec.gov/Archives/edgar/data/1093557/000109355714000329/0001093557-14-000329-index.htm", "finalLink": "https://www.sec.gov/Archives/edgar/data/1093557/000109355714000329/dxcm-09302014x10q.htm"}, {"date": "2014-06-30", "symbol": "DXCM", "fillingDate": "2014-08-06", "acceptedDate": "2014-08-06 17:20:40", "period": "Q2", "revenue": 58800000, "costOfRevenue": 18900000, "grossProfit": 39900000, "grossProfitRatio": 0.6785714285714286, "researchAndDevelopmentExpenses": 14800000, "generalAndAdministrativeExpenses": 30900000, "sellingAndMarketingExpenses": 0.0, "otherExpenses": -1000000.0, "operatingExpenses": 45700000, "costAndExpenses": 64600000, "interestExpense": 200000.0, "depreciationAndAmortization": 1900000.0, "ebitda": -4100000.0, "ebitdaratio": -0.0706896551724138, "operatingIncome": -6000000.0, "operatingIncomeRatio": -0.10344827586206896, "totalOtherIncomeExpensesNet": 0.0, "incomeBeforeTax": -6000000.0, "incomeBeforeTaxRatio": -0.10344827586206896, "incomeTaxExpense": 0.0, "netIncome": -6000000.0, "netIncomeRatio": -0.10344827586206896, "eps": -0.08, "epsdiluted": -0.08, "weightedAverageShsOut": 74200000, "weightedAverageShsOutDil": 74200000, "link": "https://www.sec.gov/Archives/edgar/data/1093557/000109355714000220/0001093557-14-000220-index.htm", "finalLink": "https://www.sec.gov/Archives/edgar/data/1093557/000109355714000220/dxcm-06302014x10q.htm"}, {"date": "2014-03-31", "symbol": "DXCM", "fillingDate": "2014-05-01", "acceptedDate": "2014-05-01 17:21:11", "period": "Q1", "revenue": 47100000, "costOfRevenue": 17300000, "grossProfit": 29800000, "grossProfitRatio": 0.6326963906581741, "researchAndDevelopmentExpenses": 14500000, "generalAndAdministrativeExpenses": 27600000, "sellingAndMarketingExpenses": 0.0, "otherExpenses": 1000000.0, "operatingExpenses": 42100000, "costAndExpenses": 59400000, "interestExpense": 200000.0, "depreciationAndAmortization": 2000000.0, "ebitda": -10000000, "ebitdaratio": -0.2127659574468085, "operatingIncome": -12000000, "operatingIncomeRatio": -0.2553191489361702, "totalOtherIncomeExpensesNet": 0.0, "incomeBeforeTax": -12000000, "incomeBeforeTaxRatio": -0.2553191489361702, "incomeTaxExpense": 0.0, "netIncome": -12000000, "netIncomeRatio": -0.2553191489361702, "eps": -0.17, "epsdiluted": -0.17, "weightedAverageShsOut": 74200000, "weightedAverageShsOutDil": 73300000, "link": "https://www.sec.gov/Archives/edgar/data/1093557/000109355714000137/0001093557-14-000137-index.htm", "finalLink": "https://www.sec.gov/Archives/edgar/data/1093557/000109355714000137/dxcm-03312014x10q.htm"}, {"date": "2013-12-31", "symbol": "DXCM", "fillingDate": "2014-02-20", "acceptedDate": "2014-02-20 17:22:00", "period": "FY", "revenue": 51700000, "costOfRevenue": 17600000, "grossProfit": 34100000, "grossProfitRatio": 0.6595744680851063, "researchAndDevelopmentExpenses": 12600000, "generalAndAdministrativeExpenses": 23800000, "sellingAndMarketingExpenses": 0.0, "otherExpenses": 1000000.0, "operatingExpenses": 36400000, "costAndExpenses": 54000000, "interestExpense": 300000.0, "depreciationAndAmortization": 2000000.0, "ebitda": -300000.0, "ebitdaratio": -0.00580270793037, "operatingIncome": -2000000.0, "operatingIncomeRatio": -0.038461538461538464, "totalOtherIncomeExpensesNet": 0.0, "incomeBeforeTax": -2000000.0, "incomeBeforeTaxRatio": -0.038461538461538464, "incomeTaxExpense": 0.0, "netIncome": -2000000.0, "netIncomeRatio": -0.038461538461538464, "eps": -0.04, "epsdiluted": -0.04, "weightedAverageShsOut": 74200000, "weightedAverageShsOutDil": 71100000, "link": "https://www.sec.gov/Archives/edgar/data/1093557/000109355714000028/0001093557-14-000028-index.htm", "finalLink": "https://www.sec.gov/Archives/edgar/data/1093557/000109355714000028/dxcm-12312013x10k.htm"}, {"date": "2013-09-30", "symbol": "DXCM", "fillingDate": "2013-11-06", "acceptedDate": "2013-11-06 17:21:56", "period": "Q3", "revenue": 42900000, "costOfRevenue": 15300000, "grossProfit": 27600000, "grossProfitRatio": 0.6433566433566433, "researchAndDevelopmentExpenses": 11800000, "generalAndAdministrativeExpenses": 21600000, "sellingAndMarketingExpenses": 0.0, "otherExpenses": -1000000.0, "operatingExpenses": 33400000, "costAndExpenses": 48700000, "interestExpense": 200000.0, "depreciationAndAmortization": 1700000.0, "ebitda": -4300000.0, "ebitdaratio": -0.1, "operatingIncome": -6000000.0, "operatingIncomeRatio": -0.13953488372093023, "totalOtherIncomeExpensesNet": 0.0, "incomeBeforeTax": -6000000.0, "incomeBeforeTaxRatio": -0.13953488372093023, "incomeTaxExpense": 0.0, "netIncome": -6000000.0, "netIncomeRatio": -0.13953488372093023, "eps": -0.08, "epsdiluted": -0.08, "weightedAverageShsOut": 74200000, "weightedAverageShsOutDil": 70700000, "link": "https://www.sec.gov/Archives/edgar/data/1093557/000109355713000116/0001093557-13-000116-index.htm", "finalLink": "https://www.sec.gov/Archives/edgar/data/1093557/000109355713000116/dxcm-09302013x10q.htm"}, {"date": "2013-06-30", "symbol": "DXCM", "fillingDate": "2013-08-07", "acceptedDate": "2013-08-07 17:21:20", "period": "Q2", "revenue": 35800000, "costOfRevenue": 13900000, "grossProfit": 21900000, "grossProfitRatio": 0.611731843575419, "researchAndDevelopmentExpenses": 11100000, "generalAndAdministrativeExpenses": 20700000, "sellingAndMarketingExpenses": 0.0, "otherExpenses": 1000000.0, "operatingExpenses": 31800000, "costAndExpenses": 45700000, "interestExpense": 200000.0, "depreciationAndAmortization": 1700000.0, "ebitda": -8300000.0, "ebitdaratio": -0.23055555555555557, "operatingIncome": -10000000, "operatingIncomeRatio": -0.2777777777777778, "totalOtherIncomeExpensesNet": 0.0, "incomeBeforeTax": -10000000, "incomeBeforeTaxRatio": -0.2777777777777778, "incomeTaxExpense": 0.0, "netIncome": -10000000, "netIncomeRatio": -0.2777777777777778, "eps": -0.14, "epsdiluted": -0.14, "weightedAverageShsOut": 74200000, "weightedAverageShsOutDil": 70300000, "link": "https://www.sec.gov/Archives/edgar/data/1093557/000109355713000083/0001093557-13-000083-index.htm", "finalLink": "https://www.sec.gov/Archives/edgar/data/1093557/000109355713000083/dxcm-06302013x10q.htm"}, {"date": "2013-03-31", "symbol": "DXCM", "fillingDate": "2013-05-01", "acceptedDate": "2013-05-01 17:21:09", "period": "Q1", "revenue": 29600000, "costOfRevenue": 13100000, "grossProfit": 16500000, "grossProfitRatio": 0.5574324324324325, "researchAndDevelopmentExpenses": 9300000.0, "generalAndAdministrativeExpenses": 18100000, "sellingAndMarketingExpenses": 0.0, "otherExpenses": 0.0, "operatingExpenses": 27400000, "costAndExpenses": 40500000, "interestExpense": 200000.0, "depreciationAndAmortization": 1700000.0, "ebitda": -9300000.0, "ebitdaratio": -0.32068965517241377, "operatingIncome": -11000000, "operatingIncomeRatio": -0.3793103448275862, "totalOtherIncomeExpensesNet": 0.0, "incomeBeforeTax": -11000000, "incomeBeforeTaxRatio": -0.3793103448275862, "incomeTaxExpense": 0.0, "netIncome": -11000000, "netIncomeRatio": -0.3793103448275862, "eps": -0.16, "epsdiluted": -0.16, "weightedAverageShsOut": 74200000, "weightedAverageShsOutDil": 69800000, "link": "https://www.sec.gov/Archives/edgar/data/1093557/000109355713000036/0001093557-13-000036-index.htm", "finalLink": "https://www.sec.gov/Archives/edgar/data/1093557/000109355713000036/dxcm-03312013x10q.htm"}, {"date": "2012-12-31", "symbol": "DXCM", "fillingDate": "2013-02-21", "acceptedDate": "2013-02-21 17:22:34", "period": "FY", "revenue": 33266000, "costOfRevenue": 15698000, "grossProfit": 17568000, "grossProfitRatio": 0.5281067756868875, "researchAndDevelopmentExpenses": 8705000.0, "generalAndAdministrativeExpenses": 17195000, "sellingAndMarketingExpenses": 0.0, "otherExpenses": 1000000.0, "operatingExpenses": 25900000, "costAndExpenses": 41598000, "interestExpense": 198000.0, "depreciationAndAmortization": 1715000.0, "ebitda": -53285000, "ebitdaratio": -0.5382323232323233, "operatingIncome": -55000000, "operatingIncomeRatio": -0.5555555555555556, "totalOtherIncomeExpensesNet": 0.0, "incomeBeforeTax": -55000000, "incomeBeforeTaxRatio": -0.5555555555555556, "incomeTaxExpense": -1000000.0, "netIncome": -54000000, "netIncomeRatio": -0.5454545454545454, "eps": -0.12, "epsdiluted": -0.12, "weightedAverageShsOut": 74200000, "weightedAverageShsOutDil": 68700000, "link": "https://www.sec.gov/Archives/edgar/data/1093557/000119312513069590/0001193125-13-069590-index.htm", "finalLink": "https://www.sec.gov/Archives/edgar/data/1093557/000119312513069590/d449646d10k.htm"}, {"date": "2012-09-30", "symbol": "DXCM", "fillingDate": "2012-11-01", "acceptedDate": "2012-11-01 17:25:14", "period": "Q3", "revenue": 23089000, "costOfRevenue": 14687000, "grossProfit": 8402000.0, "grossProfitRatio": 0.36389622764086793, "researchAndDevelopmentExpenses": 10582000, "generalAndAdministrativeExpenses": 15142000, "sellingAndMarketingExpenses": 0.0, "otherExpenses": 0.0, "operatingExpenses": 25724000, "costAndExpenses": 40411000, "interestExpense": 1000.0, "depreciationAndAmortization": 2033000.0, "ebitda": -15273000, "ebitdaratio": -0.6614838234657197, "operatingIncome": -17306000, "operatingIncomeRatio": -0.7495344103252631, "totalOtherIncomeExpensesNet": 17000.0, "incomeBeforeTax": -17306000, "incomeBeforeTaxRatio": -0.7495344103252631, "incomeTaxExpense": -43000.0, "netIncome": -17263000, "netIncomeRatio": -0.7476720516263156, "eps": -0.25, "epsdiluted": -0.25, "weightedAverageShsOut": 74200000, "weightedAverageShsOutDil": 68494000, "link": "https://www.sec.gov/Archives/edgar/data/1093557/000119312512446973/0001193125-12-446973-index.htm", "finalLink": "https://www.sec.gov/Archives/edgar/data/1093557/000119312512446973/d409818d10q.htm"}, {"date": "2012-06-30", "symbol": "DXCM", "fillingDate": "2012-08-06", "acceptedDate": "2012-08-06 17:18:17", "period": "Q2", "revenue": 23450000, "costOfRevenue": 12207000, "grossProfit": 11243000, "grossProfitRatio": 0.4794456289978678, "researchAndDevelopmentExpenses": 10498000, "generalAndAdministrativeExpenses": 15394000, "sellingAndMarketingExpenses": 0.0, "otherExpenses": 0.0, "operatingExpenses": 25892000, "costAndExpenses": 38099000, "interestExpense": 1000.0, "depreciationAndAmortization": 1255000.0, "ebitda": -13372000, "ebitdaratio": -0.4072235587903889, "operatingIncome": -14627000, "operatingIncomeRatio": -0.4454426409233487, "totalOtherIncomeExpensesNet": 23000.0, "incomeBeforeTax": -14627000, "incomeBeforeTaxRatio": -0.4454426409233487, "incomeTaxExpense": 64000.0, "netIncome": -14691000, "netIncomeRatio": -0.4473916618448701, "eps": -0.21, "epsdiluted": -0.21, "weightedAverageShsOut": 74200000, "weightedAverageShsOutDil": 68212000, "link": "https://www.sec.gov/Archives/edgar/data/1093557/000119312512338041/0001193125-12-338041-index.htm", "finalLink": "https://www.sec.gov/Archives/edgar/data/1093557/000119312512338041/d370079d10q.htm"}, {"date": "2012-03-31", "symbol": "DXCM", "fillingDate": "2012-05-02", "acceptedDate": "2012-05-02 17:25:32", "period": "Q1", "revenue": 20095000, "costOfRevenue": 10708000, "grossProfit": 9387000.0, "grossProfitRatio": 0.46713112714605626, "researchAndDevelopmentExpenses": 9715000.0, "generalAndAdministrativeExpenses": 15069000, "sellingAndMarketingExpenses": 0.0, "otherExpenses": 0.0, "operatingExpenses": 24784000, "costAndExpenses": 35492000, "interestExpense": 0.0, "depreciationAndAmortization": 897000.0, "ebitda": -14475000, "ebitdaratio": -1.3517930519237953, "operatingIncome": -15372000, "operatingIncomeRatio": -1.4355621964886067, "totalOtherIncomeExpensesNet": 25000.0, "incomeBeforeTax": -15372000, "incomeBeforeTaxRatio": -1.4355621964886067, "incomeTaxExpense": -1308000.0, "netIncome": -14064000, "netIncomeRatio": -1.3134105341800524, "eps": -0.21, "epsdiluted": -0.21, "weightedAverageShsOut": 74200000, "weightedAverageShsOutDil": 67790000, "link": "https://www.sec.gov/Archives/edgar/data/1093557/000119312512205110/0001193125-12-205110-index.htm", "finalLink": "https://www.sec.gov/Archives/edgar/data/1093557/000119312512205110/d330251d10q.htm"}, {"date": "2011-12-31", "symbol": "DXCM", "fillingDate": "2012-02-23", "acceptedDate": "2012-02-23 17:25:48", "period": "FY", "revenue": 22421000, "costOfRevenue": 11728000, "grossProfit": 10693000, "grossProfitRatio": 0.47691895990366173, "researchAndDevelopmentExpenses": 9232000.0, "generalAndAdministrativeExpenses": 13737000, "sellingAndMarketingExpenses": 0.0, "otherExpenses": 0.0, "operatingExpenses": 22969000, "costAndExpenses": 34697000, "interestExpense": 1000.0, "depreciationAndAmortization": 764000.0, "ebitda": -11487000, "ebitdaratio": -0.5123321885732126, "operatingIncome": -12251000, "operatingIncomeRatio": -0.5464073859328308, "totalOtherIncomeExpensesNet": 1000.0, "incomeBeforeTax": -12251000, "incomeBeforeTaxRatio": -0.5464073859328308, "incomeTaxExpense": -32000.0, "netIncome": -12251000, "netIncomeRatio": -0.5464073859328308, "eps": -0.18, "epsdiluted": -0.18, "weightedAverageShsOut": 74200000, "weightedAverageShsOutDil": 65564000, "link": "https://www.sec.gov/Archives/edgar/data/1093557/000119312512075640/0001193125-12-075640-index.htm", "finalLink": "https://www.sec.gov/Archives/edgar/data/1093557/000119312512075640/d270314d10k.htm"}, {"date": "2011-09-30", "symbol": "DXCM", "fillingDate": "2011-11-02", "acceptedDate": "2011-11-02 17:19:39", "period": "Q3", "revenue": 18254000, "costOfRevenue": 10090000, "grossProfit": 8164000.0, "grossProfitRatio": 0.4472444395748877, "researchAndDevelopmentExpenses": 8231000.0, "generalAndAdministrativeExpenses": 13241000, "sellingAndMarketingExpenses": 0.0, "otherExpenses": 0.0, "operatingExpenses": 21472000, "costAndExpenses": 31562000, "interestExpense": 1000.0, "depreciationAndAmortization": 704000.0, "ebitda": -12574000, "ebitdaratio": -0.6888353237646543, "operatingIncome": -13278000, "operatingIncomeRatio": -0.7274022132135423, "totalOtherIncomeExpensesNet": 0.0, "incomeBeforeTax": -13278000, "incomeBeforeTaxRatio": -0.7274022132135423, "incomeTaxExpense": 0.0, "netIncome": -13278000, "netIncomeRatio": -0.7274022132135423, "eps": -0.2, "epsdiluted": -0.2, "weightedAverageShsOut": 74200000, "weightedAverageShsOutDil": 64910000, "link": "https://www.sec.gov/Archives/edgar/data/1093557/000119312511293031/0001193125-11-293031-index.htm", "finalLink": "https://www.sec.gov/Archives/edgar/data/1093557/000119312511293031/d235641d10q.htm"}, {"date": "2011-06-30", "symbol": "DXCM", "fillingDate": "2011-08-03", "acceptedDate": "2011-08-03 17:27:01", "period": "Q2", "revenue": 35591000, "costOfRevenue": 18604000, "grossProfit": 16987000, "grossProfitRatio": 0.4772835829282684, "researchAndDevelopmentExpenses": 13284000, "generalAndAdministrativeExpenses": 22962000, "sellingAndMarketingExpenses": 0.0, "otherExpenses": 0.0, "operatingExpenses": 36246000, "costAndExpenses": 54850000, "interestExpense": 9000.0, "depreciationAndAmortization": 1382000.0, "ebitda": -5985000.0, "ebitdaratio": -0.2794509034878835, "operatingIncome": -7367000.0, "operatingIncomeRatio": -0.34397908203763367, "totalOtherIncomeExpensesNet": 0.0, "incomeBeforeTax": -7367000.0, "incomeBeforeTaxRatio": -0.34397908203763367, "incomeTaxExpense": 0.0, "netIncome": -7367000.0, "netIncomeRatio": -0.34397908203763367, "eps": -0.3, "epsdiluted": -0.3, "weightedAverageShsOut": 74200000, "weightedAverageShsOutDil": 63646000, "link": "https://www.sec.gov/Archives/edgar/data/1093557/000119312511208448/0001193125-11-208448-index.htm", "finalLink": "https://www.sec.gov/Archives/edgar/data/1093557/000119312511208448/d10q.htm"}, {"date": "2011-03-31", "symbol": "DXCM", "fillingDate": "2011-05-03", "acceptedDate": "2011-05-03 17:25:06", "period": "Q1", "revenue": 14174000, "costOfRevenue": 18116000, "grossProfit": -3942000.0, "grossProfitRatio": -0.278114858191054, "researchAndDevelopmentExpenses": 6268000.0, "generalAndAdministrativeExpenses": 10718000, "sellingAndMarketingExpenses": 0.0, "otherExpenses": 0.0, "operatingExpenses": 16986000, "costAndExpenses": 35102000, "interestExpense": 6000.0, "depreciationAndAmortization": 806000.0, "ebitda": -11044000, "ebitdaratio": -0.7791731339071539, "operatingIncome": -11850000, "operatingIncomeRatio": -0.836037815718922, "totalOtherIncomeExpensesNet": 0.0, "incomeBeforeTax": -11850000, "incomeBeforeTaxRatio": -0.836037815718922, "incomeTaxExpense": 0.0, "netIncome": -11850000, "netIncomeRatio": -0.836037815718922, "eps": -0.19, "epsdiluted": -0.19, "weightedAverageShsOut": 62179000, "weightedAverageShsOutDil": 62179000, "link": "https://www.sec.gov/Archives/edgar/data/1093557/000119312511124174/0001193125-11-124174-index.htm", "finalLink": "https://www.sec.gov/Archives/edgar/data/1093557/000119312511124174/d10q.htm"}, {"date": "2010-12-31", "symbol": "DXCM", "fillingDate": "2011-03-03", "acceptedDate": "2011-03-03 17:15:24", "period": "FY", "revenue": 15636000, "costOfRevenue": 17294000, "grossProfit": -1658000.0, "grossProfitRatio": -0.10603734970580711, "researchAndDevelopmentExpenses": 6902000.0, "generalAndAdministrativeExpenses": 9973000.0, "sellingAndMarketingExpenses": 0.0, "otherExpenses": 0.0, "operatingExpenses": 16875000, "costAndExpenses": 34169000, "interestExpense": 8000.0, "depreciationAndAmortization": 721000.0, "ebitda": -9091000.0, "ebitdaratio": -0.58141468406242, "operatingIncome": -9812000.0, "operatingIncomeRatio": -0.6275262215400358, "totalOtherIncomeExpensesNet": 63000.0, "incomeBeforeTax": -9812000.0, "incomeBeforeTaxRatio": -0.6275262215400358, "incomeTaxExpense": 0.0, "netIncome": -9812000.0, "netIncomeRatio": -0.6275262215400358, "eps": -0.97, "epsdiluted": -0.97, "weightedAverageShsOut": 56881000, "weightedAverageShsOutDil": 56881000, "link": "https://www.sec.gov/Archives/edgar/data/1093557/000119312511055131/0001193125-11-055131-index.htm", "finalLink": "https://www.sec.gov/Archives/edgar/data/1093557/000119312511055131/d10k.htm"}, {"date": "2010-09-30", "symbol": "DXCM", "fillingDate": "2010-11-04", "acceptedDate": "2010-11-04 16:14:00", "period": "Q3", "revenue": 11664000, "costOfRevenue": 16376000, "grossProfit": -4712000.0, "grossProfitRatio": -0.40397805212620025, "researchAndDevelopmentExpenses": 6161000.0, "generalAndAdministrativeExpenses": 30533000, "sellingAndMarketingExpenses": 0.0, "otherExpenses": -20156000, "operatingExpenses": 16538000, "costAndExpenses": 32914000, "interestExpense": 44000.0, "depreciationAndAmortization": 628000.0, "ebitda": -12770000, "ebitdaratio": -1.0948216735253773, "operatingIncome": -13398000, "operatingIncomeRatio": -1.1486625514403292, "totalOtherIncomeExpensesNet": 0.0, "incomeBeforeTax": -13398000, "incomeBeforeTaxRatio": -1.1486625514403292, "incomeTaxExpense": 0.0, "netIncome": -13398000, "netIncomeRatio": -1.1486625514403292, "eps": -0.81, "epsdiluted": -0.81, "weightedAverageShsOut": 55707000, "weightedAverageShsOutDil": 55707000, "link": "https://www.sec.gov/Archives/edgar/data/1093557/000119312510248085/0001193125-10-248085-index.htm", "finalLink": "https://www.sec.gov/Archives/edgar/data/1093557/000119312510248085/d10q.htm"}, {"date": "2010-06-30", "symbol": "DXCM", "fillingDate": "2010-08-03", "acceptedDate": "2010-08-03 16:08:51", "period": "Q2", "revenue": 11786000, "costOfRevenue": 14534000, "grossProfit": -2748000.0, "grossProfitRatio": -0.23315798404887153, "researchAndDevelopmentExpenses": 5425000.0, "generalAndAdministrativeExpenses": -9794000.0, "sellingAndMarketingExpenses": 0.0, "otherExpenses": 20156000, "operatingExpenses": 15787000, "costAndExpenses": 30321000, "interestExpense": 197000.0, "depreciationAndAmortization": 588000.0, "ebitda": -11099000, "ebitdaratio": -0.9417105039877821, "operatingIncome": -11687000, "operatingIncomeRatio": -0.9916002036314271, "totalOtherIncomeExpensesNet": 0.0, "incomeBeforeTax": -11687000, "incomeBeforeTaxRatio": -0.9916002036314271, "incomeTaxExpense": 0.0, "netIncome": -11687000, "netIncomeRatio": -0.9916002036314271, "eps": -0.59, "epsdiluted": -0.59, "weightedAverageShsOut": 54440000, "weightedAverageShsOutDil": 54440000, "link": "https://www.sec.gov/Archives/edgar/data/1093557/000119312510175251/0001193125-10-175251-index.htm", "finalLink": "https://www.sec.gov/Archives/edgar/data/1093557/000119312510175251/d10q.htm"}, {"date": "2010-03-31", "symbol": "DXCM", "fillingDate": "2010-05-05", "acceptedDate": "2010-05-05 16:15:58", "period": "Q1", "revenue": 9545000.0, "costOfRevenue": 12172000, "grossProfit": -2627000.0, "grossProfitRatio": -0.2752226296490309, "researchAndDevelopmentExpenses": 4739000.0, "generalAndAdministrativeExpenses": 9794000.0, "sellingAndMarketingExpenses": 0.0, "otherExpenses": 0.0, "operatingExpenses": 14533000, "costAndExpenses": 26705000, "interestExpense": 1299000.0, "depreciationAndAmortization": 500000.0, "ebitda": -19773000, "ebitdaratio": -2.071555788370875, "operatingIncome": -20273000, "operatingIncomeRatio": -2.1239392352016764, "totalOtherIncomeExpensesNet": 0.0, "incomeBeforeTax": -20273000, "incomeBeforeTaxRatio": -2.1239392352016764, "incomeTaxExpense": 0.0, "netIncome": -20273000, "netIncomeRatio": -2.1239392352016764, "eps": -0.4, "epsdiluted": -0.4, "weightedAverageShsOut": 51291000, "weightedAverageShsOutDil": 51291000, "link": "https://www.sec.gov/Archives/edgar/data/1093557/000119312510108874/0001193125-10-108874-index.htm", "finalLink": "https://www.sec.gov/Archives/edgar/data/1093557/000119312510108874/d10q.htm"}, {"date": "2009-12-31", "symbol": "DXCM", "fillingDate": "2010-03-09", "acceptedDate": "2010-03-09 17:04:09", "period": "FY", "revenue": 10025000, "costOfRevenue": 12728000, "grossProfit": -2703000.0, "grossProfitRatio": -0.26962593516209477, "researchAndDevelopmentExpenses": 4172000.0, "generalAndAdministrativeExpenses": 9397000.0, "sellingAndMarketingExpenses": 0.0, "otherExpenses": 0.0, "operatingExpenses": 13569000, "costAndExpenses": 26297000, "interestExpense": 2098000.0, "depreciationAndAmortization": 470000.0, "ebitda": -11059000, "ebitdaratio": -1.103142144638404, "operatingIncome": -11529000, "operatingIncomeRatio": -1.1500249376558604, "totalOtherIncomeExpensesNet": -323000.0, "incomeBeforeTax": -11529000, "incomeBeforeTaxRatio": -1.1500249376558604, "incomeTaxExpense": 0.0, "netIncome": -11529000, "netIncomeRatio": -1.1500249376558604, "eps": -1.21, "epsdiluted": -1.21, "weightedAverageShsOut": 44347000, "weightedAverageShsOutDil": 44347000, "link": "https://www.sec.gov/Archives/edgar/data/1093557/000119312510051468/0001193125-10-051468-index.htm", "finalLink": "https://www.sec.gov/Archives/edgar/data/1093557/000119312510051468/d10k.htm"}, {"date": "2009-09-30", "symbol": "DXCM", "fillingDate": "2009-11-04", "acceptedDate": "2009-11-04 16:05:33", "period": "Q3", "revenue": 6394000.0, "costOfRevenue": 12788000, "grossProfit": -6394000.0, "grossProfitRatio": -1.0, "researchAndDevelopmentExpenses": 3496000.0, "generalAndAdministrativeExpenses": 8948000.0, "sellingAndMarketingExpenses": 0.0, "otherExpenses": 0.0, "operatingExpenses": 12444000, "costAndExpenses": 25232000, "interestExpense": 2037000.0, "depreciationAndAmortization": 589000.0, "ebitda": -12934000, "ebitdaratio": -2.0228339067876133, "operatingIncome": -13523000, "operatingIncomeRatio": -2.1149515170472317, "totalOtherIncomeExpensesNet": 323000.0, "incomeBeforeTax": -13523000, "incomeBeforeTaxRatio": -2.1149515170472317, "incomeTaxExpense": 0.0, "netIncome": -13523000, "netIncomeRatio": -2.1149515170472317, "eps": -0.96, "epsdiluted": -0.96, "weightedAverageShsOut": 43797000, "weightedAverageShsOutDil": 43797000, "link": "https://www.sec.gov/Archives/edgar/data/1093557/000119312509223741/0001193125-09-223741-index.htm", "finalLink": "https://www.sec.gov/Archives/edgar/data/1093557/000119312509223741/d10q.htm"}, {"date": "2009-06-30", "symbol": "DXCM", "fillingDate": "2009-08-03", "acceptedDate": "2009-08-03 16:15:46", "period": "Q2", "revenue": 7799000.0, "costOfRevenue": 15598000, "grossProfit": -7799000.0, "grossProfitRatio": -1.0, "researchAndDevelopmentExpenses": 3455000.0, "generalAndAdministrativeExpenses": 8952000.0, "sellingAndMarketingExpenses": 0.0, "otherExpenses": 0.0, "operatingExpenses": 12407000, "costAndExpenses": 28005000, "interestExpense": 1982000.0, "depreciationAndAmortization": 662000.0, "ebitda": -14668000, "ebitdaratio": -1.8807539428131812, "operatingIncome": -15330000, "operatingIncomeRatio": -1.9656366200794975, "totalOtherIncomeExpensesNet": 0.0, "incomeBeforeTax": -15330000, "incomeBeforeTaxRatio": -1.9656366200794975, "incomeTaxExpense": 0.0, "netIncome": -15330000, "netIncomeRatio": -1.9656366200794975, "eps": -0.67, "epsdiluted": -0.67, "weightedAverageShsOut": 42718000, "weightedAverageShsOutDil": 42718000, "link": "https://www.sec.gov/Archives/edgar/data/1093557/000119312509162218/0001193125-09-162218-index.htm", "finalLink": "https://www.sec.gov/Archives/edgar/data/1093557/000119312509162218/d10q.htm"}, {"date": "2009-03-31", "symbol": "DXCM", "fillingDate": "2009-05-06", "acceptedDate": "2009-05-06 16:20:12", "period": "Q1", "revenue": 5475000.0, "costOfRevenue": 10950000, "grossProfit": -5475000.0, "grossProfitRatio": -1.0, "researchAndDevelopmentExpenses": 3171000.0, "generalAndAdministrativeExpenses": 7903000.0, "sellingAndMarketingExpenses": 0.0, "otherExpenses": 0.0, "operatingExpenses": 11074000, "costAndExpenses": 22024000, "interestExpense": 1928000.0, "depreciationAndAmortization": 652000.0, "ebitda": -12490000, "ebitdaratio": -2.2812785388127854, "operatingIncome": -13142000, "operatingIncomeRatio": -2.400365296803653, "totalOtherIncomeExpensesNet": 0.0, "incomeBeforeTax": -13142000, "incomeBeforeTaxRatio": -2.400365296803653, "incomeTaxExpense": 0.0, "netIncome": -13142000, "netIncomeRatio": -2.400365296803653, "eps": -0.33, "epsdiluted": -0.33, "weightedAverageShsOut": 39569000, "weightedAverageShsOutDil": 39569000, "link": "https://www.sec.gov/Archives/edgar/data/1093557/000119312509101578/0001193125-09-101578-index.htm", "finalLink": "https://www.sec.gov/Archives/edgar/data/1093557/000119312509101578/d10q.htm"}, {"date": "2008-12-31", "symbol": "DXCM", "fillingDate": "2009-03-05", "acceptedDate": "2009-03-05 16:20:28", "period": "FY", "revenue": 4891000.0, "costOfRevenue": 9782000.0, "grossProfit": -4891000.0, "grossProfitRatio": -1.0, "researchAndDevelopmentExpenses": 4571000.0, "generalAndAdministrativeExpenses": 7349000.0, "sellingAndMarketingExpenses": 0.0, "otherExpenses": 0.0, "operatingExpenses": 11920000, "costAndExpenses": 21702000, "interestExpense": 879000.0, "depreciationAndAmortization": 768000.0, "ebitda": -12682000, "ebitdaratio": -2.5929257820486606, "operatingIncome": -13450000, "operatingIncomeRatio": -2.749948885708444, "totalOtherIncomeExpensesNet": 34000.0, "incomeBeforeTax": -13450000, "incomeBeforeTaxRatio": -2.749948885708444, "incomeTaxExpense": 0.0, "netIncome": -13450000, "netIncomeRatio": -2.749948885708444, "eps": -1.87, "epsdiluted": -1.87, "weightedAverageShsOut": 29487000, "weightedAverageShsOutDil": 29487000, "link": "https://www.sec.gov/Archives/edgar/data/1093557/000119312509046182/0001193125-09-046182-index.htm", "finalLink": "https://www.sec.gov/Archives/edgar/data/1093557/000119312509046182/d10k.htm"}, {"date": "2008-09-30", "symbol": "DXCM", "fillingDate": "2008-11-10", "acceptedDate": "2008-11-10 16:23:41", "period": "Q3", "revenue": 3841000.0, "costOfRevenue": 7682000.0, "grossProfit": -3841000.0, "grossProfitRatio": -1.0, "researchAndDevelopmentExpenses": 5418000.0, "generalAndAdministrativeExpenses": 6652000.0, "sellingAndMarketingExpenses": 0.0, "otherExpenses": 0.0, "operatingExpenses": 12070000, "costAndExpenses": 19752000, "interestExpense": 913000.0, "depreciationAndAmortization": 710000.0, "ebitda": -13978000, "ebitdaratio": -3.639156469669357, "operatingIncome": -14688000, "operatingIncomeRatio": -3.8240041655818797, "totalOtherIncomeExpensesNet": 0.0, "incomeBeforeTax": -14688000, "incomeBeforeTaxRatio": -3.8240041655818797, "incomeTaxExpense": 0.0, "netIncome": -14688000, "netIncomeRatio": -3.8240041655818797, "eps": -1.42, "epsdiluted": -1.42, "weightedAverageShsOut": 29415000, "weightedAverageShsOutDil": 29415000, "link": "https://www.sec.gov/Archives/edgar/data/1093557/000119312508231764/0001193125-08-231764-index.htm", "finalLink": "https://www.sec.gov/Archives/edgar/data/1093557/000119312508231764/d10q.htm"}, {"date": "2008-06-30", "symbol": "DXCM", "fillingDate": "2008-08-05", "acceptedDate": "2008-08-05 16:09:43", "period": "Q2", "revenue": 3393000.0, "costOfRevenue": 6786000.0, "grossProfit": -3393000.0, "grossProfitRatio": -1.0, "researchAndDevelopmentExpenses": 4797000.0, "generalAndAdministrativeExpenses": 7247000.0, "sellingAndMarketingExpenses": 0.0, "otherExpenses": 0.0, "operatingExpenses": 12044000, "costAndExpenses": 18830000, "interestExpense": 926000.0, "depreciationAndAmortization": 703000.0, "ebitda": -13371000, "ebitdaratio": -3.9407603890362513, "operatingIncome": -14074000, "operatingIncomeRatio": -4.147951665193045, "totalOtherIncomeExpensesNet": 0.0, "incomeBeforeTax": -14074000, "incomeBeforeTaxRatio": -4.147951665193045, "incomeTaxExpense": 0.0, "netIncome": -14074000, "netIncomeRatio": -4.147951665193045, "eps": -0.92, "epsdiluted": -0.92, "weightedAverageShsOut": 29308000, "weightedAverageShsOutDil": 29308000, "link": "https://www.sec.gov/Archives/edgar/data/1093557/000119312508166486/0001193125-08-166486-index.htm", "finalLink": "https://www.sec.gov/Archives/edgar/data/1093557/000119312508166486/d10q.htm"}, {"date": "2008-03-31", "symbol": "DXCM", "fillingDate": "2008-05-08", "acceptedDate": "2008-05-08 16:15:48", "period": "Q1", "revenue": 3242000.0, "costOfRevenue": 6484000.0, "grossProfit": -3242000.0, "grossProfitRatio": -1.0, "researchAndDevelopmentExpenses": 4843000.0, "generalAndAdministrativeExpenses": 6421000.0, "sellingAndMarketingExpenses": 0.0, "otherExpenses": 0.0, "operatingExpenses": 11264000, "costAndExpenses": 17748000, "interestExpense": 893000.0, "depreciationAndAmortization": 855000.0, "ebitda": -12117000, "ebitdaratio": -3.737507711289328, "operatingIncome": -12972000, "operatingIncomeRatio": -4.001233806292412, "totalOtherIncomeExpensesNet": 0.0, "incomeBeforeTax": -12972000, "incomeBeforeTaxRatio": -4.001233806292412, "incomeTaxExpense": 0.0, "netIncome": -12972000, "netIncomeRatio": -4.001233806292412, "eps": -0.44, "epsdiluted": -0.44, "weightedAverageShsOut": 29228000, "weightedAverageShsOutDil": 29228000, "link": "https://www.sec.gov/Archives/edgar/data/1093557/000119312508107816/0001193125-08-107816-index.htm", "finalLink": "https://www.sec.gov/Archives/edgar/data/1093557/000119312508107816/d10q.htm"}, {"date": "2007-12-31", "symbol": "DXCM", "fillingDate": "2008-03-11", "acceptedDate": "2008-03-11 17:12:06", "period": "FY", "revenue": 1528000.0, "costOfRevenue": 3655000.0, "grossProfit": -2127000.0, "grossProfitRatio": -1.3920157068062826, "researchAndDevelopmentExpenses": 4397000.0, "generalAndAdministrativeExpenses": 5653000.0, "sellingAndMarketingExpenses": 0.0, "otherExpenses": 0.0, "operatingExpenses": 10050000, "costAndExpenses": 13705000, "interestExpense": 0.0, "depreciationAndAmortization": 1004000.0, "ebitda": -11225000, "ebitdaratio": -7.346204188481676, "operatingIncome": -12229000, "operatingIncomeRatio": -8.0032722513089, "totalOtherIncomeExpensesNet": 0.0, "incomeBeforeTax": -12229000, "incomeBeforeTaxRatio": -8.0032722513089, "incomeTaxExpense": 0.0, "netIncome": -12229000, "netIncomeRatio": -8.0032722513089, "eps": -1.62, "epsdiluted": -1.62, "weightedAverageShsOut": 28313000, "weightedAverageShsOutDil": 28313000, "link": "https://www.sec.gov/Archives/edgar/data/1093557/000119312508053011/0001193125-08-053011-index.htm", "finalLink": "https://www.sec.gov/Archives/edgar/data/1093557/000119312508053011/d10k.htm"}, {"date": "2007-09-30", "symbol": "DXCM", "fillingDate": "2007-10-30", "acceptedDate": "2007-10-30 16:20:32", "period": "Q3", "revenue": 1224000.0, "costOfRevenue": 3113000.0, "grossProfit": -1889000.0, "grossProfitRatio": -1.5433006535947713, "researchAndDevelopmentExpenses": 3671000.0, "generalAndAdministrativeExpenses": 5943000.0, "sellingAndMarketingExpenses": 0.0, "otherExpenses": 0.0, "operatingExpenses": 9614000.0, "costAndExpenses": 12727000, "interestExpense": 731000.0, "depreciationAndAmortization": 637000.0, "ebitda": -10747000, "ebitdaratio": -8.780228758169935, "operatingIncome": -11384000, "operatingIncomeRatio": -9.300653594771243, "totalOtherIncomeExpensesNet": 0.0, "incomeBeforeTax": -11384000, "incomeBeforeTaxRatio": -9.300653594771243, "incomeTaxExpense": 0.0, "netIncome": -11384000, "netIncomeRatio": -9.300653594771243, "eps": -1.19, "epsdiluted": -1.19, "weightedAverageShsOut": 28282653, "weightedAverageShsOutDil": 28282653, "link": "https://www.sec.gov/Archives/edgar/data/1093557/000110465907078122/0001104659-07-078122-index.htm", "finalLink": "https://www.sec.gov/Archives/edgar/data/1093557/000110465907078122/a07-25870_110q.htm"}, {"date": "2007-06-30", "symbol": "DXCM", "fillingDate": "2007-07-30", "acceptedDate": "2007-07-30 16:12:49", "period": "Q2", "revenue": 863000.0, "costOfRevenue": 2906000.0, "grossProfit": -2043000.0, "grossProfitRatio": -2.3673232908458863, "researchAndDevelopmentExpenses": 4028000.0, "generalAndAdministrativeExpenses": 5469000.0, "sellingAndMarketingExpenses": 0.0, "otherExpenses": 0.0, "operatingExpenses": 9497000.0, "costAndExpenses": 12403000, "interestExpense": -731000.0, "depreciationAndAmortization": 645000.0, "ebitda": -10691000, "ebitdaratio": -12.388180764774043, "operatingIncome": -11336000, "operatingIncomeRatio": -13.135573580533025, "totalOtherIncomeExpensesNet": 0.0, "incomeBeforeTax": -11336000, "incomeBeforeTaxRatio": -13.135573580533025, "incomeTaxExpense": 0.0, "netIncome": -11336000, "netIncomeRatio": -13.135573580533025, "eps": -0.79, "epsdiluted": -0.79, "weightedAverageShsOut": 28261301, "weightedAverageShsOutDil": 28261301, "link": "https://www.sec.gov/Archives/edgar/data/1093557/000110465907057171/0001104659-07-057171-index.htm", "finalLink": "https://www.sec.gov/Archives/edgar/data/1093557/000110465907057171/a07-19213_110q.htm"}, {"date": "2007-03-31", "symbol": "DXCM", "fillingDate": "2007-05-09", "acceptedDate": "2007-05-09 16:11:14", "period": "Q1", "revenue": 1012000.0, "costOfRevenue": 3062000.0, "grossProfit": -2050000.0, "grossProfitRatio": -2.025691699604743, "researchAndDevelopmentExpenses": 4035000.0, "generalAndAdministrativeExpenses": 5371000.0, "sellingAndMarketingExpenses": 0.0, "otherExpenses": 0.0, "operatingExpenses": 9406000.0, "costAndExpenses": 12468000, "interestExpense": 0.0, "depreciationAndAmortization": 626000.0, "ebitda": -10303000, "ebitdaratio": -10.180830039525691, "operatingIncome": -10929000, "operatingIncomeRatio": -10.799407114624506, "totalOtherIncomeExpensesNet": 0.0, "incomeBeforeTax": -10929000, "incomeBeforeTaxRatio": -10.799407114624506, "incomeTaxExpense": 0.0, "netIncome": -10929000, "netIncomeRatio": -10.799407114624506, "eps": -0.39, "epsdiluted": -0.39, "weightedAverageShsOut": 28223454, "weightedAverageShsOutDil": 28223454, "link": "https://www.sec.gov/Archives/edgar/data/1093557/000110465907037550/0001104659-07-037550-index.htm", "finalLink": "https://www.sec.gov/Archives/edgar/data/1093557/000110465907037550/a07-11272_110q.htm"}, {"date": "2006-12-31", "symbol": "DXCM", "fillingDate": "2007-02-27", "acceptedDate": "2007-02-27 17:22:31", "period": "FY", "revenue": 834917000, "costOfRevenue": 3398514000, "grossProfit": -2563597000, "grossProfitRatio": -3.070481257418402, "researchAndDevelopmentExpenses": 3929888000, "generalAndAdministrativeExpenses": 5263758000, "sellingAndMarketingExpenses": 0.0, "otherExpenses": 0.0, "operatingExpenses": 9193646000, "costAndExpenses": 12592160000, "interestExpense": 0.0, "depreciationAndAmortization": 1071791000, "ebitda": -10001852000, "ebitdaratio": -11.979456640600203, "operatingIncome": -11073643000, "operatingIncomeRatio": -13.26316627880376, "totalOtherIncomeExpensesNet": 683600000, "incomeBeforeTax": -11073643000, "incomeBeforeTaxRatio": -13.26316627880376, "incomeTaxExpense": 0.0, "netIncome": -11073643000, "netIncomeRatio": -13.26316627880376, "eps": -1.71, "epsdiluted": -1.71, "weightedAverageShsOut": 27235704, "weightedAverageShsOutDil": 27235704, "link": "https://www.sec.gov/Archives/edgar/data/1093557/000110465907014481/0001104659-07-014481-index.htm", "finalLink": "https://www.sec.gov/Archives/edgar/data/1093557/000110465907014481/a07-5390_110k.htm"}, {"date": "2006-09-30", "symbol": "DXCM", "fillingDate": "2006-10-23", "acceptedDate": "2006-10-23 16:05:50", "period": "Q3", "revenue": 841020000, "costOfRevenue": 3388675000, "grossProfit": -2547655000, "grossProfitRatio": -3.029244251028513, "researchAndDevelopmentExpenses": 4634157000, "generalAndAdministrativeExpenses": 7073768000, "sellingAndMarketingExpenses": 0.0, "otherExpenses": 0.0, "operatingExpenses": 11707925000, "costAndExpenses": 15096600000, "interestExpense": 0.0, "depreciationAndAmortization": 599121000, "ebitda": -12838650000, "ebitdaratio": -15.265570378825712, "operatingIncome": -13437771000, "operatingIncomeRatio": -15.977944638653064, "totalOtherIncomeExpensesNet": 817809000, "incomeBeforeTax": -13437771000, "incomeBeforeTaxRatio": -15.977944638653064, "incomeTaxExpense": 0.0, "netIncome": -13437771000, "netIncomeRatio": -15.977944638653064, "eps": -1.32, "epsdiluted": -1.32, "weightedAverageShsOut": 26938509, "weightedAverageShsOutDil": 26938509, "link": "https://www.sec.gov/Archives/edgar/data/1093557/000110465906067988/0001104659-06-067988-index.htm", "finalLink": "https://www.sec.gov/Archives/edgar/data/1093557/000110465906067988/a06-22295_110q.htm"}, {"date": "2006-06-30", "symbol": "DXCM", "fillingDate": "2006-07-21", "acceptedDate": "2006-07-21 08:00:38", "period": "Q2", "revenue": 479078000, "costOfRevenue": 2090544000, "grossProfit": -1611466000, "grossProfitRatio": -3.363681905660456, "researchAndDevelopmentExpenses": 5361419000, "generalAndAdministrativeExpenses": 4932359000, "sellingAndMarketingExpenses": 0.0, "otherExpenses": 0.0, "operatingExpenses": 10293778000, "costAndExpenses": 12384322000, "interestExpense": 0.0, "depreciationAndAmortization": 547297000, "ebitda": -10621523000, "ebitdaratio": -22.17075925005949, "operatingIncome": -11168820000, "operatingIncomeRatio": -23.313155686547912, "totalOtherIncomeExpensesNet": 736424000, "incomeBeforeTax": -11168820000, "incomeBeforeTaxRatio": -23.313155686547912, "incomeTaxExpense": 0.0, "netIncome": -11168820000, "netIncomeRatio": -23.313155686547912, "eps": -0.84, "epsdiluted": -0.84, "weightedAverageShsOut": 26322567, "weightedAverageShsOutDil": 26322567, "link": "https://www.sec.gov/Archives/edgar/data/1093557/000110465906048118/0001104659-06-048118-index.htm", "finalLink": "https://www.sec.gov/Archives/edgar/data/1093557/000110465906048118/a06-14671_110q.htm"}, {"date": "2006-03-31", "symbol": "DXCM", "fillingDate": "2006-05-15", "acceptedDate": "2006-05-15 16:09:01", "period": "Q1", "revenue": 14775000, "costOfRevenue": 2081220000, "grossProfit": -2066445000, "grossProfitRatio": -139.86091370558376, "researchAndDevelopmentExpenses": 5494086000, "generalAndAdministrativeExpenses": 3841440000, "sellingAndMarketingExpenses": 0.0, "otherExpenses": 0.0, "operatingExpenses": 9335526000, "costAndExpenses": 11416746000, "interestExpense": 0.0, "depreciationAndAmortization": 479703000, "ebitda": -10439354000, "ebitdaratio": -706.5552622673434, "operatingIncome": -10919057000, "operatingIncomeRatio": -739.0224703891708, "totalOtherIncomeExpensesNet": 482914000, "incomeBeforeTax": -10919057000, "incomeBeforeTaxRatio": -739.0224703891708, "incomeTaxExpense": 0.0, "netIncome": -10919057000, "netIncomeRatio": -739.0224703891708, "eps": -0.43, "epsdiluted": -0.43, "weightedAverageShsOut": 25556603, "weightedAverageShsOutDil": 25556603, "link": "https://www.sec.gov/Archives/edgar/data/1093557/000110465906035021/0001104659-06-035021-index.htm", "finalLink": "https://www.sec.gov/Archives/edgar/data/1093557/000110465906035021/a06-9580_110q.htm"}, {"date": "2005-12-31", "symbol": "DXCM", "fillingDate": "2006-02-27", "acceptedDate": "2006-02-27 16:04:27", "period": "FY", "revenue": 0.0, "costOfRevenue": 0.0, "grossProfit": 0.0, "grossProfitRatio": 0.0, "researchAndDevelopmentExpenses": 25496747000, "generalAndAdministrativeExpenses": 5146998000, "sellingAndMarketingExpenses": 0.0, "otherExpenses": 0.0, "operatingExpenses": 30643745000, "costAndExpenses": 32429474000, "interestExpense": 0.0, "depreciationAndAmortization": 378765000, "ebitda": -30388665000, "ebitdaratio": 0.0, "operatingIncome": -30767430000, "operatingIncomeRatio": 0.0, "totalOtherIncomeExpensesNet": 1662044000, "incomeBeforeTax": -30767430000, "incomeBeforeTaxRatio": 0.0, "incomeTaxExpense": 0.0, "netIncome": -30767430000, "netIncomeRatio": 0.0, "eps": -1.63, "epsdiluted": -1.63, "weightedAverageShsOut": 18944208, "weightedAverageShsOutDil": 18944208, "link": "https://www.sec.gov/Archives/edgar/data/1093557/000110465906012220/0001104659-06-012220-index.htm", "finalLink": "https://www.sec.gov/Archives/edgar/data/1093557/000110465906012220/a06-5268_210k.htm"}, {"date": "2005-09-30", "symbol": "DXCM", "fillingDate": "2005-11-01", "acceptedDate": "2005-11-01 16:10:23", "period": "Q3", "revenue": 0.0, "costOfRevenue": 0.0, "grossProfit": 0.0, "grossProfitRatio": 0.0, "researchAndDevelopmentExpenses": 14758307000, "generalAndAdministrativeExpenses": 3597509000, "sellingAndMarketingExpenses": 0.0, "otherExpenses": 0.0, "operatingExpenses": 18355816000, "costAndExpenses": 19824951000, "interestExpense": 0.0, "depreciationAndAmortization": 345936000, "ebitda": -18353868000, "ebitdaratio": 0.0, "operatingIncome": -18699804000, "operatingIncomeRatio": 0.0, "totalOtherIncomeExpensesNet": 1125147000, "incomeBeforeTax": -18699804000, "incomeBeforeTaxRatio": 0.0, "incomeTaxExpense": 0.0, "netIncome": -18699804000, "netIncomeRatio": 0.0, "eps": -1.12, "epsdiluted": -1.12, "weightedAverageShsOut": 16777470, "weightedAverageShsOutDil": 16777470, "link": "https://www.sec.gov/Archives/edgar/data/1093557/000110465905051537/0001104659-05-051537-index.htm", "finalLink": "https://www.sec.gov/Archives/edgar/data/1093557/000110465905051537/a05-18318_110q.htm"}, {"date": "2005-06-30", "symbol": "DXCM", "fillingDate": "2005-08-02", "acceptedDate": "2005-08-02 16:04:37", "period": "Q2", "revenue": 0.0, "costOfRevenue": 0.0, "grossProfit": 0.0, "grossProfitRatio": 0.0, "researchAndDevelopmentExpenses": 9982995000, "generalAndAdministrativeExpenses": 1914609000, "sellingAndMarketingExpenses": 0.0, "otherExpenses": 0.0, "operatingExpenses": 11897604000, "costAndExpenses": 12963898000, "interestExpense": 0.0, "depreciationAndAmortization": 192700000, "ebitda": -12177483000, "ebitdaratio": 0.0, "operatingIncome": -12370183000, "operatingIncomeRatio": 0.0, "totalOtherIncomeExpensesNet": 593715000, "incomeBeforeTax": -12370183000, "incomeBeforeTaxRatio": 0.0, "incomeTaxExpense": 0.0, "netIncome": -12370183000, "netIncomeRatio": 0.0, "eps": -1.01, "epsdiluted": -1.01, "weightedAverageShsOut": 12417909, "weightedAverageShsOutDil": 12417909, "link": "https://www.sec.gov/Archives/edgar/data/1093557/000110465905035678/0001104659-05-035678-index.htm", "finalLink": "https://www.sec.gov/Archives/edgar/data/1093557/000110465905035678/a05-13052_110q.htm"}]