[{"date": "2020-03-31", "symbol": "MNST", "fillingDate": "2020-05-11", "acceptedDate": "2020-05-08 18:16:17", "period": "Q1", "revenue": 1062097000, "costOfRevenue": 424901000, "grossProfit": 637196000, "grossProfitRatio": 0.5999414366107804, "researchAndDevelopmentExpenses": 0.0, "generalAndAdministrativeExpenses": 0.0, "sellingAndMarketingExpenses": 0.0, "otherExpenses": 272208000, "operatingExpenses": 272208000, "costAndExpenses": 697109000, "interestExpense": 0.0, "depreciationAndAmortization": 16546000, "ebitda": 381534000, "ebitdaratio": 0.35922707624633154, "operatingIncome": 364988000, "operatingIncomeRatio": 0.3436484614870393, "totalOtherIncomeExpensesNet": 872000.0, "incomeBeforeTax": 365860000, "incomeBeforeTaxRatio": 0.3444694787764206, "incomeTaxExpense": 87025000, "netIncome": 278835000, "netIncomeRatio": 0.2625325182163211, "eps": 0.52, "epsdiluted": 0.52, "weightedAverageShsOut": 536221153, "weightedAverageShsOutDil": 536221153, "link": "https://www.sec.gov/Archives/edgar/data/865752/000110465920058939/0001104659-20-058939-index.htm", "finalLink": "https://www.sec.gov/Archives/edgar/data/865752/000110465920058939/mnst-20200331x10q.htm"}, {"date": "2019-12-31", "symbol": "MNST", "fillingDate": "2020-02-28", "acceptedDate": "2020-02-28 17:05:10", "period": "FY", "revenue": 1017206000, "costOfRevenue": 406438000, "grossProfit": 610768000, "grossProfitRatio": 0.6004368829912525, "researchAndDevelopmentExpenses": 0.0, "generalAndAdministrativeExpenses": 52300000, "sellingAndMarketingExpenses": 0.0, "otherExpenses": 241423000, "operatingExpenses": 293723000, "costAndExpenses": 700161000, "interestExpense": 0.0, "depreciationAndAmortization": 16971000, "ebitda": 334016000, "ebitdaratio": 0.328366132327, "operatingIncome": 317045000, "operatingIncomeRatio": 0.311682196133, "totalOtherIncomeExpensesNet": 4188000.0, "incomeBeforeTax": 321233000, "incomeBeforeTaxRatio": 0.315799356276, "incomeTaxExpense": 66279000, "netIncome": 254954000, "netIncomeRatio": 0.250641462988, "eps": 0.47, "epsdiluted": 0.47, "weightedAverageShsOut": 542191000, "weightedAverageShsOutDil": 546608000, "link": "https://www.sec.gov/Archives/edgar/data/865752/000110465920027209/0001104659-20-027209-index.htm", "finalLink": "https://www.sec.gov/Archives/edgar/data/865752/000110465920027209/mnst-20191231x10kb9432b.htm"}, {"date": "2019-09-30", "symbol": "MNST", "fillingDate": "2019-11-08", "acceptedDate": "2019-11-07 20:03:21", "period": "Q3", "revenue": 1133576000, "costOfRevenue": 460575000, "grossProfit": 673001000, "grossProfitRatio": 0.5936972906977565, "researchAndDevelopmentExpenses": 0.0, "generalAndAdministrativeExpenses": 50100000, "sellingAndMarketingExpenses": 0.0, "otherExpenses": 227459000, "operatingExpenses": 277559000, "costAndExpenses": 738134000, "interestExpense": 0.0, "depreciationAndAmortization": 15399000, "ebitda": 410841000, "ebitdaratio": 0.362429162226, "operatingIncome": 395442000, "operatingIncomeRatio": 0.348844717955, "totalOtherIncomeExpensesNet": 3121000.0, "incomeBeforeTax": 398563000, "incomeBeforeTaxRatio": 0.351597951968, "incomeTaxExpense": 99640000, "netIncome": 298923000, "netIncomeRatio": 0.263699125599, "eps": 0.55, "epsdiluted": 0.55, "weightedAverageShsOut": 543804000, "weightedAverageShsOutDil": 548387000, "link": "https://www.sec.gov/Archives/edgar/data/865752/000110465919061273/0001104659-19-061273-index.htm", "finalLink": "https://www.sec.gov/Archives/edgar/data/865752/000110465919061273/mnst-20190930x10qd1f63d.htm"}, {"date": "2019-06-30", "symbol": "MNST", "fillingDate": "2019-08-08", "acceptedDate": "2019-08-08 16:43:46", "period": "Q2", "revenue": 1104046000, "costOfRevenue": 442762000, "grossProfit": 661284000, "grossProfitRatio": 0.5989641735942162, "researchAndDevelopmentExpenses": 0.0, "generalAndAdministrativeExpenses": 50500000, "sellingAndMarketingExpenses": 0.0, "otherExpenses": 231793000, "operatingExpenses": 282293000, "costAndExpenses": 725055000, "interestExpense": 0.0, "depreciationAndAmortization": 17574000, "ebitda": 396565000, "ebitdaratio": 0.359192461184, "operatingIncome": 378991000, "operatingIncomeRatio": 0.343274646165, "totalOtherIncomeExpensesNet": 2972000.0, "incomeBeforeTax": 381963000, "incomeBeforeTaxRatio": 0.345966562987, "incomeTaxExpense": 89490000, "netIncome": 292473000, "netIncomeRatio": 0.264910157729, "eps": 0.53, "epsdiluted": 0.53, "weightedAverageShsOut": 543466000, "weightedAverageShsOutDil": 548299000, "link": "https://www.sec.gov/Archives/edgar/data/865752/000141057819000733/0001410578-19-000733-index.htm", "finalLink": "https://www.sec.gov/Archives/edgar/data/865752/000141057819000733/mnst-20190630x10q.htm"}, {"date": "2019-03-31", "symbol": "MNST", "fillingDate": "2019-05-03", "acceptedDate": "2019-05-03 14:49:55", "period": "Q1", "revenue": 945991000, "costOfRevenue": 372459000, "grossProfit": 573532000, "grossProfitRatio": 0.6062763810649361, "researchAndDevelopmentExpenses": 0.0, "generalAndAdministrativeExpenses": 50400000, "sellingAndMarketingExpenses": 0.0, "otherExpenses": 211671000, "operatingExpenses": 262071000, "costAndExpenses": 634530000, "interestExpense": 0.0, "depreciationAndAmortization": 14870000, "ebitda": 326331000, "ebitdaratio": 0.344962055664, "operatingIncome": 311461000, "operatingIncomeRatio": 0.329243090051, "totalOtherIncomeExpensesNet": 2742000.0, "incomeBeforeTax": 314203000, "incomeBeforeTaxRatio": 0.332141637711, "incomeTaxExpense": 52718000, "netIncome": 261485000, "netIncomeRatio": 0.276413834804, "eps": 0.48, "epsdiluted": 0.48, "weightedAverageShsOut": 542768000, "weightedAverageShsOutDil": 548273000, "link": "https://www.sec.gov/Archives/edgar/data/865752/000110465919026789/0001104659-19-026789-index.htm", "finalLink": "https://www.sec.gov/Archives/edgar/data/865752/000110465919026789/a19-7742_110q.htm"}, {"date": "2018-12-31", "symbol": "MNST", "fillingDate": "2019-02-28", "acceptedDate": "2019-02-28 16:47:15", "period": "FY", "revenue": 924230000, "costOfRevenue": 372028000, "grossProfit": 552202000, "grossProfitRatio": 0.5974724906138082, "researchAndDevelopmentExpenses": 0.0, "generalAndAdministrativeExpenses": 45000000, "sellingAndMarketingExpenses": 0.0, "otherExpenses": 200691000, "operatingExpenses": 245691000, "costAndExpenses": 617719000, "interestExpense": 0.0, "depreciationAndAmortization": 14510000, "ebitda": 321021000, "ebitdaratio": 0.347338865867, "operatingIncome": 306511000, "operatingIncomeRatio": 0.331639310561, "totalOtherIncomeExpensesNet": 4384000.0, "incomeBeforeTax": 310895000, "incomeBeforeTaxRatio": 0.336382718587, "incomeTaxExpense": 71788000, "netIncome": 239107000, "netIncomeRatio": 0.258709412159, "eps": 0.43, "epsdiluted": 0.43, "weightedAverageShsOut": 557166000, "weightedAverageShsOutDil": 564254000, "link": "https://www.sec.gov/Archives/edgar/data/865752/000110465919011581/0001104659-19-011581-index.htm", "finalLink": "https://www.sec.gov/Archives/edgar/data/865752/000110465919011581/a19-30117_110k.htm"}, {"date": "2018-09-30", "symbol": "MNST", "fillingDate": "2018-11-08", "acceptedDate": "2018-11-08 14:21:06", "period": "Q3", "revenue": 1016160000, "costOfRevenue": 408501000, "grossProfit": 607659000, "grossProfitRatio": 0.5979953944260746, "researchAndDevelopmentExpenses": 0.0, "generalAndAdministrativeExpenses": 42100000, "sellingAndMarketingExpenses": 0.0, "otherExpenses": 225986000, "operatingExpenses": 268086000, "costAndExpenses": 676587000, "interestExpense": 0.0, "depreciationAndAmortization": 14284000, "ebitda": 353857000, "ebitdaratio": 0.34822960951, "operatingIncome": 339573000, "operatingIncomeRatio": 0.334172768068, "totalOtherIncomeExpensesNet": 2988000.0, "incomeBeforeTax": 342561000, "incomeBeforeTaxRatio": 0.337113249882, "incomeTaxExpense": 74829000, "netIncome": 267732000, "netIncomeRatio": 0.263474256023, "eps": 0.48, "epsdiluted": 0.48, "weightedAverageShsOut": 559472000, "weightedAverageShsOutDil": 566791000, "link": "https://www.sec.gov/Archives/edgar/data/865752/000110465918066941/0001104659-18-066941-index.htm", "finalLink": "https://www.sec.gov/Archives/edgar/data/865752/000110465918066941/a18-19036_110q.htm"}, {"date": "2018-06-30", "symbol": "MNST", "fillingDate": "2018-08-09", "acceptedDate": "2018-08-09 13:07:30", "period": "Q2", "revenue": 1015872000, "costOfRevenue": 395615000, "grossProfit": 620257000, "grossProfitRatio": 0.6105660949410949, "researchAndDevelopmentExpenses": 0.0, "generalAndAdministrativeExpenses": 44700000, "sellingAndMarketingExpenses": 0.0, "otherExpenses": 217937000, "operatingExpenses": 262637000, "costAndExpenses": 658252000, "interestExpense": 0.0, "depreciationAndAmortization": 14194000, "ebitda": 371814000, "ebitdaratio": 0.366004772255, "operatingIncome": 357620000, "operatingIncomeRatio": 0.352032539533, "totalOtherIncomeExpensesNet": 476000.0, "incomeBeforeTax": 358096000, "incomeBeforeTaxRatio": 0.352501102501, "incomeTaxExpense": 87981000, "netIncome": 270115000, "netIncomeRatio": 0.26589471902, "eps": 0.47, "epsdiluted": 0.47, "weightedAverageShsOut": 562917000, "weightedAverageShsOutDil": 570231000, "link": "https://www.sec.gov/Archives/edgar/data/865752/000110465918050877/0001104659-18-050877-index.htm", "finalLink": "https://www.sec.gov/Archives/edgar/data/865752/000110465918050877/a18-14096_110q.htm"}, {"date": "2018-03-31", "symbol": "MNST", "fillingDate": "2018-05-10", "acceptedDate": "2018-05-10 12:16:42", "period": "Q1", "revenue": 850921000, "costOfRevenue": 335664000, "grossProfit": 515257000, "grossProfitRatio": 0.605528597836932, "researchAndDevelopmentExpenses": 0.0, "generalAndAdministrativeExpenses": 43100000, "sellingAndMarketingExpenses": 0.0, "otherExpenses": 192242000, "operatingExpenses": 235342000, "costAndExpenses": 571006000, "interestExpense": 0.0, "depreciationAndAmortization": 13991000, "ebitda": 293906000, "ebitdaratio": 0.345397516338, "operatingIncome": 279915000, "operatingIncomeRatio": 0.328955331929, "totalOtherIncomeExpensesNet": 1805000.0, "incomeBeforeTax": 281720000, "incomeBeforeTaxRatio": 0.331076562924, "incomeTaxExpense": 65670000, "netIncome": 216050000, "netIncomeRatio": 0.253901360996, "eps": 0.38, "epsdiluted": 0.38, "weightedAverageShsOut": 566000000, "weightedAverageShsOutDil": 574129000, "link": "https://www.sec.gov/Archives/edgar/data/865752/000110465918032034/0001104659-18-032034-index.htm", "finalLink": "https://www.sec.gov/Archives/edgar/data/865752/000110465918032034/a18-8672_110q.htm"}, {"date": "2017-12-31", "symbol": "MNST", "fillingDate": "2018-03-01", "acceptedDate": "2018-03-01 15:20:56", "period": "FY", "revenue": 810355000, "costOfRevenue": 306745000, "grossProfit": 503610000, "grossProfitRatio": 0.6214683688013278, "researchAndDevelopmentExpenses": 0.0, "generalAndAdministrativeExpenses": 42300000, "sellingAndMarketingExpenses": 0.0, "otherExpenses": 194198000, "operatingExpenses": 236498000, "costAndExpenses": 543243000, "interestExpense": 0.0, "depreciationAndAmortization": 13783000, "ebitda": 280895000, "ebitdaratio": 0.34663203164, "operatingIncome": 267112000, "operatingIncomeRatio": 0.329623436642, "totalOtherIncomeExpensesNet": 2836000.0, "incomeBeforeTax": 267845000, "incomeBeforeTaxRatio": 0.330527978479, "incomeTaxExpense": 66523000, "netIncome": 201322000, "netIncomeRatio": 0.248436796219, "eps": 0.35, "epsdiluted": 0.35, "weightedAverageShsOut": 566782000, "weightedAverageShsOutDil": 577141000, "link": "https://www.sec.gov/Archives/edgar/data/865752/000110465918014057/0001104659-18-014057-index.htm", "finalLink": "https://www.sec.gov/Archives/edgar/data/865752/000110465918014057/a18-1123_110k.htm"}, {"date": "2017-09-30", "symbol": "MNST", "fillingDate": "2017-11-09", "acceptedDate": "2017-11-08 19:28:35", "period": "Q3", "revenue": 909476000, "costOfRevenue": 339767000, "grossProfit": 569709000, "grossProfitRatio": 0.6264145507962827, "researchAndDevelopmentExpenses": 0.0, "generalAndAdministrativeExpenses": 37900000, "sellingAndMarketingExpenses": 0.0, "otherExpenses": 214437000, "operatingExpenses": 252337000, "costAndExpenses": 592104000, "interestExpense": 0.0, "depreciationAndAmortization": 12329000, "ebitda": 329701000, "ebitdaratio": 0.362517537571, "operatingIncome": 317372000, "operatingIncomeRatio": 0.348961379959, "totalOtherIncomeExpensesNet": 3996000.0, "incomeBeforeTax": 321368000, "incomeBeforeTaxRatio": 0.353355118772, "incomeTaxExpense": 102625000, "netIncome": 218743000, "netIncomeRatio": 0.240515417669, "eps": 0.38, "epsdiluted": 0.38, "weightedAverageShsOut": 567550000, "weightedAverageShsOutDil": 577964000, "link": "https://www.sec.gov/Archives/edgar/data/865752/000110465917067073/0001104659-17-067073-index.htm", "finalLink": "https://www.sec.gov/Archives/edgar/data/865752/000110465917067073/a17-20652_110q.htm"}, {"date": "2017-06-30", "symbol": "MNST", "fillingDate": "2017-08-09", "acceptedDate": "2017-08-08 18:12:30", "period": "Q2", "revenue": 907068000, "costOfRevenue": 323571000, "grossProfit": 583497000, "grossProfitRatio": 0.6432781224781383, "researchAndDevelopmentExpenses": 0.0, "generalAndAdministrativeExpenses": 38500000, "sellingAndMarketingExpenses": 0.0, "otherExpenses": 194956000, "operatingExpenses": 233456000, "costAndExpenses": 557027000, "interestExpense": 0.0, "depreciationAndAmortization": 11592000, "ebitda": 361633000, "ebitdaratio": 0.398683450414, "operatingIncome": 350041000, "operatingIncomeRatio": 0.385903813165, "totalOtherIncomeExpensesNet": -2551000.0, "incomeBeforeTax": 347490000, "incomeBeforeTaxRatio": 0.383091455106, "incomeTaxExpense": 124857000, "netIncome": 222633000, "netIncomeRatio": 0.245442458559, "eps": 0.38, "epsdiluted": 0.38, "weightedAverageShsOut": 567384000, "weightedAverageShsOutDil": 577719000, "link": "https://www.sec.gov/Archives/edgar/data/865752/000110465917050342/0001104659-17-050342-index.htm", "finalLink": "https://www.sec.gov/Archives/edgar/data/865752/000110465917050342/a17-13376_110q.htm"}, {"date": "2017-03-31", "symbol": "MNST", "fillingDate": "2017-05-08", "acceptedDate": "2017-05-05 18:38:09", "period": "Q1", "revenue": 742146000, "costOfRevenue": 261272000, "grossProfit": 480874000, "grossProfitRatio": 0.6479506727786716, "researchAndDevelopmentExpenses": 0.0, "generalAndAdministrativeExpenses": 37600000, "sellingAndMarketingExpenses": 0.0, "otherExpenses": 179012000, "operatingExpenses": 216612000, "costAndExpenses": 477884000, "interestExpense": 0.0, "depreciationAndAmortization": 11183000, "ebitda": 275445000, "ebitdaratio": 0.371146647695, "operatingIncome": 264262000, "operatingIncomeRatio": 0.356078184077, "totalOtherIncomeExpensesNet": 658000.0, "incomeBeforeTax": 264920000, "incomeBeforeTaxRatio": 0.356964802074, "incomeTaxExpense": 86940000, "netIncome": 177980000, "netIncomeRatio": 0.239818041194, "eps": 0.31, "epsdiluted": 0.31, "weightedAverageShsOut": 571578000, "weightedAverageShsOutDil": 582032000, "link": "https://www.sec.gov/Archives/edgar/data/865752/000110465917030369/0001104659-17-030369-index.htm", "finalLink": "https://www.sec.gov/Archives/edgar/data/865752/000110465917030369/a17-8936_110q.htm"}, {"date": "2016-12-31", "symbol": "MNST", "fillingDate": "2017-03-01", "acceptedDate": "2017-03-01 16:19:57", "period": "FY", "revenue": 753765000, "costOfRevenue": 255652000, "grossProfit": 498113000, "grossProfitRatio": 0.6608332835830796, "researchAndDevelopmentExpenses": 0.0, "generalAndAdministrativeExpenses": 35300000, "sellingAndMarketingExpenses": 0.0, "otherExpenses": 211085000, "operatingExpenses": 246385000, "costAndExpenses": 502037000, "interestExpense": 0.0, "depreciationAndAmortization": 10971000, "ebitda": 262699000, "ebitdaratio": 0.348515784097, "operatingIncome": 251728000, "operatingIncomeRatio": 0.333960849867, "totalOtherIncomeExpensesNet": -5653000.0, "incomeBeforeTax": 246726000, "incomeBeforeTaxRatio": 0.327324829357, "incomeTaxExpense": 73779000, "netIncome": 172947000, "netIncomeRatio": 0.229444190165, "eps": -1.48, "epsdiluted": -1.48, "weightedAverageShsOut": 587874000, "weightedAverageShsOutDil": 599819000, "link": "https://www.sec.gov/Archives/edgar/data/865752/000110465917013048/0001104659-17-013048-index.htm", "finalLink": "https://www.sec.gov/Archives/edgar/data/865752/000110465917013048/a17-4132_110k.htm"}, {"date": "2016-09-30", "symbol": "MNST", "fillingDate": "2016-11-07", "acceptedDate": "2016-11-07 15:21:49", "period": "Q3", "revenue": 787954000, "costOfRevenue": 284979000, "grossProfit": 502975000, "grossProfitRatio": 0.6383304101508464, "researchAndDevelopmentExpenses": 0.0, "generalAndAdministrativeExpenses": 33200000, "sellingAndMarketingExpenses": 0.0, "otherExpenses": 179402000, "operatingExpenses": 212602000, "costAndExpenses": 497581000, "interestExpense": 0.0, "depreciationAndAmortization": 10545000, "ebitda": 300918000, "ebitdaratio": 0.381897928052, "operatingIncome": 290373000, "operatingIncomeRatio": 0.368515167129, "totalOtherIncomeExpensesNet": -386000.0, "incomeBeforeTax": 289336000, "incomeBeforeTaxRatio": 0.367199100455, "incomeTaxExpense": 97695000, "netIncome": 191641000, "netIncomeRatio": 0.243213436317, "eps": 0.98, "epsdiluted": 0.98, "weightedAverageShsOut": 198073000, "weightedAverageShsOutDil": 202093000, "link": "https://www.sec.gov/Archives/edgar/data/865752/000110465916155163/0001104659-16-155163-index.htm", "finalLink": "https://www.sec.gov/Archives/edgar/data/865752/000110465916155163/a16-20895_110q.htm"}, {"date": "2016-06-30", "symbol": "MNST", "fillingDate": "2016-08-05", "acceptedDate": "2016-08-05 13:44:20", "period": "Q2", "revenue": 827488000, "costOfRevenue": 309674000, "grossProfit": 517814000, "grossProfitRatio": 0.625766174252678, "researchAndDevelopmentExpenses": 0.0, "generalAndAdministrativeExpenses": 31100000, "sellingAndMarketingExpenses": 0.0, "otherExpenses": 198190000, "operatingExpenses": 229290000, "costAndExpenses": 538964000, "interestExpense": 0.0, "depreciationAndAmortization": 10305000, "ebitda": 298829000, "ebitdaratio": 0.36112789551, "operatingIncome": 288524000, "operatingIncomeRatio": 0.348674542712, "totalOtherIncomeExpensesNet": -222000.0, "incomeBeforeTax": 288302000, "incomeBeforeTaxRatio": 0.348406260876, "incomeTaxExpense": 104082000, "netIncome": 184220000, "netIncomeRatio": 0.222625584903, "eps": 0.9, "epsdiluted": 0.9, "weightedAverageShsOut": 201962000, "weightedAverageShsOutDil": 205948000, "link": "https://www.sec.gov/Archives/edgar/data/865752/000110465916137481/0001104659-16-137481-index.htm", "finalLink": "https://www.sec.gov/Archives/edgar/data/865752/000110465916137481/a16-15122_110q.htm"}, {"date": "2016-03-31", "symbol": "MNST", "fillingDate": "2016-05-02", "acceptedDate": "2016-04-29 21:59:25", "period": "Q1", "revenue": 680186000, "costOfRevenue": 257088000, "grossProfit": 423098000, "grossProfitRatio": 0.6220327969114331, "researchAndDevelopmentExpenses": 0.0, "generalAndAdministrativeExpenses": 28400000, "sellingAndMarketingExpenses": 0.0, "otherExpenses": 139985000, "operatingExpenses": 168385000, "costAndExpenses": 425473000, "interestExpense": 0.0, "depreciationAndAmortization": 9024000.0, "ebitda": 263737000, "ebitdaratio": 0.387742470442, "operatingIncome": 254713000, "operatingIncomeRatio": 0.37447551111, "totalOtherIncomeExpensesNet": 608000.0, "incomeBeforeTax": 255321000, "incomeBeforeTaxRatio": 0.375369384257, "incomeTaxExpense": 91444000, "netIncome": 163877000, "netIncomeRatio": 0.24092968688, "eps": 0.79, "epsdiluted": 0.79, "weightedAverageShsOut": 202946000, "weightedAverageShsOutDil": 206908000, "link": "https://www.sec.gov/Archives/edgar/data/865752/000110465916116437/0001104659-16-116437-index.htm", "finalLink": "https://www.sec.gov/Archives/edgar/data/865752/000110465916116437/a16-8977_110q.htm"}, {"date": "2015-12-31", "symbol": "MNST", "fillingDate": "2016-02-29", "acceptedDate": "2016-02-29 15:09:11", "period": "FY", "revenue": 645433000, "costOfRevenue": 242072000, "grossProfit": 403361000, "grossProfitRatio": 0.624946353843079, "researchAndDevelopmentExpenses": 0.0, "generalAndAdministrativeExpenses": 25900000, "sellingAndMarketingExpenses": 0.0, "otherExpenses": 149013000, "operatingExpenses": 174913000, "costAndExpenses": 416985000, "interestExpense": 0.0, "depreciationAndAmortization": 9103000.0, "ebitda": 237551000, "ebitdaratio": 0.368049046144, "operatingIncome": 228448000, "operatingIncomeRatio": 0.353945335922, "totalOtherIncomeExpensesNet": 3144000.0, "incomeBeforeTax": 229487000, "incomeBeforeTaxRatio": 0.355555107966, "incomeTaxExpense": 90745000, "netIncome": 138742000, "netIncomeRatio": 0.214959569777, "eps": 0.67, "epsdiluted": 0.67, "weightedAverageShsOut": 188816000, "weightedAverageShsOutDil": 192586000, "link": "https://www.sec.gov/Archives/edgar/data/865752/000110465916100960/0001104659-16-100960-index.htm", "finalLink": "https://www.sec.gov/Archives/edgar/data/865752/000110465916100960/a15-23471_110k.htm"}, {"date": "2015-09-30", "symbol": "MNST", "fillingDate": "2015-11-06", "acceptedDate": "2015-11-06 16:02:49", "period": "Q3", "revenue": 756619000, "costOfRevenue": 291143000, "grossProfit": 465476000, "grossProfitRatio": 0.615205275045961, "researchAndDevelopmentExpenses": 0.0, "generalAndAdministrativeExpenses": 27000000, "sellingAndMarketingExpenses": 0.0, "otherExpenses": 147038000, "operatingExpenses": 174038000, "costAndExpenses": 465181000, "interestExpense": 0.0, "depreciationAndAmortization": 8508000.0, "ebitda": 299946000, "ebitdaratio": 0.396429378591, "operatingIncome": 291438000, "operatingIncomeRatio": 0.385184617357, "totalOtherIncomeExpensesNet": -3362000.0, "incomeBeforeTax": 288076000, "incomeBeforeTaxRatio": 0.380741165633, "incomeTaxExpense": 113502000, "netIncome": 174574000, "netIncomeRatio": 0.23072907236, "eps": 0.86, "epsdiluted": 0.86, "weightedAverageShsOut": 184098000, "weightedAverageShsOutDil": 188131000, "link": "https://www.sec.gov/Archives/edgar/data/865752/000110465915076694/0001104659-15-076694-index.htm", "finalLink": "https://www.sec.gov/Archives/edgar/data/865752/000110465915076694/a15-17885_110q.htm"}, {"date": "2015-06-30", "symbol": "MNST", "fillingDate": "2015-08-10", "acceptedDate": "2015-08-10 16:04:56", "period": "Q2", "revenue": 693721000, "costOfRevenue": 299214000, "grossProfit": 394507000, "grossProfitRatio": 0.5686825106923389, "researchAndDevelopmentExpenses": 0.0, "generalAndAdministrativeExpenses": 28400000, "sellingAndMarketingExpenses": 0.0, "otherExpenses": 161439000, "operatingExpenses": 189839000, "costAndExpenses": 489053000, "interestExpense": 0.0, "depreciationAndAmortization": 6779000.0, "ebitda": 372917000, "ebitdaratio": 0.537560489015, "operatingIncome": 366138000, "operatingIncomeRatio": 0.527788548999, "totalOtherIncomeExpensesNet": -1015000.0, "incomeBeforeTax": 365123000, "incomeBeforeTaxRatio": 0.526325424775, "incomeTaxExpense": 136120000, "netIncome": 229003000, "netIncomeRatio": 0.330108213533, "eps": 1.28, "epsdiluted": 1.28, "weightedAverageShsOut": 173447000, "weightedAverageShsOutDil": 177998000, "link": "https://www.sec.gov/Archives/edgar/data/865752/000110465915058216/0001104659-15-058216-index.htm", "finalLink": "https://www.sec.gov/Archives/edgar/data/865752/000110465915058216/a15-11963_110q.htm"}, {"date": "2015-03-31", "symbol": "MNST", "fillingDate": "2015-05-11", "acceptedDate": "2015-05-11 15:55:39", "period": "Q1", "revenue": 626791000, "costOfRevenue": 257834000, "grossProfit": 368957000, "grossProfitRatio": 0.5886443806627728, "researchAndDevelopmentExpenses": 0.0, "generalAndAdministrativeExpenses": 28500000, "sellingAndMarketingExpenses": 0.0, "otherExpenses": 332828000, "operatingExpenses": 361328000, "costAndExpenses": 619162000, "interestExpense": 0.0, "depreciationAndAmortization": 6470000.0, "ebitda": 14099000, "ebitdaratio": 0.0224939413616, "operatingIncome": 7629000.0, "operatingIncomeRatio": 0.0121715212886, "totalOtherIncomeExpensesNet": 1233000.0, "incomeBeforeTax": 8862000.0, "incomeBeforeTaxRatio": 0.0141386841866, "incomeTaxExpense": 4448000.0, "netIncome": 4414000.0, "netIncomeRatio": 0.0070422198149, "eps": 0.03, "epsdiluted": 0.03, "weightedAverageShsOut": 169871000, "weightedAverageShsOutDil": 173778000, "link": "https://www.sec.gov/Archives/edgar/data/865752/000110465915036794/0001104659-15-036794-index.htm", "finalLink": "https://www.sec.gov/Archives/edgar/data/865752/000110465915036794/a15-7180_110q.htm"}, {"date": "2014-12-31", "symbol": "MNST", "fillingDate": "2015-03-02", "acceptedDate": "2015-03-02 14:30:36", "period": "FY", "revenue": 605566000, "costOfRevenue": 273783000, "grossProfit": 331783000, "grossProfitRatio": 0.5478890822800487, "researchAndDevelopmentExpenses": 0.0, "generalAndAdministrativeExpenses": 21600000, "sellingAndMarketingExpenses": 0.0, "otherExpenses": 117262000, "operatingExpenses": 138862000, "costAndExpenses": 412645000, "interestExpense": 0.0, "depreciationAndAmortization": 6527000.0, "ebitda": 199448000, "ebitdaratio": 0.329357989055, "operatingIncome": 192921000, "operatingIncomeRatio": 0.318579642847, "totalOtherIncomeExpensesNet": -1008000.0, "incomeBeforeTax": 191911000, "incomeBeforeTaxRatio": 0.316911781705, "incomeTaxExpense": 66580000, "netIncome": 125331000, "netIncomeRatio": 0.206965054181, "eps": 0.71, "epsdiluted": 0.71, "weightedAverageShsOut": 167257000, "weightedAverageShsOutDil": 174285000, "link": "https://www.sec.gov/Archives/edgar/data/865752/000110465915015731/0001104659-15-015731-index.htm", "finalLink": "https://www.sec.gov/Archives/edgar/data/865752/000110465915015731/a14-25746_110k.htm"}, {"date": "2014-09-30", "symbol": "MNST", "fillingDate": "2014-11-07", "acceptedDate": "2014-11-07 16:44:57", "period": "Q3", "revenue": 635972000, "costOfRevenue": 294052000, "grossProfit": 341920000, "grossProfitRatio": 0.53763373230268, "researchAndDevelopmentExpenses": 0.0, "generalAndAdministrativeExpenses": 22000000, "sellingAndMarketingExpenses": 0.0, "otherExpenses": 130013000, "operatingExpenses": 152013000, "costAndExpenses": 446065000, "interestExpense": 0.0, "depreciationAndAmortization": 6129000.0, "ebitda": 196036000, "ebitdaratio": 0.308246274993, "operatingIncome": 189907000, "operatingIncomeRatio": 0.29860905826, "totalOtherIncomeExpensesNet": -1013000.0, "incomeBeforeTax": 188868000, "incomeBeforeTaxRatio": 0.296975338537, "incomeTaxExpense": 67268000, "netIncome": 121600000, "netIncomeRatio": 0.191203386313, "eps": 0.7, "epsdiluted": 0.7, "weightedAverageShsOut": 167116000, "weightedAverageShsOutDil": 174016000, "link": "https://www.sec.gov/Archives/edgar/data/865752/000110465914078442/0001104659-14-078442-index.htm", "finalLink": "https://www.sec.gov/Archives/edgar/data/865752/000110465914078442/a14-19746_110q.htm"}, {"date": "2014-06-30", "symbol": "MNST", "fillingDate": "2014-08-08", "acceptedDate": "2014-08-08 15:54:15", "period": "Q2", "revenue": 1223329000, "costOfRevenue": 557222000, "grossProfit": 666107000, "grossProfitRatio": 0.5445035636366015, "researchAndDevelopmentExpenses": 0.0, "generalAndAdministrativeExpenses": 42600000, "sellingAndMarketingExpenses": 0.0, "otherExpenses": 258830000, "operatingExpenses": 301430000, "costAndExpenses": 858652000, "interestExpense": 0.0, "depreciationAndAmortization": 12995000, "ebitda": 377672000, "ebitdaratio": 0.308724799298, "operatingIncome": 364677000, "operatingIncomeRatio": 0.298102145866, "totalOtherIncomeExpensesNet": 332000.0, "incomeBeforeTax": 365009000, "incomeBeforeTaxRatio": 0.298373536473, "incomeTaxExpense": 128755000, "netIncome": 236254000, "netIncomeRatio": 0.193123844853, "eps": 1.36, "epsdiluted": 1.36, "weightedAverageShsOut": 167006000, "weightedAverageShsOutDil": 173869000, "link": "https://www.sec.gov/Archives/edgar/data/865752/000110465914058875/0001104659-14-058875-index.htm", "finalLink": "https://www.sec.gov/Archives/edgar/data/865752/000110465914058875/a14-14019_110q.htm"}, {"date": "2014-03-31", "symbol": "MNST", "fillingDate": "2014-05-12", "acceptedDate": "2014-05-09 20:47:28", "period": "FY", "revenue": 536129000, "costOfRevenue": 249311000, "grossProfit": 286818000, "grossProfitRatio": 0.5349794545715677, "researchAndDevelopmentExpenses": 0.0, "generalAndAdministrativeExpenses": -82500000, "sellingAndMarketingExpenses": 0.0, "otherExpenses": 137955000, "operatingExpenses": 137955000, "costAndExpenses": 387266000, "interestExpense": 0.0, "depreciationAndAmortization": -22762000, "ebitda": 126101000, "ebitdaratio": 0.265166744717, "operatingIncome": 148863000, "operatingIncomeRatio": 0.255034214317, "totalOtherIncomeExpensesNet": 9022000.0, "incomeBeforeTax": 149017000, "incomeBeforeTaxRatio": 0.251018060672, "incomeTaxExpense": 53767000, "netIncome": 95250000, "netIncomeRatio": 0.150755332466, "eps": -1.95, "epsdiluted": -1.95, "weightedAverageShsOut": 167006000, "weightedAverageShsOutDil": 173869000, "link": "https://www.sec.gov/Archives/edgar/data/865752/000110465914037192/0001104659-14-037192-index.htm", "finalLink": "https://www.sec.gov/Archives/edgar/data/865752/000110465914037192/a14-9556_110q.htm"}, {"date": "2013-12-31", "symbol": "MNST", "fillingDate": "2014-03-03", "acceptedDate": "2014-03-03 15:11:28", "period": "FY", "revenue": 540849000, "costOfRevenue": 263688000, "grossProfit": 277161000, "grossProfitRatio": 0.5124554173161086, "researchAndDevelopmentExpenses": 0.0, "generalAndAdministrativeExpenses": 21900000, "sellingAndMarketingExpenses": 0.0, "otherExpenses": 120505000, "operatingExpenses": 142405000, "costAndExpenses": 406093000, "interestExpense": 0.0, "depreciationAndAmortization": 6318000.0, "ebitda": 141074000, "ebitdaratio": 0.260838052765, "operatingIncome": 134756000, "operatingIncomeRatio": 0.24915641889, "totalOtherIncomeExpensesNet": -3047000.0, "incomeBeforeTax": 131743000, "incomeBeforeTaxRatio": 0.243585547907, "incomeTaxExpense": 55637000, "netIncome": 76106000, "netIncomeRatio": 0.140715800528, "eps": 0.44, "epsdiluted": 0.44, "weightedAverageShsOut": 166679000, "weightedAverageShsOutDil": 173387000, "link": "https://www.sec.gov/Archives/edgar/data/865752/000110465914015320/0001104659-14-015320-index.htm", "finalLink": "https://www.sec.gov/Archives/edgar/data/865752/000110465914015320/a14-2841_110k.htm"}, {"date": "2013-09-30", "symbol": "MNST", "fillingDate": "2013-11-12", "acceptedDate": "2013-11-08 19:28:22", "period": "Q3", "revenue": 590421000, "costOfRevenue": 282952000, "grossProfit": 307469000, "grossProfitRatio": 0.5207623035088521, "researchAndDevelopmentExpenses": 0.0, "generalAndAdministrativeExpenses": 19800000, "sellingAndMarketingExpenses": 0.0, "otherExpenses": 136241000, "operatingExpenses": 156041000, "costAndExpenses": 438993000, "interestExpense": 0.0, "depreciationAndAmortization": 6107000.0, "ebitda": 157535000, "ebitdaratio": 0.266818084045, "operatingIncome": 151428000, "operatingIncomeRatio": 0.256474617265, "totalOtherIncomeExpensesNet": -750000.0, "incomeBeforeTax": 150722000, "incomeBeforeTaxRatio": 0.255278860339, "incomeTaxExpense": 58536000, "netIncome": 92186000, "netIncomeRatio": 0.156136045296, "eps": 0.53, "epsdiluted": 0.53, "weightedAverageShsOut": 166483000, "weightedAverageShsOutDil": 173344000, "link": "https://www.sec.gov/Archives/edgar/data/865752/000110465913082945/0001104659-13-082945-index.htm", "finalLink": "https://www.sec.gov/Archives/edgar/data/865752/000110465913082945/a13-18878_110q.htm"}, {"date": "2013-06-30", "symbol": "MNST", "fillingDate": "2013-08-09", "acceptedDate": "2013-08-09 14:50:59", "period": "Q2", "revenue": 630935000, "costOfRevenue": 294673000, "grossProfit": 336262000, "grossProfitRatio": 0.5329582286606386, "researchAndDevelopmentExpenses": 0.0, "generalAndAdministrativeExpenses": 21400000, "sellingAndMarketingExpenses": 0.0, "otherExpenses": 135436000, "operatingExpenses": 156836000, "costAndExpenses": 451509000, "interestExpense": 0.0, "depreciationAndAmortization": 5277000.0, "ebitda": 184703000, "ebitdaratio": 0.292744894482, "operatingIncome": 179426000, "operatingIncomeRatio": 0.284381116914, "totalOtherIncomeExpensesNet": -3467000.0, "incomeBeforeTax": 176025000, "incomeBeforeTaxRatio": 0.278990704272, "incomeTaxExpense": 69152000, "netIncome": 106873000, "netIncomeRatio": 0.169388288809, "eps": 0.61, "epsdiluted": 0.61, "weightedAverageShsOut": 165988000, "weightedAverageShsOutDil": 172992000, "link": "https://www.sec.gov/Archives/edgar/data/865752/000110465913062263/0001104659-13-062263-index.htm", "finalLink": "https://www.sec.gov/Archives/edgar/data/865752/000110465913062263/a13-13793_110q.htm"}, {"date": "2013-03-31", "symbol": "MNST", "fillingDate": "2013-05-10", "acceptedDate": "2013-05-10 13:48:19", "period": "Q1", "revenue": 484223000, "costOfRevenue": 232184000, "grossProfit": 252039000, "grossProfitRatio": 0.5205019175049512, "researchAndDevelopmentExpenses": 0.0, "generalAndAdministrativeExpenses": 19400000, "sellingAndMarketingExpenses": 0.0, "otherExpenses": 125333000, "operatingExpenses": 144733000, "costAndExpenses": 376917000, "interestExpense": 0.0, "depreciationAndAmortization": 5060000.0, "ebitda": 112366000, "ebitdaratio": 0.232054239472, "operatingIncome": 107306000, "operatingIncomeRatio": 0.221604508666, "totalOtherIncomeExpensesNet": -4473000.0, "incomeBeforeTax": 105404000, "incomeBeforeTaxRatio": 0.217676566375, "incomeTaxExpense": 41908000, "netIncome": 63496000, "netIncomeRatio": 0.131129665464, "eps": 0.37, "epsdiluted": 0.37, "weightedAverageShsOut": 165525000, "weightedAverageShsOutDil": 172559000, "link": "https://www.sec.gov/Archives/edgar/data/865752/000110465913040148/0001104659-13-040148-index.htm", "finalLink": "https://www.sec.gov/Archives/edgar/data/865752/000110465913040148/a13-8475_110q.htm"}, {"date": "2012-12-31", "symbol": "MNST", "fillingDate": "2013-03-01", "acceptedDate": "2013-03-01 14:49:50", "period": "FY", "revenue": 471517000, "costOfRevenue": 227629000, "grossProfit": 243888000, "grossProfitRatio": 0.5172411599157613, "researchAndDevelopmentExpenses": 0.0, "generalAndAdministrativeExpenses": 17600000, "sellingAndMarketingExpenses": 0.0, "otherExpenses": 112407000, "operatingExpenses": 130007000, "costAndExpenses": 357636000, "interestExpense": 0.0, "depreciationAndAmortization": 5298000.0, "ebitda": 119179000, "ebitdaratio": 0.252756528397, "operatingIncome": 113881000, "operatingIncomeRatio": 0.241520454194, "totalOtherIncomeExpensesNet": 239000.0, "incomeBeforeTax": 111572000, "incomeBeforeTaxRatio": 0.236623493957, "incomeTaxExpense": 43589000, "netIncome": 67983000, "netIncomeRatio": 0.144179319091, "eps": 0.39, "epsdiluted": 0.39, "weightedAverageShsOut": 173712000, "weightedAverageShsOutDil": 183083000, "link": "https://www.sec.gov/Archives/edgar/data/865752/000110465913016713/0001104659-13-016713-index.htm", "finalLink": "https://www.sec.gov/Archives/edgar/data/865752/000110465913016713/a12-27759_110k.htm"}, {"date": "2012-09-30", "symbol": "MNST", "fillingDate": "2012-11-09", "acceptedDate": "2012-11-09 14:02:35", "period": "Q3", "revenue": 541940000, "costOfRevenue": 268349000, "grossProfit": 273591000, "grossProfitRatio": 0.5048363287448795, "researchAndDevelopmentExpenses": 0.0, "generalAndAdministrativeExpenses": 19900000, "sellingAndMarketingExpenses": 0.0, "otherExpenses": 113008000, "operatingExpenses": 132908000, "costAndExpenses": 401257000, "interestExpense": 0.0, "depreciationAndAmortization": 5171000.0, "ebitda": 145854000, "ebitdaratio": 0.269133114367, "operatingIncome": 140683000, "operatingIncomeRatio": 0.25959146769, "totalOtherIncomeExpensesNet": 554000.0, "incomeBeforeTax": 141237000, "incomeBeforeTaxRatio": 0.260613721076, "incomeTaxExpense": 55095000, "netIncome": 86142000, "netIncomeRatio": 0.158951175407, "eps": 0.47, "epsdiluted": 0.47, "weightedAverageShsOut": 175347000, "weightedAverageShsOutDil": 185365000, "link": "https://www.sec.gov/Archives/edgar/data/865752/000110465912076535/0001104659-12-076535-index.htm", "finalLink": "https://www.sec.gov/Archives/edgar/data/865752/000110465912076535/a12-19968_110q.htm"}, {"date": "2012-06-30", "symbol": "MNST", "fillingDate": "2012-08-09", "acceptedDate": "2012-08-09 16:22:35", "period": "Q2", "revenue": 592640000, "costOfRevenue": 285632000, "grossProfit": 307008000, "grossProfitRatio": 0.5180345572354211, "researchAndDevelopmentExpenses": 0.0, "generalAndAdministrativeExpenses": 17800000, "sellingAndMarketingExpenses": 0.0, "otherExpenses": 119434000, "operatingExpenses": 137234000, "costAndExpenses": 422866000, "interestExpense": 0.0, "depreciationAndAmortization": 5125000.0, "ebitda": 174899000, "ebitdaratio": 0.295118453024, "operatingIncome": 169774000, "operatingIncomeRatio": 0.286470707343, "totalOtherIncomeExpensesNet": -27000.0, "incomeBeforeTax": 169714000, "incomeBeforeTaxRatio": 0.286369465443, "incomeTaxExpense": 59918000, "netIncome": 109796000, "netIncomeRatio": 0.185265928726, "eps": 0.59, "epsdiluted": 0.59, "weightedAverageShsOut": 175509000, "weightedAverageShsOutDil": 185833000, "link": "https://www.sec.gov/Archives/edgar/data/865752/000110465912056565/0001104659-12-056565-index.htm", "finalLink": "https://www.sec.gov/Archives/edgar/data/865752/000110465912056565/a12-13809_110q.htm"}, {"date": "2012-03-31", "symbol": "MNST", "fillingDate": "2012-05-10", "acceptedDate": "2012-05-10 15:06:46", "period": "Q1", "revenue": 454605000, "costOfRevenue": 213436000, "grossProfit": 241169000, "grossProfitRatio": 0.53050230419815, "researchAndDevelopmentExpenses": 0.0, "generalAndAdministrativeExpenses": 17700000, "sellingAndMarketingExpenses": 0.0, "otherExpenses": 97184000, "operatingExpenses": 114884000, "costAndExpenses": 328320000, "interestExpense": 0.0, "depreciationAndAmortization": 4968000.0, "ebitda": 131253000, "ebitdaratio": 0.28871877784, "operatingIncome": 126285000, "operatingIncomeRatio": 0.27779060943, "totalOtherIncomeExpensesNet": 346000.0, "incomeBeforeTax": 126631000, "incomeBeforeTaxRatio": 0.278551709726, "incomeTaxExpense": 50532000, "netIncome": 76099000, "netIncomeRatio": 0.167395871141, "eps": 0.41, "epsdiluted": 0.41, "weightedAverageShsOut": 174832000, "weightedAverageShsOutDil": 185262000, "link": "https://www.sec.gov/Archives/edgar/data/865752/000110465912035867/0001104659-12-035867-index.htm", "finalLink": "https://www.sec.gov/Archives/edgar/data/865752/000110465912035867/a12-8615_110q.htm"}, {"date": "2011-12-31", "symbol": "MNST", "fillingDate": "2012-02-29", "acceptedDate": "2012-02-29 16:12:19", "period": "FY", "revenue": 409957000, "costOfRevenue": 195713000, "grossProfit": 214244000, "grossProfitRatio": 0.5226011508524064, "researchAndDevelopmentExpenses": 0.0, "generalAndAdministrativeExpenses": 16700000, "sellingAndMarketingExpenses": 0.0, "otherExpenses": 94147000, "operatingExpenses": 110847000, "costAndExpenses": 306560000, "interestExpense": 0.0, "depreciationAndAmortization": 4893000.0, "ebitda": 108290000, "ebitdaratio": 0.26414965472, "operatingIncome": 103397000, "operatingIncomeRatio": 0.252214256617, "totalOtherIncomeExpensesNet": 1133000.0, "incomeBeforeTax": 104530000, "incomeBeforeTaxRatio": 0.254977961103, "incomeTaxExpense": 39994000, "netIncome": 64536000, "netIncomeRatio": 0.157421388097, "eps": -0.84, "epsdiluted": -0.84, "weightedAverageShsOut": 176212000, "weightedAverageShsOutDil": 186674000, "link": "https://www.sec.gov/Archives/edgar/data/865752/000110465912014573/0001104659-12-014573-index.htm", "finalLink": "https://www.sec.gov/Archives/edgar/data/865752/000110465912014573/a12-1309_110k.htm"}, {"date": "2011-09-30", "symbol": "MNST", "fillingDate": "2011-11-09", "acceptedDate": "2011-11-09 12:25:53", "period": "Q3", "revenue": 474709000, "costOfRevenue": 224402000, "grossProfit": 250307000, "grossProfitRatio": 0.5272851367890644, "researchAndDevelopmentExpenses": 0.0, "generalAndAdministrativeExpenses": 14100000, "sellingAndMarketingExpenses": 0.0, "otherExpenses": 104117000, "operatingExpenses": 118217000, "costAndExpenses": 342619000, "interestExpense": 0.0, "depreciationAndAmortization": 4496000.0, "ebitda": 136586000, "ebitdaratio": 0.287725743561, "operatingIncome": 132090000, "operatingIncomeRatio": 0.278254678129, "totalOtherIncomeExpensesNet": -63000.0, "incomeBeforeTax": 131228000, "incomeBeforeTaxRatio": 0.27643882884, "incomeTaxExpense": 48836000, "netIncome": 82392000, "netIncomeRatio": 0.173563172386, "eps": 0.8, "epsdiluted": 0.88, "weightedAverageShsOut": 88458000, "weightedAverageShsOutDil": 93582000, "link": "https://www.sec.gov/Archives/edgar/data/865752/000110465911062539/0001104659-11-062539-index.htm", "finalLink": "https://www.sec.gov/Archives/edgar/data/865752/000110465911062539/a11-25577_110q.htm"}, {"date": "2011-06-30", "symbol": "MNST", "fillingDate": "2011-08-09", "acceptedDate": "2011-08-09 12:47:59", "period": "Q2", "revenue": 462145000, "costOfRevenue": 217924000, "grossProfit": 244221000, "grossProfitRatio": 0.5284510272749895, "researchAndDevelopmentExpenses": 0.0, "generalAndAdministrativeExpenses": 25000000, "sellingAndMarketingExpenses": 0.0, "otherExpenses": 86740000, "operatingExpenses": 111740000, "costAndExpenses": 329664000, "interestExpense": 0.0, "depreciationAndAmortization": 4102000.0, "ebitda": 136583000, "ebitdaratio": 0.295541442621, "operatingIncome": 132481000, "operatingIncomeRatio": 0.2866654405, "totalOtherIncomeExpensesNet": 275000.0, "incomeBeforeTax": 132756000, "incomeBeforeTaxRatio": 0.287260491837, "incomeTaxExpense": 48508000, "netIncome": 84248000, "netIncomeRatio": 0.182297763689, "eps": 0.95, "epsdiluted": 0.9, "weightedAverageShsOut": 88701000, "weightedAverageShsOutDil": 93642000, "link": "https://www.sec.gov/Archives/edgar/data/865752/000110465911045251/0001104659-11-045251-index.htm", "finalLink": "https://www.sec.gov/Archives/edgar/data/865752/000110465911045251/a11-12791_110q.htm"}, {"date": "2011-03-31", "symbol": "MNST", "fillingDate": "2011-05-10", "acceptedDate": "2011-05-10 14:36:45", "period": "Q1", "revenue": 356419000, "costOfRevenue": 170882000, "grossProfit": 185537000, "grossProfitRatio": 0.5205586683089285, "researchAndDevelopmentExpenses": 0.0, "generalAndAdministrativeExpenses": 0.0, "sellingAndMarketingExpenses": 0.0, "otherExpenses": 97082000, "operatingExpenses": 97082000, "costAndExpenses": 267964000, "interestExpense": 0.0, "depreciationAndAmortization": 3593000.0, "ebitda": 92048000, "ebitdaratio": 0.258257836984, "operatingIncome": 88455000, "operatingIncomeRatio": 0.248177005154, "totalOtherIncomeExpensesNet": 301000.0, "incomeBeforeTax": 88756000, "incomeBeforeTaxRatio": 0.24902151681, "incomeTaxExpense": 33713000, "netIncome": 55043000, "netIncomeRatio": 0.154433405627, "eps": 0.62, "epsdiluted": 0.59, "weightedAverageShsOut": 88929000, "weightedAverageShsOutDil": 93624000, "link": "https://www.sec.gov/Archives/edgar/data/865752/000110465911027747/0001104659-11-027747-index.htm", "finalLink": "https://www.sec.gov/Archives/edgar/data/865752/000110465911027747/a11-8410_110q.htm"}, {"date": "2010-12-31", "symbol": "MNST", "fillingDate": "2011-03-01", "acceptedDate": "2011-03-01 15:05:38", "period": "FY", "revenue": 318665000, "costOfRevenue": 154255000, "grossProfit": 164410000, "grossProfitRatio": 0.5159336607409034, "researchAndDevelopmentExpenses": 0.0, "generalAndAdministrativeExpenses": 0.0, "sellingAndMarketingExpenses": 0.0, "otherExpenses": 84613000, "operatingExpenses": 84613000, "costAndExpenses": 238868000, "interestExpense": 0.0, "depreciationAndAmortization": 3290000.0, "ebitda": 83087000, "ebitdaratio": 0.260734627273, "operatingIncome": 79797000, "operatingIncomeRatio": 0.250410305493, "totalOtherIncomeExpensesNet": 369000.0, "incomeBeforeTax": 80166000, "incomeBeforeTaxRatio": 0.25156826134, "incomeTaxExpense": 31034000, "netIncome": 49132000, "netIncomeRatio": 0.154180722703, "eps": 0.56, "epsdiluted": 0.53, "weightedAverageShsOut": 88514000, "weightedAverageShsOutDil": 93021000, "link": "https://www.sec.gov/Archives/edgar/data/865752/000110465911011438/0001104659-11-011438-index.htm", "finalLink": "https://www.sec.gov/Archives/edgar/data/865752/000110465911011438/a11-2375_110k.htm"}, {"date": "2010-09-30", "symbol": "MNST", "fillingDate": "2010-11-09", "acceptedDate": "2010-11-09 14:39:43", "period": "Q3", "revenue": 381465000, "costOfRevenue": 183540000, "grossProfit": 197925000, "grossProfitRatio": 0.5188549408202587, "researchAndDevelopmentExpenses": 0.0, "generalAndAdministrativeExpenses": 0.0, "sellingAndMarketingExpenses": 0.0, "otherExpenses": 90370000, "operatingExpenses": 90370000, "costAndExpenses": 273910000, "interestExpense": 0.0, "depreciationAndAmortization": 3012000.0, "ebitda": 110567000, "ebitdaratio": 0.289848347817, "operatingIncome": 107555000, "operatingIncomeRatio": 0.281952472704, "totalOtherIncomeExpensesNet": 540000.0, "incomeBeforeTax": 107368000, "incomeBeforeTaxRatio": 0.28146225735, "incomeTaxExpense": 40872000, "netIncome": 66496000, "netIncomeRatio": 0.174317434103, "eps": 0.75, "epsdiluted": 0.71, "weightedAverageShsOut": 88434000, "weightedAverageShsOutDil": 92915000, "link": "https://www.sec.gov/Archives/edgar/data/865752/000110465910057238/0001104659-10-057238-index.htm", "finalLink": "https://www.sec.gov/Archives/edgar/data/865752/000110465910057238/a10-17255_110q.htm"}, {"date": "2010-06-30", "symbol": "MNST", "fillingDate": "2010-08-09", "acceptedDate": "2010-08-09 16:38:57", "period": "Q2", "revenue": 568942000, "costOfRevenue": 285907000, "grossProfit": 283035000, "grossProfitRatio": 0.4974760168874859, "researchAndDevelopmentExpenses": 0.0, "generalAndAdministrativeExpenses": -2264000.0, "sellingAndMarketingExpenses": 0.0, "otherExpenses": 137238000, "operatingExpenses": 134974000, "costAndExpenses": 420881000, "interestExpense": 0.0, "depreciationAndAmortization": -7147000.0, "ebitda": 143690000, "ebitdaratio": 0.252556499608, "operatingIncome": 150837000, "operatingIncomeRatio": 0.265118412773, "totalOtherIncomeExpensesNet": 10912000, "incomeBeforeTax": 152143000, "incomeBeforeTaxRatio": 0.267413901593, "incomeTaxExpense": 65367000, "netIncome": 86776000, "netIncomeRatio": 0.15252169817, "eps": 1.05, "epsdiluted": 1.0, "weightedAverageShsOut": 88467000, "weightedAverageShsOutDil": 92983000, "link": "https://www.sec.gov/Archives/edgar/data/865752/000110465910043206/0001104659-10-043206-index.htm", "finalLink": "https://www.sec.gov/Archives/edgar/data/865752/000110465910043206/a10-12411_110q.htm"}, {"date": "2010-03-31", "symbol": "MNST", "fillingDate": "2010-05-10", "acceptedDate": "2010-05-10 15:44:52", "period": "Q1", "revenue": 238110000, "costOfRevenue": 113556000, "grossProfit": 124554000, "grossProfitRatio": 0.5230943681491748, "researchAndDevelopmentExpenses": 0.0, "generalAndAdministrativeExpenses": 0.0, "sellingAndMarketingExpenses": 0.0, "otherExpenses": 73769000, "operatingExpenses": 73769000, "costAndExpenses": 187325000, "interestExpense": 0.0, "depreciationAndAmortization": 14000.0, "ebitda": 50799000, "ebitdaratio": 0.21334257276048885, "operatingIncome": 50785000, "operatingIncomeRatio": 0.21328377640586282, "totalOtherIncomeExpensesNet": 410000.0, "incomeBeforeTax": 51771000, "incomeBeforeTaxRatio": 0.2174247196673806, "incomeTaxExpense": 19208000, "netIncome": 32563000, "netIncomeRatio": 0.13675612112049054, "eps": 0.37, "epsdiluted": 0.35, "weightedAverageShsOut": 88347000, "weightedAverageShsOutDil": 93031000, "link": "https://www.sec.gov/Archives/edgar/data/865752/000110465910027236/0001104659-10-027236-index.htm", "finalLink": "https://www.sec.gov/Archives/edgar/data/865752/000110465910027236/a10-6054_110q.htm"}, {"date": "2009-12-31", "symbol": "MNST", "fillingDate": "2010-03-01", "acceptedDate": "2010-03-01 16:57:28", "period": "FY", "revenue": 198851000, "costOfRevenue": 395345000, "grossProfit": -196494000, "grossProfitRatio": -0.988146903963269, "researchAndDevelopmentExpenses": 0.0, "generalAndAdministrativeExpenses": 0.0, "sellingAndMarketingExpenses": 0.0, "otherExpenses": -205565000, "operatingExpenses": -205565000, "costAndExpenses": -600910000, "interestExpense": 0.0, "depreciationAndAmortization": 12000.0, "ebitda": -251463000, "ebitdaratio": -1.2645800121699162, "operatingIncome": -251475000, "operatingIncomeRatio": -1.2646403588616602, "totalOtherIncomeExpensesNet": -5281000.0, "incomeBeforeTax": -249194000, "incomeBeforeTaxRatio": -1.2531694585393083, "incomeTaxExpense": -93835000, "netIncome": -155359000, "netIncomeRatio": -0.7812834735555768, "eps": 0.0, "epsdiluted": 0.0, "weightedAverageShsOut": 90380000, "weightedAverageShsOutDil": 95060000, "link": "https://www.sec.gov/Archives/edgar/data/865752/000110465910010880/0001104659-10-010880-index.htm", "finalLink": "https://www.sec.gov/Archives/edgar/data/865752/000110465910010880/a10-1407_110k.htm"}, {"date": "2009-09-30", "symbol": "MNST", "fillingDate": "2009-11-09", "acceptedDate": "2009-11-09 15:06:38", "period": "Q3", "revenue": 307929000, "costOfRevenue": 142897000, "grossProfit": 165032000, "grossProfitRatio": 0.5359417268266387, "researchAndDevelopmentExpenses": 0.0, "generalAndAdministrativeExpenses": 0.0, "sellingAndMarketingExpenses": 0.0, "otherExpenses": 72117000, "operatingExpenses": 72117000, "costAndExpenses": 215014000, "interestExpense": 0.0, "depreciationAndAmortization": 12000.0, "ebitda": 92927000, "ebitdaratio": 0.30178060526939654, "operatingIncome": 92915000, "operatingIncomeRatio": 0.3017416352470862, "totalOtherIncomeExpensesNet": 181000.0, "incomeBeforeTax": 92755000, "incomeBeforeTaxRatio": 0.301222034949615, "incomeTaxExpense": 36251000, "netIncome": 56504000, "netIncomeRatio": 0.1834968450519438, "eps": 1.72, "epsdiluted": 1.63, "weightedAverageShsOut": 90380000, "weightedAverageShsOutDil": 95060000, "link": "https://www.sec.gov/Archives/edgar/data/865752/000110465909063639/0001104659-09-063639-index.htm", "finalLink": "https://www.sec.gov/Archives/edgar/data/865752/000110465909063639/a09-31120_110q.htm"}, {"date": "2009-06-30", "symbol": "MNST", "fillingDate": "2009-08-10", "acceptedDate": "2009-08-10 15:58:16", "period": "Q2", "revenue": 300250000, "costOfRevenue": 138421000, "grossProfit": 161829000, "grossProfitRatio": 0.5389808492922564, "researchAndDevelopmentExpenses": 0.0, "generalAndAdministrativeExpenses": 0.0, "sellingAndMarketingExpenses": 0.0, "otherExpenses": 69046000, "operatingExpenses": 69046000, "costAndExpenses": 207467000, "interestExpense": 0.0, "depreciationAndAmortization": 12000.0, "ebitda": 92795000, "ebitdaratio": 0.30905911740216485, "operatingIncome": 92783000, "operatingIncomeRatio": 0.30901915070774355, "totalOtherIncomeExpensesNet": 402000.0, "incomeBeforeTax": 93185000, "incomeBeforeTaxRatio": 0.3103580349708576, "incomeTaxExpense": 35895000, "netIncome": 57290000, "netIncomeRatio": 0.19080766028309742, "eps": 1.09, "epsdiluted": 1.04, "weightedAverageShsOut": 90519000, "weightedAverageShsOutDil": 95285000, "link": "https://www.sec.gov/Archives/edgar/data/865752/000110465909048610/0001104659-09-048610-index.htm", "finalLink": "https://www.sec.gov/Archives/edgar/data/865752/000110465909048610/a09-18791_110q.htm"}, {"date": "2009-03-31", "symbol": "MNST", "fillingDate": "2009-05-11", "acceptedDate": "2009-05-11 16:39:22", "period": "Q1", "revenue": 244206000, "costOfRevenue": 114027000, "grossProfit": 130179000, "grossProfitRatio": 0.5330704405297167, "researchAndDevelopmentExpenses": 0.0, "generalAndAdministrativeExpenses": 0.0, "sellingAndMarketingExpenses": 0.0, "otherExpenses": 64402000, "operatingExpenses": 64402000, "costAndExpenses": 178429000, "interestExpense": 0.0, "depreciationAndAmortization": 32000.0, "ebitda": 65809000, "ebitdaratio": 0.2694815033209667, "operatingIncome": 65777000, "operatingIncomeRatio": 0.2693504664095067, "totalOtherIncomeExpensesNet": 1016000.0, "incomeBeforeTax": 63254000, "incomeBeforeTaxRatio": 0.2590190249215826, "incomeTaxExpense": 21689000, "netIncome": 41565000, "netIncomeRatio": 0.17020466327608658, "eps": 0.46, "epsdiluted": 0.44, "weightedAverageShsOut": 90433000, "weightedAverageShsOutDil": 95316000, "link": "https://www.sec.gov/Archives/edgar/data/865752/000110465909031553/0001104659-09-031553-index.htm", "finalLink": "https://www.sec.gov/Archives/edgar/data/865752/000110465909031553/a09-11457_110q.htm"}, {"date": "2008-12-31", "symbol": "MNST", "fillingDate": "2009-03-02", "acceptedDate": "2009-03-02 17:04:54", "period": "FY", "revenue": 403468000, "costOfRevenue": 115947000, "grossProfit": 287521000, "grossProfitRatio": 0.7126240494909137, "researchAndDevelopmentExpenses": 0.0, "generalAndAdministrativeExpenses": 0.0, "sellingAndMarketingExpenses": 0.0, "otherExpenses": 177643000, "operatingExpenses": 177643000, "costAndExpenses": 293590000, "interestExpense": 0.0, "depreciationAndAmortization": 13000.0, "ebitda": -39205000, "ebitdaratio": -0.09717003578970328, "operatingIncome": -39218000, "operatingIncomeRatio": -0.09720225643669386, "totalOtherIncomeExpensesNet": 1380000.0, "incomeBeforeTax": -37838000, "incomeBeforeTaxRatio": -0.09378191083307721, "incomeTaxExpense": -14390000, "netIncome": -23448000, "netIncomeRatio": -0.05811613312579932, "eps": 0.0, "epsdiluted": 0.0, "weightedAverageShsOut": 92852000, "weightedAverageShsOutDil": 97997000, "link": "https://www.sec.gov/Archives/edgar/data/865752/000110465909013530/0001104659-09-013530-index.htm", "finalLink": "https://www.sec.gov/Archives/edgar/data/865752/000110465909013530/a09-6007_110k.htm"}, {"date": "2008-09-30", "symbol": "MNST", "fillingDate": "2008-11-10", "acceptedDate": "2008-11-10 17:19:32", "period": "Q3", "revenue": 284986000, "costOfRevenue": 135550000, "grossProfit": 149436000, "grossProfitRatio": 0.5243626002680833, "researchAndDevelopmentExpenses": 0.0, "generalAndAdministrativeExpenses": 0.0, "sellingAndMarketingExpenses": 0.0, "otherExpenses": 67644000, "operatingExpenses": 67644000, "costAndExpenses": 203194000, "interestExpense": 0.0, "depreciationAndAmortization": 15000.0, "ebitda": 81807000, "ebitdaratio": 0.2870562062697817, "operatingIncome": 81792000, "operatingIncomeRatio": 0.2870035721052964, "totalOtherIncomeExpensesNet": 2111000.0, "incomeBeforeTax": 83903000, "incomeBeforeTaxRatio": 0.2944109535205238, "incomeTaxExpense": 31466000, "netIncome": 52437000, "netIncomeRatio": 0.1839985122076172, "eps": 1.42, "epsdiluted": 1.34, "weightedAverageShsOut": 92852000, "weightedAverageShsOutDil": 97997000, "link": "https://www.sec.gov/Archives/edgar/data/865752/000110465908069824/0001104659-08-069824-index.htm", "finalLink": "https://www.sec.gov/Archives/edgar/data/865752/000110465908069824/a08-25817_110q.htm"}, {"date": "2008-06-30", "symbol": "MNST", "fillingDate": "2008-08-11", "acceptedDate": "2008-08-11 15:57:19", "period": "Q2", "revenue": 282244000, "costOfRevenue": 136030000, "grossProfit": 146214000, "grossProfitRatio": 0.5180411275350406, "researchAndDevelopmentExpenses": 0.0, "generalAndAdministrativeExpenses": 0.0, "sellingAndMarketingExpenses": 0.0, "otherExpenses": 68025000, "operatingExpenses": 68025000, "costAndExpenses": 204055000, "interestExpense": 0.0, "depreciationAndAmortization": 13000.0, "ebitda": 78202000, "ebitdaratio": 0.2770723204036224, "operatingIncome": 78189000, "operatingIncomeRatio": 0.2770262609656893, "totalOtherIncomeExpensesNet": 2769000.0, "incomeBeforeTax": 80958000, "incomeBeforeTaxRatio": 0.2868369212454472, "incomeTaxExpense": 30726000, "netIncome": 50232000, "netIncomeRatio": 0.177973668173637, "eps": 0.85, "epsdiluted": 0.8, "weightedAverageShsOut": 93113000, "weightedAverageShsOutDil": 98509000, "link": "https://www.sec.gov/Archives/edgar/data/865752/000110465908051847/0001104659-08-051847-index.htm", "finalLink": "https://www.sec.gov/Archives/edgar/data/865752/000110465908051847/a08-19215_110q.htm"}, {"date": "2008-03-31", "symbol": "MNST", "fillingDate": "2008-05-12", "acceptedDate": "2008-05-12 13:58:21", "period": "Q1", "revenue": 212178000, "costOfRevenue": 107459000, "grossProfit": 104719000, "grossProfitRatio": 0.4935431571604973, "researchAndDevelopmentExpenses": 0.0, "generalAndAdministrativeExpenses": 0.0, "sellingAndMarketingExpenses": 0.0, "otherExpenses": 61891000, "operatingExpenses": 61891000, "costAndExpenses": 169350000, "interestExpense": 0.0, "depreciationAndAmortization": 14000.0, "ebitda": 42842000, "ebitdaratio": 0.2019153729415868, "operatingIncome": 42828000, "operatingIncomeRatio": 0.20184939060600063, "totalOtherIncomeExpensesNet": 3626000.0, "incomeBeforeTax": 46454000, "incomeBeforeTaxRatio": 0.21893881552281574, "incomeTaxExpense": 17643000, "netIncome": 28811000, "netIncomeRatio": 0.13578693361234434, "eps": 0.31, "epsdiluted": 0.29, "weightedAverageShsOut": 93314000, "weightedAverageShsOutDil": 99007000, "link": "https://www.sec.gov/Archives/edgar/data/865752/000110465908032305/0001104659-08-032305-index.htm", "finalLink": "https://www.sec.gov/Archives/edgar/data/865752/000110465908032305/a08-14015_210q.htm"}, {"date": "2007-12-31", "symbol": "MNST", "fillingDate": "2008-02-29", "acceptedDate": "2008-02-29 17:08:34", "period": "FY", "revenue": 151966000, "costOfRevenue": 315555000, "grossProfit": -163589000, "grossProfitRatio": -1.0764842135740889, "researchAndDevelopmentExpenses": 0.0, "generalAndAdministrativeExpenses": 0.0, "sellingAndMarketingExpenses": 0.0, "otherExpenses": -175559000, "operatingExpenses": -175559000, "costAndExpenses": -491114000, "interestExpense": 0.0, "depreciationAndAmortization": -1474000.0, "ebitda": -168186000, "ebitdaratio": -1.1067344011160392, "operatingIncome": -166712000, "operatingIncomeRatio": -1.0970348630614744, "totalOtherIncomeExpensesNet": -30000.0, "incomeBeforeTax": -172151000, "incomeBeforeTaxRatio": -1.1328257636576602, "incomeTaxExpense": -67845000, "netIncome": -104306000, "netIncomeRatio": -0.6863772159562007, "eps": 0.0, "epsdiluted": 0.0, "weightedAverageShsOut": 90589000, "weightedAverageShsOutDil": 98586000, "link": "https://www.sec.gov/Archives/edgar/data/865752/000086575208000013/0000865752-08-000013-index.htm", "finalLink": "https://www.sec.gov/Archives/edgar/data/865752/000086575208000013/k123107a.htm"}, {"date": "2007-09-30", "symbol": "MNST", "fillingDate": "2007-11-09", "acceptedDate": "2007-11-09 17:16:45", "period": "Q3", "revenue": 247211000, "costOfRevenue": 118829000, "grossProfit": 128382000, "grossProfitRatio": 0.5193215512254714, "researchAndDevelopmentExpenses": 0.0, "generalAndAdministrativeExpenses": 0.0, "sellingAndMarketingExpenses": 0.0, "otherExpenses": 55002000, "operatingExpenses": 55002000, "costAndExpenses": 173831000, "interestExpense": 0.0, "depreciationAndAmortization": 583000.0, "ebitda": 73963000, "ebitdaratio": 0.2991897609734195, "operatingIncome": 73380000, "operatingIncomeRatio": 0.296831451674885, "totalOtherIncomeExpensesNet": 0.0, "incomeBeforeTax": 75541000, "incomeBeforeTaxRatio": 0.30557297207648526, "incomeTaxExpense": 29744000, "netIncome": 45797000, "netIncomeRatio": 0.18525470144936917, "eps": 1.15, "epsdiluted": 1.06, "weightedAverageShsOut": 90589000, "weightedAverageShsOutDil": 98586000, "link": "https://www.sec.gov/Archives/edgar/data/865752/000086575207000136/0000865752-07-000136-index.htm", "finalLink": "https://www.sec.gov/Archives/edgar/data/865752/000086575207000136/q093007.htm"}, {"date": "2007-06-30", "symbol": "MNST", "fillingDate": "2007-08-09", "acceptedDate": "2007-08-09 16:50:50", "period": "Q2", "revenue": 244762000, "costOfRevenue": 116510000, "grossProfit": 128252000, "grossProfitRatio": 0.523986566542192, "researchAndDevelopmentExpenses": 0.0, "generalAndAdministrativeExpenses": 0.0, "sellingAndMarketingExpenses": 0.0, "otherExpenses": 66830000, "operatingExpenses": 66830000, "costAndExpenses": 183340000, "interestExpense": 0.0, "depreciationAndAmortization": 933000.0, "ebitda": 62355000, "ebitdaratio": 0.2547576829736642, "operatingIncome": 61422000, "operatingIncomeRatio": 0.25094581675260047, "totalOtherIncomeExpensesNet": 0.0, "incomeBeforeTax": 63174000, "incomeBeforeTaxRatio": 0.2581037906210931, "incomeTaxExpense": 24863000, "netIncome": 38311000, "netIncomeRatio": 0.15652347995195331, "eps": 0.65, "epsdiluted": 0.59, "weightedAverageShsOut": 90089000, "weightedAverageShsOutDil": 98388000, "link": "https://www.sec.gov/Archives/edgar/data/865752/000086575207000077/0000865752-07-000077-index.htm", "finalLink": "https://www.sec.gov/Archives/edgar/data/865752/000086575207000077/q063007.htm"}, {"date": "2007-03-31", "symbol": "MNST", "fillingDate": "2007-06-19", "acceptedDate": "2007-06-19 17:23:53", "period": "Q1", "revenue": 165853000, "costOfRevenue": 80216000, "grossProfit": 85637000, "grossProfitRatio": 0.516342785478707, "researchAndDevelopmentExpenses": 0.0, "generalAndAdministrativeExpenses": 0.0, "sellingAndMarketingExpenses": 0.0, "otherExpenses": 53727000, "operatingExpenses": 53727000, "costAndExpenses": 133943000, "interestExpense": 0.0, "depreciationAndAmortization": 14000.0, "ebitda": 31924000, "ebitdaratio": 0.19248370545000693, "operatingIncome": 31910000, "operatingIncomeRatio": 0.19239929335013536, "totalOtherIncomeExpensesNet": 0.0, "incomeBeforeTax": 33436000, "incomeBeforeTaxRatio": 0.20160021223613683, "incomeTaxExpense": 13238000, "netIncome": 20198000, "netIncomeRatio": 0.12178254237185941, "eps": 0.22, "epsdiluted": 0.21, "weightedAverageShsOut": 90059000, "weightedAverageShsOutDil": 98301000, "link": "https://www.sec.gov/Archives/edgar/data/865752/000086575207000046/0000865752-07-000046-index.htm", "finalLink": "https://www.sec.gov/Archives/edgar/data/865752/000086575207000046/q033107.htm"}, {"date": "2006-12-31", "symbol": "MNST", "fillingDate": "2007-06-06", "acceptedDate": "2007-06-06 16:15:36", "period": "FY", "revenue": 59882000, "costOfRevenue": 218258000, "grossProfit": -158376000, "grossProfitRatio": -2.6448014428375806, "researchAndDevelopmentExpenses": 0.0, "generalAndAdministrativeExpenses": 0.0, "sellingAndMarketingExpenses": 0.0, "otherExpenses": -113249000, "operatingExpenses": -113249000, "costAndExpenses": -331507000, "interestExpense": 0.0, "depreciationAndAmortization": 14000.0, "ebitda": -122909000, "ebitdaratio": -2.0525199559132963, "operatingIncome": -122923000, "operatingIncomeRatio": -2.0527537490397783, "totalOtherIncomeExpensesNet": 0.0, "incomeBeforeTax": -125543000, "incomeBeforeTaxRatio": -2.0965064627099963, "incomeTaxExpense": -49795000, "netIncome": -75748000, "netIncomeRatio": -1.264954410340336, "eps": 0.0, "epsdiluted": 0.0, "weightedAverageShsOut": 89897000, "weightedAverageShsOutDil": 98778000, "link": "https://www.sec.gov/Archives/edgar/data/865752/000110465907045794/0001104659-07-045794-index.htm", "finalLink": "https://www.sec.gov/Archives/edgar/data/865752/000110465907045794/a07-15843_110k.htm"}, {"date": "2006-09-30", "symbol": "MNST", "fillingDate": "2007-05-14", "acceptedDate": "2007-05-14 17:19:00", "period": "Q3", "revenue": 178647000, "costOfRevenue": 86463000, "grossProfit": 92184000, "grossProfitRatio": 0.5160120237115653, "researchAndDevelopmentExpenses": 0.0, "generalAndAdministrativeExpenses": 0.0, "sellingAndMarketingExpenses": 0.0, "otherExpenses": 49842000, "operatingExpenses": 49842000, "costAndExpenses": 136305000, "interestExpense": 0.0, "depreciationAndAmortization": 14000.0, "ebitda": 42356000, "ebitdaratio": 0.23709326213146598, "operatingIncome": 42342000, "operatingIncomeRatio": 0.2370148952963106, "totalOtherIncomeExpensesNet": 0.0, "incomeBeforeTax": 43388000, "incomeBeforeTaxRatio": 0.24287001740863268, "incomeTaxExpense": 16931000, "netIncome": 26457000, "netIncomeRatio": 0.14809652555038708, "eps": 0.84, "epsdiluted": 0.77, "weightedAverageShsOut": 89897000, "weightedAverageShsOutDil": 98778000, "link": "https://www.sec.gov/Archives/edgar/data/865752/000086575207000040/0000865752-07-000040-index.htm", "finalLink": "https://www.sec.gov/Archives/edgar/data/865752/000086575207000040/q093006.htm"}, {"date": "2006-06-30", "symbol": "MNST", "fillingDate": "2006-08-09", "acceptedDate": "2006-08-09 17:17:19", "period": "Q2", "revenue": 275783000, "costOfRevenue": 131795000, "grossProfit": 143988000, "grossProfitRatio": 0.5221061486748639, "researchAndDevelopmentExpenses": 0.0, "generalAndAdministrativeExpenses": 0.0, "sellingAndMarketingExpenses": 0.0, "otherExpenses": 63407000, "operatingExpenses": 63407000, "costAndExpenses": 195202000, "interestExpense": 0.0, "depreciationAndAmortization": -13907000, "ebitda": 66674000, "ebitdaratio": 0.24176254518951495, "operatingIncome": 80581000, "operatingIncomeRatio": 0.2921898739226131, "totalOtherIncomeExpensesNet": 0.0, "incomeBeforeTax": 82155000, "incomeBeforeTaxRatio": 0.29789725980209075, "incomeTaxExpense": 32864000, "netIncome": 49291000, "netIncomeRatio": 0.17873110380262744, "eps": 0.55, "epsdiluted": 0.5, "weightedAverageShsOut": 89523000, "weightedAverageShsOutDil": 98815000, "link": "https://www.sec.gov/Archives/edgar/data/865752/000086575206000155/0000865752-06-000155-index.htm", "finalLink": "https://www.sec.gov/Archives/edgar/data/865752/000086575206000155/q63006c.htm"}]