[{"date": "2020-03-31", "symbol": "ADP", "fillingDate": "2020-05-01", "acceptedDate": "2020-05-01 15:49:44", "period": "Q3", "revenue": 4047800000, "costOfRevenue": 2239200000, "grossProfit": 1808600000, "grossProfitRatio": 0.4468106131725876, "researchAndDevelopmentExpenses": 0.0, "generalAndAdministrativeExpenses": 756500000, "sellingAndMarketingExpenses": 0.0, "otherExpenses": 1217000000, "operatingExpenses": 756500000, "costAndExpenses": 3015700000, "interestExpense": 20000000, "depreciationAndAmortization": 337600000, "ebitda": 1414300000, "ebitdaratio": 0.349399673897, "operatingIncome": 1076700000, "operatingIncomeRatio": 0.265996343693, "totalOtherIncomeExpensesNet": 44600000, "incomeBeforeTax": 1076700000, "incomeBeforeTaxRatio": 0.265996343693, "incomeTaxExpense": 255800000, "netIncome": 820900000, "netIncomeRatio": 0.202801521814, "eps": 1.9, "epsdiluted": 1.9, "weightedAverageShsOut": 431400000, "weightedAverageShsOutDil": 433500000, "link": "https://www.sec.gov/Archives/edgar/data/8670/000000867020000020/0000008670-20-000020-index.htm", "finalLink": "https://www.sec.gov/Archives/edgar/data/8670/000000867020000020/adp-20200331.htm"}, {"date": "2019-12-31", "symbol": "ADP", "fillingDate": "2020-01-31", "acceptedDate": "2020-01-31 14:47:28", "period": "Q2", "revenue": 3669500000, "costOfRevenue": 2094000000, "grossProfit": 1575500000, "grossProfitRatio": 0.429350047690421, "researchAndDevelopmentExpenses": 0.0, "generalAndAdministrativeExpenses": 754400000, "sellingAndMarketingExpenses": 0.0, "otherExpenses": 1082000000, "operatingExpenses": 754400000, "costAndExpenses": 2880000000, "interestExpense": 31600000, "depreciationAndAmortization": 332200000, "ebitda": 1167700000, "ebitdaratio": 0.318217740837, "operatingIncome": 835500000, "operatingIncomeRatio": 0.227687695871, "totalOtherIncomeExpensesNet": 46000000, "incomeBeforeTax": 835500000, "incomeBeforeTaxRatio": 0.227687695871, "incomeTaxExpense": 183900000, "netIncome": 651600000, "netIncomeRatio": 0.177571876277, "eps": 1.51, "epsdiluted": 1.5, "weightedAverageShsOut": 432100000, "weightedAverageShsOutDil": 434300000, "link": "https://www.sec.gov/Archives/edgar/data/8670/000000867020000007/0000008670-20-000007-index.htm", "finalLink": "https://www.sec.gov/Archives/edgar/data/8670/000000867020000007/q2fy2010q.htm"}, {"date": "2019-09-30", "symbol": "ADP", "fillingDate": "2019-11-04", "acceptedDate": "2019-11-04 15:17:10", "period": "Q1", "revenue": 3495700000, "costOfRevenue": 2044800000, "grossProfit": 1450900000, "grossProfitRatio": 0.41505277912864375, "researchAndDevelopmentExpenses": 0.0, "generalAndAdministrativeExpenses": 726500000, "sellingAndMarketingExpenses": 0.0, "otherExpenses": 1061000000, "operatingExpenses": 726500000, "costAndExpenses": 2811200000, "interestExpense": 39900000, "depreciationAndAmortization": 332400000, "ebitda": 1071500000, "ebitdaratio": 0.306519438167, "operatingIncome": 739100000, "operatingIncomeRatio": 0.211431186887, "totalOtherIncomeExpensesNet": 54600000, "incomeBeforeTax": 739100000, "incomeBeforeTaxRatio": 0.211431186887, "incomeTaxExpense": 156700000, "netIncome": 582400000, "netIncomeRatio": 0.166604685757, "eps": 1.35, "epsdiluted": 1.34, "weightedAverageShsOut": 432700000, "weightedAverageShsOutDil": 1400000.0, "link": "https://www.sec.gov/Archives/edgar/data/8670/000000867019000027/0000008670-19-000027-index.htm", "finalLink": "https://www.sec.gov/Archives/edgar/data/8670/000000867019000027/q1fy2010q.htm"}, {"date": "2019-06-30", "symbol": "ADP", "fillingDate": "2019-08-09", "acceptedDate": "2019-08-09 16:04:22", "period": "FY", "revenue": 3498700000, "costOfRevenue": 2020500000, "grossProfit": 1478200000, "grossProfitRatio": 0.4224997856346643, "researchAndDevelopmentExpenses": 0.0, "generalAndAdministrativeExpenses": 854800000, "sellingAndMarketingExpenses": 0.0, "otherExpenses": 920000000, "operatingExpenses": 854800000, "costAndExpenses": 2909000000, "interestExpense": 33700000, "depreciationAndAmortization": 317000000, "ebitda": 950300000, "ebitdaratio": 0.271615171349, "operatingIncome": 633300000, "operatingIncomeRatio": 0.181010089462, "totalOtherIncomeExpensesNet": 43600000, "incomeBeforeTax": 633300000, "incomeBeforeTaxRatio": 0.181010089462, "incomeTaxExpense": 157900000, "netIncome": 475400000, "netIncomeRatio": 0.135879040787, "eps": 1.1, "epsdiluted": 1.09, "weightedAverageShsOut": 435000000, "weightedAverageShsOutDil": 1600000.0, "link": "https://www.sec.gov/Archives/edgar/data/8670/000000867019000021/0000008670-19-000021-index.htm", "finalLink": "https://www.sec.gov/Archives/edgar/data/8670/000000867019000021/q4fy1910k.htm"}, {"date": "2019-03-31", "symbol": "ADP", "fillingDate": "2019-05-03", "acceptedDate": "2019-05-03 11:48:54", "period": "Q3", "revenue": 3847400000, "costOfRevenue": 2111800000, "grossProfit": 1735600000, "grossProfitRatio": 0.4511098404117066, "researchAndDevelopmentExpenses": 0.0, "generalAndAdministrativeExpenses": 750400000, "sellingAndMarketingExpenses": 0.0, "otherExpenses": 1125000000, "operatingExpenses": 750400000, "costAndExpenses": 2883900000, "interestExpense": 21700000, "depreciationAndAmortization": 312200000, "ebitda": 1296700000, "ebitdaratio": 0.337032801372, "operatingIncome": 984500000, "operatingIncomeRatio": 0.255887092582, "totalOtherIncomeExpensesNet": 21000000, "incomeBeforeTax": 984500000, "incomeBeforeTaxRatio": 0.255887092582, "incomeTaxExpense": 230700000, "netIncome": 753800000, "netIncomeRatio": 0.195924520455, "eps": 1.73, "epsdiluted": 1.73, "weightedAverageShsOut": 435500000, "weightedAverageShsOutDil": 438100000, "link": "https://www.sec.gov/Archives/edgar/data/8670/000000867019000013/0000008670-19-000013-index.htm", "finalLink": "https://www.sec.gov/Archives/edgar/data/8670/000000867019000013/q3fy1910q.htm"}, {"date": "2018-12-31", "symbol": "ADP", "fillingDate": "2019-01-31", "acceptedDate": "2019-01-31 14:32:17", "period": "Q2", "revenue": 3505900000, "costOfRevenue": 2013800000, "grossProfit": 1492100000, "grossProfitRatio": 0.42559685102256195, "researchAndDevelopmentExpenses": 0.0, "generalAndAdministrativeExpenses": 745100000, "sellingAndMarketingExpenses": 0.0, "otherExpenses": 1040000000, "operatingExpenses": 745100000, "costAndExpenses": 2797500000, "interestExpense": 38600000, "depreciationAndAmortization": 302100000, "ebitda": 1043100000, "ebitdaratio": 0.297527025871, "operatingIncome": 741000000, "operatingIncomeRatio": 0.21135799652, "totalOtherIncomeExpensesNet": 32600000, "incomeBeforeTax": 741000000, "incomeBeforeTaxRatio": 0.21135799652, "incomeTaxExpense": 182800000, "netIncome": 558200000, "netIncomeRatio": 0.159217319376, "eps": 1.28, "epsdiluted": 1.27, "weightedAverageShsOut": 436200000, "weightedAverageShsOutDil": 438900000, "link": "https://www.sec.gov/Archives/edgar/data/8670/000000867019000005/0000008670-19-000005-index.htm", "finalLink": "https://www.sec.gov/Archives/edgar/data/8670/000000867019000005/q2fy1910q.htm"}, {"date": "2018-09-30", "symbol": "ADP", "fillingDate": "2018-11-01", "acceptedDate": "2018-11-01 16:53:24", "period": "Q1", "revenue": 3323200000, "costOfRevenue": 1940500000, "grossProfit": 1382700000, "grossProfitRatio": 0.4160748675974964, "researchAndDevelopmentExpenses": 0.0, "generalAndAdministrativeExpenses": 713900000, "sellingAndMarketingExpenses": 0.0, "otherExpenses": 996000000, "operatingExpenses": 713900000, "costAndExpenses": 2690300000, "interestExpense": 35900000, "depreciationAndAmortization": 301600000, "ebitda": 948400000, "ebitdaratio": 0.285387578238, "operatingIncome": 646800000, "operatingIncomeRatio": 0.194631680308, "totalOtherIncomeExpensesNet": 13900000, "incomeBeforeTax": 646800000, "incomeBeforeTaxRatio": 0.194631680308, "incomeTaxExpense": 141400000, "netIncome": 505400000, "netIncomeRatio": 0.152082330284, "eps": 1.16, "epsdiluted": 1.15, "weightedAverageShsOut": 436800000, "weightedAverageShsOutDil": 439900000, "link": "https://www.sec.gov/Archives/edgar/data/8670/000000867018000017/0000008670-18-000017-index.htm", "finalLink": "https://www.sec.gov/Archives/edgar/data/8670/000000867018000017/q1fy1910q.htm"}, {"date": "2018-06-30", "symbol": "ADP", "fillingDate": "2018-08-03", "acceptedDate": "2018-08-03 16:50:24", "period": "FY", "revenue": 3318600000, "costOfRevenue": 1952300000, "grossProfit": 1366300000, "grossProfitRatio": 0.4117097571264991, "researchAndDevelopmentExpenses": 0.0, "generalAndAdministrativeExpenses": 836700000, "sellingAndMarketingExpenses": 0.0, "otherExpenses": 890000000, "operatingExpenses": 836700000, "costAndExpenses": 2817600000, "interestExpense": 28600000, "depreciationAndAmortization": 83400000, "ebitda": 288000000, "ebitdaratio": 0.0867835834388, "operatingIncome": 204600000, "operatingIncomeRatio": 0.061652504068, "totalOtherIncomeExpensesNet": 295000000, "incomeBeforeTax": 204600000, "incomeBeforeTaxRatio": 0.061652504068, "incomeTaxExpense": 95900000, "netIncome": 108700000, "netIncomeRatio": 0.0327547761104, "eps": 0.26, "epsdiluted": 0.26, "weightedAverageShsOut": 440600000, "weightedAverageShsOutDil": 1600000.0, "link": "https://www.sec.gov/Archives/edgar/data/8670/000000867018000011/0000008670-18-000011-index.htm", "finalLink": "https://www.sec.gov/Archives/edgar/data/8670/000000867018000011/q4fy1810k.htm"}, {"date": "2018-03-31", "symbol": "ADP", "fillingDate": "2018-05-04", "acceptedDate": "2018-05-04 10:30:40", "period": "Q3", "revenue": 3693000000, "costOfRevenue": 2077300000, "grossProfit": 1615700000, "grossProfitRatio": 0.43750338478202005, "researchAndDevelopmentExpenses": 0.0, "generalAndAdministrativeExpenses": 755200000, "sellingAndMarketingExpenses": 0.0, "otherExpenses": 1089000000, "operatingExpenses": 755200000, "costAndExpenses": 2851100000, "interestExpense": 18600000, "depreciationAndAmortization": 78600000, "ebitda": 931200000, "ebitdaratio": 0.252152721365, "operatingIncome": 852600000, "operatingIncomeRatio": 0.230869212023, "totalOtherIncomeExpensesNet": 10700000, "incomeBeforeTax": 852600000, "incomeBeforeTaxRatio": 0.230869212023, "incomeTaxExpense": 209500000, "netIncome": 643100000, "netIncomeRatio": 0.174140265367, "eps": 1.45, "epsdiluted": 1.44, "weightedAverageShsOut": 441500000, "weightedAverageShsOutDil": 444100000, "link": "https://www.sec.gov/Archives/edgar/data/8670/000000867018000007/0000008670-18-000007-index.htm", "finalLink": "https://www.sec.gov/Archives/edgar/data/8670/000000867018000007/q3fy1810q.htm"}, {"date": "2017-12-31", "symbol": "ADP", "fillingDate": "2018-02-01", "acceptedDate": "2018-02-01 16:21:30", "period": "Q2", "revenue": 3235400000, "costOfRevenue": 1946600000, "grossProfit": 1288800000, "grossProfitRatio": 0.3983433269456636, "researchAndDevelopmentExpenses": 0.0, "generalAndAdministrativeExpenses": 717200000, "sellingAndMarketingExpenses": 0.0, "otherExpenses": 1003000000, "operatingExpenses": 717200000, "costAndExpenses": 2691300000, "interestExpense": 27500000, "depreciationAndAmortization": 76300000, "ebitda": 642000000, "ebitdaratio": 0.198429869568, "operatingIncome": 565700000, "operatingIncomeRatio": 0.174847005007, "totalOtherIncomeExpensesNet": 21600000, "incomeBeforeTax": 565700000, "incomeBeforeTaxRatio": 0.174847005007, "incomeTaxExpense": 98200000, "netIncome": 467500000, "netIncomeRatio": 0.144495271064, "eps": 1.06, "epsdiluted": 1.06, "weightedAverageShsOut": 441800000, "weightedAverageShsOutDil": 444400000, "link": "https://www.sec.gov/Archives/edgar/data/8670/000000867018000003/0000008670-18-000003-index.htm", "finalLink": "https://www.sec.gov/Archives/edgar/data/8670/000000867018000003/q2fy1810q.htm"}, {"date": "2017-09-30", "symbol": "ADP", "fillingDate": "2017-11-02", "acceptedDate": "2017-11-02 16:57:30", "period": "Q1", "revenue": 3078800000, "costOfRevenue": 1866400000, "grossProfit": 1212400000, "grossProfitRatio": 0.3937897882291802, "researchAndDevelopmentExpenses": 0.0, "generalAndAdministrativeExpenses": 662400000, "sellingAndMarketingExpenses": 0.0, "otherExpenses": 984000000, "operatingExpenses": 662400000, "costAndExpenses": 2556800000, "interestExpense": 28000000, "depreciationAndAmortization": 67800000, "ebitda": 616000000, "ebitdaratio": 0.200077952449, "operatingIncome": 548200000, "operatingIncomeRatio": 0.178056385605, "totalOtherIncomeExpensesNet": 26200000, "incomeBeforeTax": 548200000, "incomeBeforeTaxRatio": 0.178056385605, "incomeTaxExpense": 146700000, "netIncome": 401500000, "netIncomeRatio": 0.13040795115, "eps": 0.91, "epsdiluted": 0.9, "weightedAverageShsOut": 442200000, "weightedAverageShsOutDil": 445000000, "link": "https://www.sec.gov/Archives/edgar/data/8670/000000867017000012/0000008670-17-000012-index.htm", "finalLink": "https://www.sec.gov/Archives/edgar/data/8670/000000867017000012/q1fy1810q.htm"}, {"date": "2017-06-30", "symbol": "ADP", "fillingDate": "2017-08-04", "acceptedDate": "2017-08-04 16:22:32", "period": "FY", "revenue": 3064900000, "costOfRevenue": 1847400000, "grossProfit": 1217500000, "grossProfitRatio": 0.3972397141831707, "researchAndDevelopmentExpenses": 0.0, "generalAndAdministrativeExpenses": 829600000, "sellingAndMarketingExpenses": 0.0, "otherExpenses": 793000000, "operatingExpenses": 829600000, "costAndExpenses": 2699800000, "interestExpense": 22800000, "depreciationAndAmortization": 62700000, "ebitda": 451100000, "ebitdaratio": 0.147182616072, "operatingIncome": 388400000, "operatingIncomeRatio": 0.126725178636, "totalOtherIncomeExpensesNet": 23300000, "incomeBeforeTax": 388400000, "incomeBeforeTaxRatio": 0.126725178636, "incomeTaxExpense": 122600000, "netIncome": 265800000, "netIncomeRatio": 0.0867238735358, "eps": 0.6, "epsdiluted": 0.6, "weightedAverageShsOut": 447800000, "weightedAverageShsOutDil": 1600000.0, "link": "https://www.sec.gov/Archives/edgar/data/8670/000000867017000010/0000008670-17-000010-index.htm", "finalLink": "https://www.sec.gov/Archives/edgar/data/8670/000000867017000010/q4fy1710k.htm"}, {"date": "2017-03-31", "symbol": "ADP", "fillingDate": "2017-05-04", "acceptedDate": "2017-05-04 14:35:22", "period": "Q3", "revenue": 3410700000, "costOfRevenue": 1910900000, "grossProfit": 1499800000, "grossProfitRatio": 0.4397337789896502, "researchAndDevelopmentExpenses": 0.0, "generalAndAdministrativeExpenses": 665000000, "sellingAndMarketingExpenses": 0.0, "otherExpenses": 1037000000, "operatingExpenses": 665000000, "costAndExpenses": 2592700000, "interestExpense": 16800000, "depreciationAndAmortization": 57000000, "ebitda": 884900000, "ebitdaratio": 0.259448207113, "operatingIncome": 827900000, "operatingIncomeRatio": 0.24273609523, "totalOtherIncomeExpensesNet": 9900000.0, "incomeBeforeTax": 827900000, "incomeBeforeTaxRatio": 0.24273609523, "incomeTaxExpense": 239900000, "netIncome": 588000000, "netIncomeRatio": 0.172398627848, "eps": 1.32, "epsdiluted": 1.31, "weightedAverageShsOut": 448900000, "weightedAverageShsOutDil": 451300000, "link": "https://www.sec.gov/Archives/edgar/data/8670/000000867017000005/0000008670-17-000005-index.htm", "finalLink": "https://www.sec.gov/Archives/edgar/data/8670/000000867017000005/q3fy1710-q.htm"}, {"date": "2016-12-31", "symbol": "ADP", "fillingDate": "2017-02-01", "acceptedDate": "2017-02-01 16:20:28", "period": "Q2", "revenue": 2987300000, "costOfRevenue": 1767900000, "grossProfit": 1219400000, "grossProfitRatio": 0.4081946908579654, "researchAndDevelopmentExpenses": 0.0, "generalAndAdministrativeExpenses": 640900000, "sellingAndMarketingExpenses": 0.0, "otherExpenses": 919000000, "operatingExpenses": 640900000, "costAndExpenses": 2429300000, "interestExpense": 20500000, "depreciationAndAmortization": 56100000, "ebitda": 842200000, "ebitdaratio": 0.281926823553, "operatingIncome": 786100000, "operatingIncomeRatio": 0.26314732367, "totalOtherIncomeExpensesNet": 228100000, "incomeBeforeTax": 786100000, "incomeBeforeTaxRatio": 0.26314732367, "incomeTaxExpense": 275200000, "netIncome": 510900000, "netIncomeRatio": 0.171024001607, "eps": 1.13, "epsdiluted": 1.13, "weightedAverageShsOut": 450100000, "weightedAverageShsOutDil": 452700000, "link": "https://www.sec.gov/Archives/edgar/data/8670/000000867017000003/0000008670-17-000003-index.htm", "finalLink": "https://www.sec.gov/Archives/edgar/data/8670/000000867017000003/q2fy1710-q.htm"}, {"date": "2016-09-30", "symbol": "ADP", "fillingDate": "2016-11-03", "acceptedDate": "2016-11-03 15:42:56", "period": "Q1", "revenue": 2916900000, "costOfRevenue": 1743600000, "grossProfit": 1173300000, "grossProfitRatio": 0.40224210634577806, "researchAndDevelopmentExpenses": 0.0, "generalAndAdministrativeExpenses": 647700000, "sellingAndMarketingExpenses": 0.0, "otherExpenses": 884000000, "operatingExpenses": 647700000, "costAndExpenses": 2411200000, "interestExpense": 19900000, "depreciationAndAmortization": 54400000, "ebitda": 583100000, "ebitdaratio": 0.199904007679, "operatingIncome": 528700000, "operatingIncomeRatio": 0.181254071103, "totalOtherIncomeExpensesNet": 23000000, "incomeBeforeTax": 528700000, "incomeBeforeTaxRatio": 0.181254071103, "incomeTaxExpense": 160000000, "netIncome": 368700000, "netIncomeRatio": 0.126401316466, "eps": 0.82, "epsdiluted": 0.81, "weightedAverageShsOut": 452300000, "weightedAverageShsOutDil": 455300000, "link": "https://www.sec.gov/Archives/edgar/data/8670/000000867016000059/0000008670-16-000059-index.htm", "finalLink": "https://www.sec.gov/Archives/edgar/data/8670/000000867016000059/q1fy1710-q.htm"}, {"date": "2016-06-30", "symbol": "ADP", "fillingDate": "2016-08-05", "acceptedDate": "2016-08-05 15:09:42", "period": "FY", "revenue": 2898300000, "costOfRevenue": 1698600000, "grossProfit": 1199700000, "grossProfitRatio": 0.413932305144395, "researchAndDevelopmentExpenses": 0.0, "generalAndAdministrativeExpenses": 770300000, "sellingAndMarketingExpenses": 0.0, "otherExpenses": 724000000, "operatingExpenses": 770300000, "costAndExpenses": 2525100000, "interestExpense": 18100000, "depreciationAndAmortization": 50800000, "ebitda": 477800000, "ebitdaratio": 0.16485525998, "operatingIncome": 427000000, "operatingIncomeRatio": 0.14732774385, "totalOtherIncomeExpensesNet": 15700000, "incomeBeforeTax": 427000000, "incomeBeforeTaxRatio": 0.14732774385, "incomeTaxExpense": 145000000, "netIncome": 282000000, "netIncomeRatio": 0.097298416313, "eps": 0.63, "epsdiluted": 0.62, "weightedAverageShsOut": 457000000, "weightedAverageShsOutDil": 1300000.0, "link": "https://www.sec.gov/Archives/edgar/data/8670/000000867016000053/0000008670-16-000053-index.htm", "finalLink": "https://www.sec.gov/Archives/edgar/data/8670/000000867016000053/q4fy1610kinq4fy16.htm"}, {"date": "2016-03-31", "symbol": "ADP", "fillingDate": "2016-05-05", "acceptedDate": "2016-05-05 11:51:57", "period": "Q3", "revenue": 3248500000, "costOfRevenue": 1812700000, "grossProfit": 1435800000, "grossProfitRatio": 0.44198861012775126, "researchAndDevelopmentExpenses": 0.0, "generalAndAdministrativeExpenses": 634300000, "sellingAndMarketingExpenses": 0.0, "otherExpenses": 977000000, "operatingExpenses": 634300000, "costAndExpenses": 2447000000, "interestExpense": 16300000, "depreciationAndAmortization": 50300000, "ebitda": 845100000, "ebitdaratio": 0.260150838849, "operatingIncome": 794800000, "operatingIncomeRatio": 0.244666769278, "totalOtherIncomeExpensesNet": 9600000.0, "incomeBeforeTax": 794800000, "incomeBeforeTaxRatio": 0.244666769278, "incomeTaxExpense": 262300000, "netIncome": 532500000, "netIncomeRatio": 0.163921810066, "eps": 1.17, "epsdiluted": 1.17, "weightedAverageShsOut": 458200000, "weightedAverageShsOutDil": 460600000, "link": "https://www.sec.gov/Archives/edgar/data/8670/000000867016000034/0000008670-16-000034-index.htm", "finalLink": "https://www.sec.gov/Archives/edgar/data/8670/000000867016000034/q3fy1610q.htm"}, {"date": "2015-12-31", "symbol": "ADP", "fillingDate": "2016-02-03", "acceptedDate": "2016-02-03 12:28:57", "period": "Q2", "revenue": 2807000000, "costOfRevenue": 1682500000, "grossProfit": 1124500000, "grossProfitRatio": 0.4006056287851799, "researchAndDevelopmentExpenses": 0.0, "generalAndAdministrativeExpenses": 627100000, "sellingAndMarketingExpenses": 0.0, "otherExpenses": 853000000, "operatingExpenses": 627100000, "costAndExpenses": 2309600000, "interestExpense": 16900000, "depreciationAndAmortization": 48700000, "ebitda": 556600000, "ebitdaratio": 0.198289989312, "operatingIncome": 507900000, "operatingIncomeRatio": 0.180940505878, "totalOtherIncomeExpensesNet": 27400000, "incomeBeforeTax": 507900000, "incomeBeforeTaxRatio": 0.180940505878, "incomeTaxExpense": 166500000, "netIncome": 341400000, "netIncomeRatio": 0.121624510153, "eps": 0.74, "epsdiluted": 0.74, "weightedAverageShsOut": 460000000, "weightedAverageShsOutDil": 462900000, "link": "https://www.sec.gov/Archives/edgar/data/8670/000000867016000030/0000008670-16-000030-index.htm", "finalLink": "https://www.sec.gov/Archives/edgar/data/8670/000000867016000030/q2fy1610q.htm"}, {"date": "2015-09-30", "symbol": "ADP", "fillingDate": "2015-11-05", "acceptedDate": "2015-11-05 12:03:30", "period": "Q1", "revenue": 2714000000, "costOfRevenue": 1646500000, "grossProfit": 1067500000, "grossProfitRatio": 0.39333087693441415, "researchAndDevelopmentExpenses": 0.0, "generalAndAdministrativeExpenses": 605300000, "sellingAndMarketingExpenses": 0.0, "otherExpenses": 834000000, "operatingExpenses": 605300000, "costAndExpenses": 2251800000, "interestExpense": 4900000.0, "depreciationAndAmortization": 44700000, "ebitda": 549700000, "ebitdaratio": 0.202542372881, "operatingIncome": 505000000, "operatingIncomeRatio": 0.186072218128, "totalOtherIncomeExpensesNet": 47700000, "incomeBeforeTax": 505000000, "incomeBeforeTaxRatio": 0.186072218128, "incomeTaxExpense": 167500000, "netIncome": 336600000, "netIncomeRatio": 0.12402358143, "eps": 0.73, "epsdiluted": 0.72, "weightedAverageShsOut": 462400000, "weightedAverageShsOutDil": 465700000, "link": "https://www.sec.gov/Archives/edgar/data/8670/000000867015000026/0000008670-15-000026-index.htm", "finalLink": "https://www.sec.gov/Archives/edgar/data/8670/000000867015000026/q1fy1610q.htm"}, {"date": "2015-06-30", "symbol": "ADP", "fillingDate": "2015-08-07", "acceptedDate": "2015-08-07 14:22:14", "period": "FY", "revenue": 2671700000, "costOfRevenue": 1590700000, "grossProfit": 1081000000, "grossProfitRatio": 0.40461129617846314, "researchAndDevelopmentExpenses": 0.0, "generalAndAdministrativeExpenses": 720500000, "sellingAndMarketingExpenses": 0.0, "otherExpenses": 671000000, "operatingExpenses": 720500000, "costAndExpenses": 2317700000, "interestExpense": 1600000.0, "depreciationAndAmortization": 44600000, "ebitda": 419100000, "ebitdaratio": 0.156866414642, "operatingIncome": 374500000, "operatingIncomeRatio": 0.140172923607, "totalOtherIncomeExpensesNet": 15600000, "incomeBeforeTax": 374500000, "incomeBeforeTaxRatio": 0.140172923607, "incomeTaxExpense": 122000000, "netIncome": 336200000, "netIncomeRatio": 0.125837481753, "eps": 0.72, "epsdiluted": 0.72, "weightedAverageShsOut": 472600000, "weightedAverageShsOutDil": 1600000.0, "link": "https://www.sec.gov/Archives/edgar/data/8670/000000867015000021/0000008670-15-000021-index.htm", "finalLink": "https://www.sec.gov/Archives/edgar/data/8670/000000867015000021/q4fy1510k.htm"}, {"date": "2015-03-31", "symbol": "ADP", "fillingDate": "2015-05-06", "acceptedDate": "2015-05-06 13:46:49", "period": "Q3", "revenue": 3031700000, "costOfRevenue": 1688000000, "grossProfit": 1343700000, "grossProfitRatio": 0.4432166771118514, "researchAndDevelopmentExpenses": 0.0, "generalAndAdministrativeExpenses": 608100000, "sellingAndMarketingExpenses": 0.0, "otherExpenses": 877000000, "operatingExpenses": 608100000, "costAndExpenses": 2296100000, "interestExpense": 800000.0, "depreciationAndAmortization": 45300000, "ebitda": 787900000, "ebitdaratio": 0.259887192004, "operatingIncome": 742600000, "operatingIncomeRatio": 0.244945080318, "totalOtherIncomeExpensesNet": 7800000.0, "incomeBeforeTax": 742600000, "incomeBeforeTaxRatio": 0.244945080318, "incomeTaxExpense": 250600000, "netIncome": 489600000, "netIncomeRatio": 0.161493551473, "eps": 1.04, "epsdiluted": 1.03, "weightedAverageShsOut": 475100000, "weightedAverageShsOutDil": 1500000.0, "link": "https://www.sec.gov/Archives/edgar/data/8670/000000867015000012/0000008670-15-000012-index.htm", "finalLink": "https://www.sec.gov/Archives/edgar/data/8670/000000867015000012/q3fy1510q.htm"}, {"date": "2014-12-31", "symbol": "ADP", "fillingDate": "2015-02-05", "acceptedDate": "2015-02-05 14:03:33", "period": "Q2", "revenue": 2661300000, "costOfRevenue": 1587000000, "grossProfit": 1074300000, "grossProfitRatio": 0.4036748957276519, "researchAndDevelopmentExpenses": 0.0, "generalAndAdministrativeExpenses": 590300000, "sellingAndMarketingExpenses": 0.0, "otherExpenses": 796000000, "operatingExpenses": 1386000000, "costAndExpenses": 613500000, "interestExpense": 2200000.0, "depreciationAndAmortization": -5900000.0, "ebitda": 495200000, "ebitdaratio": 0.186074474881, "operatingIncome": 501100000, "operatingIncomeRatio": 0.188291436516, "totalOtherIncomeExpensesNet": 19300000, "incomeBeforeTax": 501100000, "incomeBeforeTaxRatio": 0.188291436516, "incomeTaxExpense": 167100000, "netIncome": 331500000, "netIncomeRatio": 0.124563183407, "eps": 0.69, "epsdiluted": 0.69, "weightedAverageShsOut": 477600000, "weightedAverageShsOutDil": 481000000, "link": "https://www.sec.gov/Archives/edgar/data/8670/000000867015000004/0000008670-15-000004-index.htm", "finalLink": "https://www.sec.gov/Archives/edgar/data/8670/000000867015000004/q2fy1510q.htm"}, {"date": "2014-09-30", "symbol": "ADP", "fillingDate": "2014-10-30", "acceptedDate": "2014-10-30 15:46:14", "period": "Q1", "revenue": 2573800000, "costOfRevenue": 1561900000, "grossProfit": 1011900000, "grossProfitRatio": 0.3931540912269796, "researchAndDevelopmentExpenses": 0.0, "generalAndAdministrativeExpenses": 578000000, "sellingAndMarketingExpenses": 0.0, "otherExpenses": 1563800000, "operatingExpenses": 2141800000, "costAndExpenses": 3703700000, "interestExpense": 1900000.0, "depreciationAndAmortization": 93600000, "ebitda": 546100000, "ebitdaratio": 0.212176548294, "operatingIncome": 452500000, "operatingIncomeRatio": 0.175810086254, "totalOtherIncomeExpensesNet": 20500000, "incomeBeforeTax": 452500000, "incomeBeforeTaxRatio": 0.175810086254, "incomeTaxExpense": 154500000, "netIncome": 295200000, "netIncomeRatio": 0.114694226436, "eps": 0.62, "epsdiluted": 0.61, "weightedAverageShsOut": 478400000, "weightedAverageShsOutDil": 481700000, "link": "https://www.sec.gov/Archives/edgar/data/8670/000000867014000020/0000008670-14-000020-index.htm", "finalLink": "https://www.sec.gov/Archives/edgar/data/8670/000000867014000020/q1fy1510q.htm"}, {"date": "2014-06-30", "symbol": "ADP", "fillingDate": "2014-08-08", "acceptedDate": "2014-08-08 13:50:03", "period": "FY", "revenue": 3073800000, "costOfRevenue": 1845500000, "grossProfit": 1228300000, "grossProfitRatio": 0.39960309714360076, "researchAndDevelopmentExpenses": 0.0, "generalAndAdministrativeExpenses": 776400000, "sellingAndMarketingExpenses": 0.0, "otherExpenses": 1861800000, "operatingExpenses": 2638200000, "costAndExpenses": 4483700000, "interestExpense": 1400000.0, "depreciationAndAmortization": 113700000, "ebitda": 563100000, "ebitdaratio": 0.183193441343, "operatingIncome": 449400000, "operatingIncomeRatio": 0.146203396447, "totalOtherIncomeExpensesNet": 13800000, "incomeBeforeTax": 449400000, "incomeBeforeTaxRatio": 0.146203396447, "incomeTaxExpense": 160600000, "netIncome": 288800000, "netIncomeRatio": 0.0939553646952, "eps": 0.61, "epsdiluted": 0.6, "weightedAverageShsOut": 478900000, "weightedAverageShsOutDil": 1500000.0, "link": "https://www.sec.gov/Archives/edgar/data/8670/000000867014000015/0000008670-14-000015-index.htm", "finalLink": "https://www.sec.gov/Archives/edgar/data/8670/000000867014000015/q4fy1410k.htm"}, {"date": "2014-03-31", "symbol": "ADP", "fillingDate": "2014-05-01", "acceptedDate": "2014-05-01 16:01:05", "period": "Q3", "revenue": 3310200000, "costOfRevenue": 1879100000, "grossProfit": 1431100000, "grossProfitRatio": 0.43233037278714276, "researchAndDevelopmentExpenses": 0.0, "generalAndAdministrativeExpenses": 671800000, "sellingAndMarketingExpenses": 0.0, "otherExpenses": 1879900000, "operatingExpenses": 2551700000, "costAndExpenses": 4430800000, "interestExpense": 800000.0, "depreciationAndAmortization": 106300000, "ebitda": 873100000, "ebitdaratio": 0.263760497855, "operatingIncome": 766800000, "operatingIncomeRatio": 0.231647634584, "totalOtherIncomeExpensesNet": 8300000.0, "incomeBeforeTax": 766800000, "incomeBeforeTaxRatio": 0.231647634584, "incomeTaxExpense": 258600000, "netIncome": 521500000, "netIncomeRatio": 0.157543350855, "eps": 1.09, "epsdiluted": 1.08, "weightedAverageShsOut": 479100000, "weightedAverageShsOutDil": 483400000, "link": "https://www.sec.gov/Archives/edgar/data/8670/000000867014000006/0000008670-14-000006-index.htm", "finalLink": "https://www.sec.gov/Archives/edgar/data/8670/000000867014000006/q3fy1410-q.htm"}, {"date": "2013-12-31", "symbol": "ADP", "fillingDate": "2014-02-05", "acceptedDate": "2014-02-05 14:38:57", "period": "Q2", "revenue": 2982900000, "costOfRevenue": 1772400000, "grossProfit": 1210500000, "grossProfitRatio": 0.40581313486875187, "researchAndDevelopmentExpenses": 0.0, "generalAndAdministrativeExpenses": 675600000, "sellingAndMarketingExpenses": 0.0, "otherExpenses": 1774400000, "operatingExpenses": 2450000000, "costAndExpenses": 4222400000, "interestExpense": 2000000.0, "depreciationAndAmortization": 107300000, "ebitda": 668400000, "ebitdaratio": 0.22407724027, "operatingIncome": 561100000, "operatingIncomeRatio": 0.188105534882, "totalOtherIncomeExpensesNet": 28200000, "incomeBeforeTax": 561100000, "incomeBeforeTaxRatio": 0.188105534882, "incomeTaxExpense": 184100000, "netIncome": 377000000, "netIncomeRatio": 0.126387072983, "eps": 0.79, "epsdiluted": 0.78, "weightedAverageShsOut": 479200000, "weightedAverageShsOutDil": 483600000, "link": "https://www.sec.gov/Archives/edgar/data/8670/000000867014000003/0000008670-14-000003-index.htm", "finalLink": "https://www.sec.gov/Archives/edgar/data/8670/000000867014000003/q2fy1410-q.htm"}, {"date": "2013-09-30", "symbol": "ADP", "fillingDate": "2013-11-01", "acceptedDate": "2013-11-01 13:32:42", "period": "Q1", "revenue": 2839600000, "costOfRevenue": 1724400000, "grossProfit": 1115200000, "grossProfitRatio": 0.39273137061557967, "researchAndDevelopmentExpenses": 0.0, "generalAndAdministrativeExpenses": 638600000, "sellingAndMarketingExpenses": 0.0, "otherExpenses": 1726300000, "operatingExpenses": 2364900000, "costAndExpenses": 4089300000, "interestExpense": 1900000.0, "depreciationAndAmortization": 103300000, "ebitda": 600600000, "ebitdaratio": 0.211508663192, "operatingIncome": 497300000, "operatingIncomeRatio": 0.175130300042, "totalOtherIncomeExpensesNet": 22600000, "incomeBeforeTax": 497300000, "incomeBeforeTaxRatio": 0.175130300042, "incomeTaxExpense": 168700000, "netIncome": 328600000, "netIncomeRatio": 0.115720524017, "eps": 0.68, "epsdiluted": 0.68, "weightedAverageShsOut": 480100000, "weightedAverageShsOutDil": 484300000, "link": "https://www.sec.gov/Archives/edgar/data/8670/000000867013000019/0000008670-13-000019-index.htm", "finalLink": "https://www.sec.gov/Archives/edgar/data/8670/000000867013000019/q1fy1410-q.htm"}, {"date": "2013-06-30", "symbol": "ADP", "fillingDate": "2013-08-19", "acceptedDate": "2013-08-19 12:00:04", "period": "FY", "revenue": 2810500000, "costOfRevenue": 1692800000, "grossProfit": 1117700000, "grossProfitRatio": 0.3976872442625867, "researchAndDevelopmentExpenses": 0.0, "generalAndAdministrativeExpenses": 730100000, "sellingAndMarketingExpenses": 0.0, "otherExpenses": 1737300000, "operatingExpenses": 2467400000, "costAndExpenses": 4160200000, "interestExpense": 1800000.0, "depreciationAndAmortization": 101800000, "ebitda": 466900000, "ebitdaratio": 0.166127023661, "operatingIncome": 365100000, "operatingIncomeRatio": 0.129905710728, "totalOtherIncomeExpensesNet": 22000000, "incomeBeforeTax": 365100000, "incomeBeforeTaxRatio": 0.129905710728, "incomeTaxExpense": 138100000, "netIncome": 227000000, "netIncomeRatio": 0.080768546522, "eps": 0.47, "epsdiluted": 0.47, "weightedAverageShsOut": 482700000, "weightedAverageShsOutDil": 1100000.0, "link": "https://www.sec.gov/Archives/edgar/data/8670/000000867013000015/0000008670-13-000015-index.htm", "finalLink": "https://www.sec.gov/Archives/edgar/data/8670/000000867013000015/q4fy1310-k.htm"}, {"date": "2013-03-31", "symbol": "ADP", "fillingDate": "2013-05-03", "acceptedDate": "2013-05-03 12:02:06", "period": "Q3", "revenue": 3114300000, "costOfRevenue": 1745900000, "grossProfit": 1368400000, "grossProfitRatio": 0.4393924798510099, "researchAndDevelopmentExpenses": 0.0, "generalAndAdministrativeExpenses": 654400000, "sellingAndMarketingExpenses": 0.0, "otherExpenses": 1747100000, "operatingExpenses": 2401500000, "costAndExpenses": 4147400000, "interestExpense": 1200000.0, "depreciationAndAmortization": 101000000, "ebitda": 825800000, "ebitdaratio": 0.265163921266, "operatingIncome": 724800000, "operatingIncomeRatio": 0.232732877372, "totalOtherIncomeExpensesNet": 12000000, "incomeBeforeTax": 724800000, "incomeBeforeTaxRatio": 0.232732877372, "incomeTaxExpense": 242100000, "netIncome": 482700000, "netIncomeRatio": 0.154994701859, "eps": 1.0, "epsdiluted": 0.99, "weightedAverageShsOut": 482800000, "weightedAverageShsOutDil": 487100000, "link": "https://www.sec.gov/Archives/edgar/data/8670/000000867013000007/0000008670-13-000007-index.htm", "finalLink": "https://www.sec.gov/Archives/edgar/data/8670/000000867013000007/q3fy1310-q.htm"}, {"date": "2012-12-31", "symbol": "ADP", "fillingDate": "2013-02-06", "acceptedDate": "2013-02-06 12:41:25", "period": "Q2", "revenue": 2747800000, "costOfRevenue": 1624400000, "grossProfit": 1123400000, "grossProfitRatio": 0.4088361598369605, "researchAndDevelopmentExpenses": 0.0, "generalAndAdministrativeExpenses": 624700000, "sellingAndMarketingExpenses": 0.0, "otherExpenses": 1627400000, "operatingExpenses": 2252100000, "costAndExpenses": 3876500000, "interestExpense": 3000000.0, "depreciationAndAmortization": 96500000, "ebitda": 625300000, "ebitdaratio": 0.227563869277, "operatingIncome": 528800000, "operatingIncomeRatio": 0.192444864983, "totalOtherIncomeExpensesNet": 33100000, "incomeBeforeTax": 528800000, "incomeBeforeTaxRatio": 0.192444864983, "incomeTaxExpense": 176900000, "netIncome": 390800000, "netIncomeRatio": 0.142222869204, "eps": 0.81, "epsdiluted": 0.8, "weightedAverageShsOut": 482800000, "weightedAverageShsOutDil": 487700000, "link": "https://www.sec.gov/Archives/edgar/data/8670/000000867013000003/0000008670-13-000003-index.htm", "finalLink": "https://www.sec.gov/Archives/edgar/data/8670/000000867013000003/q2fy1310-q.htm"}, {"date": "2012-09-30", "symbol": "ADP", "fillingDate": "2012-11-02", "acceptedDate": "2012-11-02 09:22:33", "period": "Q1", "revenue": 2637500000, "costOfRevenue": 1586500000, "grossProfit": 1051000000, "grossProfitRatio": 0.39848341232227485, "researchAndDevelopmentExpenses": 0.0, "generalAndAdministrativeExpenses": 611400000, "sellingAndMarketingExpenses": 0.0, "otherExpenses": 1589600000, "operatingExpenses": 2201000000, "costAndExpenses": 3787500000, "interestExpense": 3100000.0, "depreciationAndAmortization": 97000000, "ebitda": 562600000, "ebitdaratio": 0.213308056872, "operatingIncome": 465600000, "operatingIncomeRatio": 0.176530805687, "totalOtherIncomeExpensesNet": 29100000, "incomeBeforeTax": 465600000, "incomeBeforeTaxRatio": 0.176530805687, "incomeTaxExpense": 163100000, "netIncome": 305300000, "netIncomeRatio": 0.115753554502, "eps": 0.63, "epsdiluted": 0.63, "weightedAverageShsOut": 483500000, "weightedAverageShsOutDil": 488400000, "link": "https://www.sec.gov/Archives/edgar/data/8670/000000867012000009/0000008670-12-000009-index.htm", "finalLink": "https://www.sec.gov/Archives/edgar/data/8670/000000867012000009/adp-2012930x10q.htm"}, {"date": "2012-06-30", "symbol": "ADP", "fillingDate": "2012-08-20", "acceptedDate": "2012-08-20 17:18:30", "period": "FY", "revenue": 2636600000, "costOfRevenue": 1589200000, "grossProfit": 1047400000, "grossProfitRatio": 0.3972540392930289, "researchAndDevelopmentExpenses": 0.0, "generalAndAdministrativeExpenses": 677400000, "sellingAndMarketingExpenses": 0.0, "otherExpenses": 1591500000, "operatingExpenses": 2268900000, "costAndExpenses": 3858100000, "interestExpense": 2300000.0, "depreciationAndAmortization": 100200000, "ebitda": 497700000, "ebitdaratio": 0.188765834787, "operatingIncome": 397500000, "operatingIncomeRatio": 0.150762345445, "totalOtherIncomeExpensesNet": 29800000, "incomeBeforeTax": 397500000, "incomeBeforeTaxRatio": 0.150762345445, "incomeTaxExpense": 139100000, "netIncome": 258400000, "netIncomeRatio": 0.0980050064477, "eps": 0.53, "epsdiluted": 0.53, "weightedAverageShsOut": 487300000, "weightedAverageShsOutDil": 1100000.0, "link": "https://www.sec.gov/Archives/edgar/data/8670/000120677412003634/0001206774-12-003634-index.htm", "finalLink": "https://www.sec.gov/Archives/edgar/data/8670/000120677412003634/adp_10k.htm"}, {"date": "2012-03-31", "symbol": "ADP", "fillingDate": "2012-05-04", "acceptedDate": "2012-05-04 12:59:31", "period": "Q3", "revenue": 2923100000, "costOfRevenue": 1624800000, "grossProfit": 1298300000, "grossProfitRatio": 0.4441517566966577, "researchAndDevelopmentExpenses": 0.0, "generalAndAdministrativeExpenses": 622100000, "sellingAndMarketingExpenses": 0.0, "otherExpenses": 1626000000, "operatingExpenses": 2248100000, "costAndExpenses": 3872900000, "interestExpense": 1200000.0, "depreciationAndAmortization": 97000000, "ebitda": 782600000, "ebitdaratio": 0.267729465294, "operatingIncome": 685600000, "operatingIncomeRatio": 0.234545516746, "totalOtherIncomeExpensesNet": 10600000, "incomeBeforeTax": 685600000, "incomeBeforeTaxRatio": 0.234545516746, "incomeTaxExpense": 233200000, "netIncome": 452400000, "netIncomeRatio": 0.154767199206, "eps": 0.93, "epsdiluted": 0.91, "weightedAverageShsOut": 487700000, "weightedAverageShsOutDil": 492700000, "link": "https://www.sec.gov/Archives/edgar/data/8670/000000867012000004/0000008670-12-000004-index.htm", "finalLink": "https://www.sec.gov/Archives/edgar/data/8670/000000867012000004/march2010q.htm"}, {"date": "2011-12-31", "symbol": "ADP", "fillingDate": "2012-02-07", "acceptedDate": "2012-02-07 16:10:28", "period": "Q2", "revenue": 2583000000, "costOfRevenue": 1519900000, "grossProfit": 1063100000, "grossProfitRatio": 0.4115756871854433, "researchAndDevelopmentExpenses": 0.0, "generalAndAdministrativeExpenses": 577500000, "sellingAndMarketingExpenses": 0.0, "otherExpenses": 1522000000, "operatingExpenses": 2099500000, "costAndExpenses": 3619400000, "interestExpense": 2100000.0, "depreciationAndAmortization": 93600000, "ebitda": 673300000, "ebitdaratio": 0.260665892373, "operatingIncome": 579700000, "operatingIncomeRatio": 0.224428958575, "totalOtherIncomeExpensesNet": 96200000, "incomeBeforeTax": 579700000, "incomeBeforeTaxRatio": 0.224428958575, "incomeTaxExpense": 204700000, "netIncome": 375000000, "netIncomeRatio": 0.145180023229, "eps": 0.77, "epsdiluted": 0.77, "weightedAverageShsOut": 487300000, "weightedAverageShsOutDil": 492800000, "link": "https://www.sec.gov/Archives/edgar/data/8670/000000867012000002/0000008670-12-000002-index.htm", "finalLink": "https://www.sec.gov/Archives/edgar/data/8670/000000867012000002/december2011q.htm"}, {"date": "2011-09-30", "symbol": "ADP", "fillingDate": "2011-11-04", "acceptedDate": "2011-11-04 12:01:04", "period": "Q1", "revenue": 2522500000, "costOfRevenue": 1506100000, "grossProfit": 1016400000, "grossProfitRatio": 0.40293359762140735, "researchAndDevelopmentExpenses": 0.0, "generalAndAdministrativeExpenses": 589200000, "sellingAndMarketingExpenses": 0.0, "otherExpenses": 1508200000, "operatingExpenses": 2097400000, "costAndExpenses": 3603500000, "interestExpense": 2100000.0, "depreciationAndAmortization": 92500000, "ebitda": 551800000, "ebitdaratio": 0.21875123885, "operatingIncome": 459300000, "operatingIncomeRatio": 0.182081268583, "totalOtherIncomeExpensesNet": 34200000, "incomeBeforeTax": 459300000, "incomeBeforeTaxRatio": 0.182081268583, "incomeTaxExpense": 156600000, "netIncome": 302700000, "netIncomeRatio": 0.12, "eps": 0.62, "epsdiluted": 0.61, "weightedAverageShsOut": 487900000, "weightedAverageShsOutDil": 493300000, "link": "https://www.sec.gov/Archives/edgar/data/8670/000120677411002415/0001206774-11-002415-index.htm", "finalLink": "https://www.sec.gov/Archives/edgar/data/8670/000120677411002415/adp_10q.htm"}, {"date": "2011-06-30", "symbol": "ADP", "fillingDate": "2011-08-24", "acceptedDate": "2011-08-24 13:00:20", "period": "FY", "revenue": 2507100000, "costOfRevenue": 1518700000, "grossProfit": 988400000, "grossProfitRatio": 0.39424035738502655, "researchAndDevelopmentExpenses": 0.0, "generalAndAdministrativeExpenses": 660300000, "sellingAndMarketingExpenses": 0.0, "otherExpenses": 1520400000, "operatingExpenses": 2180700000, "costAndExpenses": 3699400000, "interestExpense": 1700000.0, "depreciationAndAmortization": 91800000, "ebitda": 450500000, "ebitdaratio": 0.179689681305, "operatingIncome": 358700000, "operatingIncomeRatio": 0.143073670775, "totalOtherIncomeExpensesNet": 32300000, "incomeBeforeTax": 358700000, "incomeBeforeTaxRatio": 0.143073670775, "incomeTaxExpense": 116900000, "netIncome": 241800000, "netIncomeRatio": 0.0964460930956, "eps": 0.49, "epsdiluted": 0.49, "weightedAverageShsOut": 493500000, "weightedAverageShsOutDil": 1000000.0, "link": "https://www.sec.gov/Archives/edgar/data/8670/000120677411001935/0001206774-11-001935-index.htm", "finalLink": "https://www.sec.gov/Archives/edgar/data/8670/000120677411001935/adp_10k.htm"}, {"date": "2011-03-31", "symbol": "ADP", "fillingDate": "2011-05-06", "acceptedDate": "2011-05-06 11:32:00", "period": "Q3", "revenue": 2737200000, "costOfRevenue": 4212800000, "grossProfit": -1475600000, "grossProfitRatio": -0.5390910419406693, "researchAndDevelopmentExpenses": 0.0, "generalAndAdministrativeExpenses": 1663000000, "sellingAndMarketingExpenses": 0.0, "otherExpenses": 4219700000, "operatingExpenses": 5882700000, "costAndExpenses": 10095500000, "interestExpense": 6900000.0, "depreciationAndAmortization": 94700000, "ebitda": 747700000, "ebitdaratio": 0.273162355692, "operatingIncome": 653000000, "operatingIncomeRatio": 0.23856495689, "totalOtherIncomeExpensesNet": 15000000, "incomeBeforeTax": 653000000, "incomeBeforeTaxRatio": 0.23856495689, "incomeTaxExpense": 544400000, "netIncome": 423800000, "netIncomeRatio": 0.154829753032, "eps": 0.86, "epsdiluted": 0.84, "weightedAverageShsOut": 493200000, "weightedAverageShsOutDil": 497500000, "link": "https://www.sec.gov/Archives/edgar/data/8670/000000867011000010/0000008670-11-000010-index.htm", "finalLink": "https://www.sec.gov/Archives/edgar/data/8670/000000867011000010/march2011q.htm"}, {"date": "2010-12-31", "symbol": "ADP", "fillingDate": "2011-02-09", "acceptedDate": "2011-02-09 11:33:24", "period": "Q2", "revenue": 2405800000, "costOfRevenue": 1381000000, "grossProfit": 1024800000, "grossProfitRatio": 0.4259705711197938, "researchAndDevelopmentExpenses": 0.0, "generalAndAdministrativeExpenses": 570000000, "sellingAndMarketingExpenses": 0.0, "otherExpenses": 604000000, "operatingExpenses": 1174000000, "costAndExpenses": 2555000000, "interestExpense": 0.0, "depreciationAndAmortization": 96800000, "ebitda": 581400000, "ebitdaratio": 0.241665973896, "operatingIncome": 484600000, "operatingIncomeRatio": 0.201429877795, "totalOtherIncomeExpensesNet": 32100000, "incomeBeforeTax": 484600000, "incomeBeforeTaxRatio": 0.201429877795, "incomeTaxExpense": 9600000.0, "netIncome": 310100000, "netIncomeRatio": 0.128896832654, "eps": 0.63, "epsdiluted": 0.63, "weightedAverageShsOut": 491700000, "weightedAverageShsOutDil": 495900000, "link": "https://www.sec.gov/Archives/edgar/data/8670/000000867011000007/0000008670-11-000007-index.htm", "finalLink": "https://www.sec.gov/Archives/edgar/data/8670/000000867011000007/decemberq2011.htm"}, {"date": "2010-09-30", "symbol": "ADP", "fillingDate": "2010-11-04", "acceptedDate": "2010-11-04 16:26:46", "period": "Q1", "revenue": 2229400000, "costOfRevenue": 1311000000, "grossProfit": 918400000, "grossProfitRatio": 0.41194940342693104, "researchAndDevelopmentExpenses": 0.0, "generalAndAdministrativeExpenses": 515000000, "sellingAndMarketingExpenses": 0.0, "otherExpenses": 601000000, "operatingExpenses": 1116000000, "costAndExpenses": 2427000000, "interestExpense": 0.0, "depreciationAndAmortization": 88500000, "ebitda": 524900000, "ebitdaratio": 0.235444514219, "operatingIncome": 436400000, "operatingIncomeRatio": 0.195747734817, "totalOtherIncomeExpensesNet": 37200000, "incomeBeforeTax": 436400000, "incomeBeforeTaxRatio": 0.195747734817, "incomeTaxExpense": 7600000.0, "netIncome": 278500000, "netIncomeRatio": 0.124921503544, "eps": 0.56, "epsdiluted": 0.56, "weightedAverageShsOut": 491400000, "weightedAverageShsOutDil": 494900000, "link": "https://www.sec.gov/Archives/edgar/data/8670/000000867010000026/0000008670-10-000026-index.htm", "finalLink": "https://www.sec.gov/Archives/edgar/data/8670/000000867010000026/fy11sept10q.htm"}, {"date": "2010-06-30", "symbol": "ADP", "fillingDate": "2010-08-25", "acceptedDate": "2010-08-25 15:19:46", "period": "FY", "revenue": 2190300000, "costOfRevenue": 1282300000, "grossProfit": 908000000, "grossProfitRatio": 0.41455508377847783, "researchAndDevelopmentExpenses": 0.0, "generalAndAdministrativeExpenses": 611900000, "sellingAndMarketingExpenses": 0.0, "otherExpenses": 1284100000, "operatingExpenses": 1896000000, "costAndExpenses": 3178300000, "interestExpense": 1800000.0, "depreciationAndAmortization": 90100000, "ebitda": 395600000, "ebitdaratio": 0.18061452769, "operatingIncome": 305500000, "operatingIncomeRatio": 0.139478610236, "totalOtherIncomeExpensesNet": 11200000, "incomeBeforeTax": 305500000, "incomeBeforeTaxRatio": 0.139478610236, "incomeTaxExpense": 97900000, "netIncome": 207900000, "netIncomeRatio": 0.0949185043145, "eps": 0.42, "epsdiluted": 0.42, "weightedAverageShsOut": 500500000, "weightedAverageShsOutDil": 503700000, "link": "https://www.sec.gov/Archives/edgar/data/8670/000120677410001881/0001206774-10-001881-index.htm", "finalLink": "https://www.sec.gov/Archives/edgar/data/8670/000120677410001881/adp_10k.htm"}, {"date": "2010-03-31", "symbol": "ADP", "fillingDate": "2010-05-06", "acceptedDate": "2010-05-06 16:13:23", "period": "Q3", "revenue": 6652329000, "costOfRevenue": 3725126000, "grossProfit": 2927203000, "grossProfitRatio": 0.44002679362370684, "researchAndDevelopmentExpenses": -70705000, "generalAndAdministrativeExpenses": 1485168000, "sellingAndMarketingExpenses": -38453000, "otherExpenses": 3754200000, "operatingExpenses": 5130210000, "costAndExpenses": 8853638000, "interestExpense": 6800000.0, "depreciationAndAmortization": 264139000, "ebitda": 1900230000, "ebitdaratio": 0.285648830658, "operatingIncome": 1636091000, "operatingIncomeRatio": 0.245942586423, "totalOtherIncomeExpensesNet": 90000000, "incomeBeforeTax": 1626306000, "incomeBeforeTaxRatio": 0.244471673004, "incomeTaxExpense": 558000000, "netIncome": 1072106000, "netIncomeRatio": 0.16116250414, "eps": 3.01, "epsdiluted": 2.99, "weightedAverageShsOut": 501900000, "weightedAverageShsOutDil": 504800000, "link": "https://www.sec.gov/Archives/edgar/data/8670/000000867010000012/0000008670-10-000012-index.htm", "finalLink": "https://www.sec.gov/Archives/edgar/data/8670/000000867010000012/march10q.htm"}, {"date": "2009-12-31", "symbol": "ADP", "fillingDate": "2010-02-09", "acceptedDate": "2010-02-09 16:49:02", "period": "Q2", "revenue": 2205000000, "costOfRevenue": 1231000000, "grossProfit": 974000000, "grossProfitRatio": 0.4417233560090703, "researchAndDevelopmentExpenses": 0.0, "generalAndAdministrativeExpenses": 520000000, "sellingAndMarketingExpenses": 0.0, "otherExpenses": 531000000, "operatingExpenses": 1051000000, "costAndExpenses": 2282000000, "interestExpense": -2000000.0, "depreciationAndAmortization": 78000000, "ebitda": 393000000, "ebitdaratio": 0.1782312925170068, "operatingIncome": 315000000, "operatingIncomeRatio": 0.14285714285714285, "totalOtherIncomeExpensesNet": -30000000, "incomeBeforeTax": 480000000, "incomeBeforeTaxRatio": 0.21768707482993196, "incomeTaxExpense": 164000000, "netIncome": 316000000, "netIncomeRatio": 0.14331065759637188, "eps": 1.2, "epsdiluted": 1.2, "weightedAverageShsOut": 501900000, "weightedAverageShsOutDil": 504800000, "link": "https://www.sec.gov/Archives/edgar/data/8670/000000867010000005/0000008670-10-000005-index.htm", "finalLink": "https://www.sec.gov/Archives/edgar/data/8670/000000867010000005/dec10qfy10new.htm"}, {"date": "2009-09-30", "symbol": "ADP", "fillingDate": "2009-11-06", "acceptedDate": "2009-11-06 17:04:43", "period": "Q1", "revenue": 2102000000, "costOfRevenue": 1193000000, "grossProfit": 909000000, "grossProfitRatio": 0.4324452901998097, "researchAndDevelopmentExpenses": 0.0, "generalAndAdministrativeExpenses": 492000000, "sellingAndMarketingExpenses": 0.0, "otherExpenses": 514000000, "operatingExpenses": 1006000000, "costAndExpenses": 2199000000, "interestExpense": -3000000.0, "depreciationAndAmortization": 77000000, "ebitda": 361000000, "ebitdaratio": 0.17174119885823025, "operatingIncome": 284000000, "operatingIncomeRatio": 0.1351094196003806, "totalOtherIncomeExpensesNet": -33000000, "incomeBeforeTax": 447000000, "incomeBeforeTaxRatio": 0.2126546146527117, "incomeTaxExpense": 163000000, "netIncome": 284000000, "netIncomeRatio": 0.1351094196003806, "eps": 0.57, "epsdiluted": 0.57, "weightedAverageShsOut": 501900000, "weightedAverageShsOutDil": 504800000, "link": "https://www.sec.gov/Archives/edgar/data/8670/000000867009000037/0000008670-09-000037-index.htm", "finalLink": "https://www.sec.gov/Archives/edgar/data/8670/000000867009000037/sept10q.htm"}, {"date": "2009-06-30", "symbol": "ADP", "fillingDate": "2009-08-28", "acceptedDate": "2009-08-28 11:08:56", "period": "FY", "revenue": 2108000000, "costOfRevenue": 1197000000, "grossProfit": 911000000, "grossProfitRatio": 0.4321631878557875, "researchAndDevelopmentExpenses": 0.0, "generalAndAdministrativeExpenses": 577000000, "sellingAndMarketingExpenses": 0.0, "otherExpenses": 432000000, "operatingExpenses": 1009000000, "costAndExpenses": 2206000000, "interestExpense": -4000000.0, "depreciationAndAmortization": 80000000, "ebitda": 427000000, "ebitdaratio": 0.20256166982922202, "operatingIncome": 347000000, "operatingIncomeRatio": 0.16461100569259962, "totalOtherIncomeExpensesNet": -31000000, "incomeBeforeTax": 361000000, "incomeBeforeTaxRatio": 0.17125237191650855, "incomeTaxExpense": 14000000, "netIncome": 347000000, "netIncomeRatio": 0.16461100569259962, "eps": 2.64, "epsdiluted": 2.64, "weightedAverageShsOut": 503000000, "weightedAverageShsOutDil": 503000000, "link": "https://www.sec.gov/Archives/edgar/data/8670/000120677409001642/0001206774-09-001642-index.htm", "finalLink": "https://www.sec.gov/Archives/edgar/data/8670/000120677409001642/adp_10k.htm"}, {"date": "2009-03-31", "symbol": "ADP", "fillingDate": "2009-05-08", "acceptedDate": "2009-05-08 17:28:46", "period": "Q3", "revenue": 2375000000, "costOfRevenue": 1218000000, "grossProfit": 1157000000, "grossProfitRatio": 0.4871578947368421, "researchAndDevelopmentExpenses": 0.0, "generalAndAdministrativeExpenses": 521000000, "sellingAndMarketingExpenses": 0.0, "otherExpenses": 518000000, "operatingExpenses": 1039000000, "costAndExpenses": 2257000000, "interestExpense": -2000000.0, "depreciationAndAmortization": 77000000, "ebitda": 480000000, "ebitdaratio": 0.20210526315789473, "operatingIncome": 403000000, "operatingIncomeRatio": 0.1696842105263158, "totalOtherIncomeExpensesNet": 4000000.0, "incomeBeforeTax": 629000000, "incomeBeforeTaxRatio": 0.2648421052631579, "incomeTaxExpense": 226000000, "netIncome": 403000000, "netIncomeRatio": 0.1696842105263158, "eps": 1.95, "epsdiluted": 1.95, "weightedAverageShsOut": 504000000, "weightedAverageShsOutDil": 504000000, "link": "https://www.sec.gov/Archives/edgar/data/8670/000000867009000025/0000008670-09-000025-index.htm", "finalLink": "https://www.sec.gov/Archives/edgar/data/8670/000000867009000025/march09_10q.htm"}, {"date": "2008-12-31", "symbol": "ADP", "fillingDate": "2009-02-09", "acceptedDate": "2009-02-09 11:28:25", "period": "Q2", "revenue": 2203000000, "costOfRevenue": 1188000000, "grossProfit": 1015000000, "grossProfitRatio": 0.4607353608715388, "researchAndDevelopmentExpenses": 0.0, "generalAndAdministrativeExpenses": 573000000, "sellingAndMarketingExpenses": 0.0, "otherExpenses": 435000000, "operatingExpenses": 1008000000, "costAndExpenses": 2196000000, "interestExpense": -8000000.0, "depreciationAndAmortization": 74000000, "ebitda": 374000000, "ebitdaratio": 0.16976849750340445, "operatingIncome": 300000000, "operatingIncomeRatio": 0.13617793917385385, "totalOtherIncomeExpensesNet": -39000000, "incomeBeforeTax": 473000000, "incomeBeforeTaxRatio": 0.21470721743077623, "incomeTaxExpense": 173000000, "netIncome": 300000000, "netIncomeRatio": 0.13617793917385385, "eps": 1.14, "epsdiluted": 1.14, "weightedAverageShsOut": 505000000, "weightedAverageShsOutDil": 505000000, "link": "https://www.sec.gov/Archives/edgar/data/8670/000000867009000012/0000008670-09-000012-index.htm", "finalLink": "https://www.sec.gov/Archives/edgar/data/8670/000000867009000012/dec0810q.htm"}, {"date": "2008-09-30", "symbol": "ADP", "fillingDate": "2008-11-07", "acceptedDate": "2008-11-07 17:31:06", "period": "Q1", "revenue": 2181000000, "costOfRevenue": 1236000000, "grossProfit": 945000000, "grossProfitRatio": 0.4332874828060523, "researchAndDevelopmentExpenses": 0.0, "generalAndAdministrativeExpenses": 526000000, "sellingAndMarketingExpenses": 0.0, "otherExpenses": 520000000, "operatingExpenses": 1046000000, "costAndExpenses": 2282000000, "interestExpense": -19000000, "depreciationAndAmortization": 77000000, "ebitda": 355000000, "ebitdaratio": 0.16276937184777626, "operatingIncome": 278000000, "operatingIncomeRatio": 0.12746446584135718, "totalOtherIncomeExpensesNet": -42000000, "incomeBeforeTax": 441000000, "incomeBeforeTaxRatio": 0.20220082530949107, "incomeTaxExpense": 163000000, "netIncome": 278000000, "netIncomeRatio": 0.12746446584135718, "eps": 0.55, "epsdiluted": 0.55, "weightedAverageShsOut": 507000000, "weightedAverageShsOutDil": 507000000, "link": "https://www.sec.gov/Archives/edgar/data/8670/000000867008000073/0000008670-08-000073-index.htm", "finalLink": "https://www.sec.gov/Archives/edgar/data/8670/000000867008000073/sept09q.htm"}, {"date": "2008-06-30", "symbol": "ADP", "fillingDate": "2008-08-29", "acceptedDate": "2008-08-29 11:43:36", "period": "FY", "revenue": 2207000000, "costOfRevenue": 1196000000, "grossProfit": 1011000000, "grossProfitRatio": 0.45808790212958767, "researchAndDevelopmentExpenses": 0.0, "generalAndAdministrativeExpenses": 697000000, "sellingAndMarketingExpenses": 0.0, "otherExpenses": 297000000, "operatingExpenses": 994000000, "costAndExpenses": 2190000000, "interestExpense": -12000000, "depreciationAndAmortization": 73000000, "ebitda": 299000000, "ebitdaratio": 0.13547802446760307, "operatingIncome": 226000000, "operatingIncomeRatio": 0.10240144993203444, "totalOtherIncomeExpensesNet": 280000000, "incomeBeforeTax": 355000000, "incomeBeforeTaxRatio": 0.16085183507023107, "incomeTaxExpense": 129000000, "netIncome": 226000000, "netIncomeRatio": 0.10240144993203444, "eps": 2.2, "epsdiluted": 2.2, "weightedAverageShsOut": 528181818, "weightedAverageShsOutDil": 528181818, "link": "https://www.sec.gov/Archives/edgar/data/8670/000120677408001519/0001206774-08-001519-index.htm", "finalLink": "https://www.sec.gov/Archives/edgar/data/8670/000120677408001519/adp_10k.htm"}, {"date": "2008-03-31", "symbol": "ADP", "fillingDate": "2008-05-09", "acceptedDate": "2008-05-09 14:46:07", "period": "Q3", "revenue": 2427000000, "costOfRevenue": 1224000000, "grossProfit": 1203000000, "grossProfitRatio": 0.4956736711990111, "researchAndDevelopmentExpenses": 0.0, "generalAndAdministrativeExpenses": 585000000, "sellingAndMarketingExpenses": 0.0, "otherExpenses": 448000000, "operatingExpenses": 1033000000, "costAndExpenses": 2257000000, "interestExpense": -8000000.0, "depreciationAndAmortization": 79000000, "ebitda": 482000000, "ebitdaratio": 0.19859909353110836, "operatingIncome": 403000000, "operatingIncomeRatio": 0.16604861969509682, "totalOtherIncomeExpensesNet": -26000000, "incomeBeforeTax": 635000000, "incomeBeforeTaxRatio": 0.261639884631232, "incomeTaxExpense": 231000000, "netIncome": 404000000, "netIncomeRatio": 0.1664606510094767, "eps": 1.79, "epsdiluted": 1.79, "weightedAverageShsOut": 524000000, "weightedAverageShsOutDil": 524000000, "link": "https://www.sec.gov/Archives/edgar/data/8670/000000867008000043/0000008670-08-000043-index.htm", "finalLink": "https://www.sec.gov/Archives/edgar/data/8670/000000867008000043/march08q.htm"}, {"date": "2007-12-31", "symbol": "ADP", "fillingDate": "2008-02-11", "acceptedDate": "2008-02-11 12:52:56", "period": "Q2", "revenue": 2150000000, "costOfRevenue": 1168000000, "grossProfit": 982000000, "grossProfitRatio": 0.4567441860465116, "researchAndDevelopmentExpenses": 0.0, "generalAndAdministrativeExpenses": 555000000, "sellingAndMarketingExpenses": 0.0, "otherExpenses": 425000000, "operatingExpenses": 980000000, "costAndExpenses": 2148000000, "interestExpense": -31000000, "depreciationAndAmortization": 92000000, "ebitda": 384000000, "ebitdaratio": 0.1786046511627907, "operatingIncome": 292000000, "operatingIncomeRatio": 0.13581395348837208, "totalOtherIncomeExpensesNet": -44000000, "incomeBeforeTax": 441000000, "incomeBeforeTaxRatio": 0.20511627906976745, "incomeTaxExpense": 149000000, "netIncome": 292000000, "netIncomeRatio": 0.13581395348837208, "eps": 1.01, "epsdiluted": 1.01, "weightedAverageShsOut": 525000000, "weightedAverageShsOutDil": 525000000, "link": "https://www.sec.gov/Archives/edgar/data/8670/000000867008000012/0000008670-08-000012-index.htm", "finalLink": "https://www.sec.gov/Archives/edgar/data/8670/000000867008000012/decem0810q.htm"}, {"date": "2007-09-30", "symbol": "ADP", "fillingDate": "2007-11-09", "acceptedDate": "2007-11-09 14:58:50", "period": "Q1", "revenue": 1992000000, "costOfRevenue": 1092000000, "grossProfit": 900000000, "grossProfitRatio": 0.45180722891566266, "researchAndDevelopmentExpenses": 0.0, "generalAndAdministrativeExpenses": 533000000, "sellingAndMarketingExpenses": 0.0, "otherExpenses": 375000000, "operatingExpenses": 908000000, "costAndExpenses": 2000000000, "interestExpense": -29000000, "depreciationAndAmortization": 75000000, "ebitda": 315000000, "ebitdaratio": 0.15813253012048192, "operatingIncome": 240000000, "operatingIncomeRatio": 0.12048192771084337, "totalOtherIncomeExpensesNet": -44000000, "incomeBeforeTax": 381000000, "incomeBeforeTaxRatio": 0.19126506024096385, "incomeTaxExpense": 141000000, "netIncome": 240000000, "netIncomeRatio": 0.12048192771084337, "eps": 0.45, "epsdiluted": 0.45, "weightedAverageShsOut": 529000000, "weightedAverageShsOutDil": 529000000, "link": "https://www.sec.gov/Archives/edgar/data/8670/000000867007000251/0000008670-07-000251-index.htm", "finalLink": "https://www.sec.gov/Archives/edgar/data/8670/000000867007000251/sept10q.htm"}, {"date": "2007-06-30", "symbol": "ADP", "fillingDate": "2007-08-29", "acceptedDate": "2007-08-29 16:35:15", "period": "FY", "revenue": 1946000000, "costOfRevenue": 1039000000, "grossProfit": 907000000, "grossProfitRatio": 0.4660842754367934, "researchAndDevelopmentExpenses": 0.0, "generalAndAdministrativeExpenses": 636000000, "sellingAndMarketingExpenses": 0.0, "otherExpenses": 220000000, "operatingExpenses": 856000000, "costAndExpenses": 1895000000, "interestExpense": -20000000, "depreciationAndAmortization": 74000000, "ebitda": 255000000, "ebitdaratio": 0.13103802672147996, "operatingIncome": 181000000, "operatingIncomeRatio": 0.09301130524152107, "totalOtherIncomeExpensesNet": 386000000, "incomeBeforeTax": 287000000, "incomeBeforeTaxRatio": 0.1474820143884892, "incomeTaxExpense": 107000000, "netIncome": 180000000, "netIncomeRatio": 0.09249743062692703, "eps": 1.83, "epsdiluted": 1.83, "weightedAverageShsOut": 557923497, "weightedAverageShsOutDil": 557923497, "link": "https://www.sec.gov/Archives/edgar/data/8670/000120677407002085/0001206774-07-002085-index.htm", "finalLink": "https://www.sec.gov/Archives/edgar/data/8670/000120677407002085/adp_10-k.htm"}, {"date": "2007-03-31", "symbol": "ADP", "fillingDate": "2007-05-09", "acceptedDate": "2007-05-09 17:01:09", "period": "Q3", "revenue": 1339000000, "costOfRevenue": 432000000, "grossProfit": 907000000, "grossProfitRatio": 0.6773711725168036, "researchAndDevelopmentExpenses": 0.0, "generalAndAdministrativeExpenses": 462000000, "sellingAndMarketingExpenses": 0.0, "otherExpenses": -135000000, "operatingExpenses": 327000000, "costAndExpenses": 759000000, "interestExpense": -74000000, "depreciationAndAmortization": 46000000, "ebitda": 348000000, "ebitdaratio": 0.2598954443614638, "operatingIncome": 302000000, "operatingIncomeRatio": 0.22554144884241972, "totalOtherIncomeExpensesNet": -93000000, "incomeBeforeTax": 474000000, "incomeBeforeTaxRatio": 0.35399551904406273, "incomeTaxExpense": 171000000, "netIncome": 303000000, "netIncomeRatio": 0.22628827483196415, "eps": 1.52, "epsdiluted": 1.52, "weightedAverageShsOut": 551000000, "weightedAverageShsOutDil": 551000000, "link": "https://www.sec.gov/Archives/edgar/data/8670/000115752307004891/0001157523-07-004891-index.htm", "finalLink": "https://www.sec.gov/Archives/edgar/data/8670/000115752307004891/a5398369.htm"}, {"date": "2006-12-31", "symbol": "ADP", "fillingDate": "2007-02-09", "acceptedDate": "2007-02-09 13:25:44", "period": "Q2", "revenue": 2298000000, "costOfRevenue": 2616000000, "grossProfit": -318000000, "grossProfitRatio": -0.13838120104438642, "researchAndDevelopmentExpenses": 0.0, "generalAndAdministrativeExpenses": 580000000, "sellingAndMarketingExpenses": 0.0, "otherExpenses": 518000000, "operatingExpenses": 1098000000, "costAndExpenses": 3714000000, "interestExpense": 0.0, "depreciationAndAmortization": 87000000, "ebitda": 368000000, "ebitdaratio": 0.16013925152306355, "operatingIncome": 281000000, "operatingIncomeRatio": 0.12228024369016537, "totalOtherIncomeExpensesNet": -28000000, "incomeBeforeTax": 450000000, "incomeBeforeTaxRatio": 0.195822454308094, "incomeTaxExpense": 169000000, "netIncome": 281000000, "netIncomeRatio": 0.12228024369016537, "eps": 0.98, "epsdiluted": 0.98, "weightedAverageShsOut": 551000000, "weightedAverageShsOutDil": 551000000, "link": "https://www.sec.gov/Archives/edgar/data/8670/000000867007000103/0000008670-07-000103-index.htm", "finalLink": "https://www.sec.gov/Archives/edgar/data/8670/000000867007000103/decq07v3.htm"}, {"date": "2006-09-30", "symbol": "ADP", "fillingDate": "2006-11-09", "acceptedDate": "2006-11-09 14:05:56", "period": "Q1", "revenue": 2217000000, "costOfRevenue": 0.0, "grossProfit": 2217000000, "grossProfitRatio": 1.0, "researchAndDevelopmentExpenses": 0.0, "generalAndAdministrativeExpenses": 528000000, "sellingAndMarketingExpenses": 0.0, "otherExpenses": 583000000, "operatingExpenses": 1111000000, "costAndExpenses": 1111000000, "interestExpense": 0.0, "depreciationAndAmortization": 81000000, "ebitda": 338000000, "ebitdaratio": 0.15245827695083447, "operatingIncome": 257000000, "operatingIncomeRatio": 0.11592241768155165, "totalOtherIncomeExpensesNet": -54000000, "incomeBeforeTax": 412000000, "incomeBeforeTaxRatio": 0.18583671628326567, "incomeTaxExpense": 155000000, "netIncome": 257000000, "netIncomeRatio": 0.11592241768155165, "eps": 0.46, "epsdiluted": 0.46, "weightedAverageShsOut": 554000000, "weightedAverageShsOutDil": 554000000, "link": "https://www.sec.gov/Archives/edgar/data/8670/000000867006000268/0000008670-06-000268-index.htm", "finalLink": "https://www.sec.gov/Archives/edgar/data/8670/000000867006000268/septq07.htm"}, {"date": "2006-06-30", "symbol": "ADP", "fillingDate": "2006-08-30", "acceptedDate": "2006-08-30 15:13:49", "period": "FY", "revenue": 2474000000, "costOfRevenue": 0.0, "grossProfit": 2474000000, "grossProfitRatio": 1.0, "researchAndDevelopmentExpenses": 0.0, "generalAndAdministrativeExpenses": 603000000, "sellingAndMarketingExpenses": 0.0, "otherExpenses": 650000000, "operatingExpenses": 1253000000, "costAndExpenses": 1253000000, "interestExpense": 0.0, "depreciationAndAmortization": 75000000, "ebitda": 328000000, "ebitdaratio": 0.13257881972514146, "operatingIncome": 253000000, "operatingIncomeRatio": 0.10226354082457559, "totalOtherIncomeExpensesNet": -37000000, "incomeBeforeTax": 425000000, "incomeBeforeTaxRatio": 0.17178658043654002, "incomeTaxExpense": 171000000, "netIncome": 254000000, "netIncomeRatio": 0.1026677445432498, "eps": 1.87, "epsdiluted": 1.87, "weightedAverageShsOut": 574000000, "weightedAverageShsOutDil": 574000000, "link": "https://www.sec.gov/Archives/edgar/data/8670/000120677406001911/0001206774-06-001911-index.htm", "finalLink": "https://www.sec.gov/Archives/edgar/data/8670/000120677406001911/adp_10k1.htm"}, {"date": "2006-03-31", "symbol": "ADP", "fillingDate": "2006-05-10", "acceptedDate": "2006-05-10 16:24:10", "period": "Q3", "revenue": 2228000000, "costOfRevenue": 0.0, "grossProfit": 2228000000, "grossProfitRatio": 1.0, "researchAndDevelopmentExpenses": 0.0, "generalAndAdministrativeExpenses": 461000000, "sellingAndMarketingExpenses": 0.0, "otherExpenses": 628000000, "operatingExpenses": 1089000000, "costAndExpenses": 1089000000, "interestExpense": 0.0, "depreciationAndAmortization": 56000000, "ebitda": 381000000, "ebitdaratio": 0.17100538599640933, "operatingIncome": 325000000, "operatingIncomeRatio": 0.14587073608617596, "totalOtherIncomeExpensesNet": -15000000, "incomeBeforeTax": 525000000, "incomeBeforeTaxRatio": 0.23563734290843807, "incomeTaxExpense": 200000000, "netIncome": 325000000, "netIncomeRatio": 0.14587073608617596, "eps": 1.42, "epsdiluted": 1.42, "weightedAverageShsOut": 577000000, "weightedAverageShsOutDil": 577000000, "link": "https://www.sec.gov/Archives/edgar/data/8670/000000867006000104/0000008670-06-000104-index.htm", "finalLink": "https://www.sec.gov/Archives/edgar/data/8670/000000867006000104/march10q.htm"}]