[{"date": "2020-03-31", "symbol": "ANSS", "fillingDate": "2020-05-06", "acceptedDate": "2020-05-06 16:54:48", "period": "Q1", "revenue": 304985000, "costOfRevenue": 50116000, "grossProfit": 254869000, "grossProfitRatio": 0.8356771644507107, "researchAndDevelopmentExpenses": 86112000, "generalAndAdministrativeExpenses": 130522000, "sellingAndMarketingExpenses": 0.0, "otherExpenses": 4162000.0, "operatingExpenses": 220796000, "costAndExpenses": 270912000, "interestExpense": 3651000.0, "depreciationAndAmortization": 25777000, "ebitda": 59850000, "ebitdaratio": 0.196239159303, "operatingIncome": 34073000, "operatingIncomeRatio": 0.111720248537, "totalOtherIncomeExpensesNet": 127000.0, "incomeBeforeTax": 33324000, "incomeBeforeTaxRatio": 0.109264390052, "incomeTaxExpense": -12740000, "netIncome": 46064000, "netIncomeRatio": 0.151036936243, "eps": 0.54, "epsdiluted": 0.53, "weightedAverageShsOut": 85798000, "weightedAverageShsOutDil": 87369000, "link": "https://www.sec.gov/Archives/edgar/data/1013462/000101346220000015/0001013462-20-000015-index.htm", "finalLink": "https://www.sec.gov/Archives/edgar/data/1013462/000101346220000015/anss2020033110q.htm"}, {"date": "2019-12-31", "symbol": "ANSS", "fillingDate": "2020-02-27", "acceptedDate": "2020-02-27 10:57:42", "period": "FY", "revenue": 486228000, "costOfRevenue": 49596000, "grossProfit": 436632000, "grossProfitRatio": 0.897998469853649, "researchAndDevelopmentExpenses": 79152000, "generalAndAdministrativeExpenses": 167937000, "sellingAndMarketingExpenses": 0.0, "otherExpenses": 3827000.0, "operatingExpenses": 250916000, "costAndExpenses": 300512000, "interestExpense": 3461000.0, "depreciationAndAmortization": 22847000, "ebitda": 208563000, "ebitdaratio": 0.428940743849, "operatingIncome": 185716000, "operatingIncomeRatio": 0.38195249965, "totalOtherIncomeExpensesNet": 1498000.0, "incomeBeforeTax": 185147000, "incomeBeforeTaxRatio": 0.380782266756, "incomeTaxExpense": 19295000, "netIncome": 165852000, "netIncomeRatio": 0.341099237395, "eps": 1.96, "epsdiluted": 1.91, "weightedAverageShsOut": 84259000, "weightedAverageShsOutDil": 85925000, "link": "https://www.sec.gov/Archives/edgar/data/1013462/000101346220000004/0001013462-20-000004-index.htm", "finalLink": "https://www.sec.gov/Archives/edgar/data/1013462/000101346220000004/anss2019123110k.htm"}, {"date": "2019-09-30", "symbol": "ANSS", "fillingDate": "2019-11-07", "acceptedDate": "2019-11-07 10:35:05", "period": "Q3", "revenue": 343899000, "costOfRevenue": 41365000, "grossProfit": 302534000, "grossProfitRatio": 0.8797175915021561, "researchAndDevelopmentExpenses": 73018000, "generalAndAdministrativeExpenses": 120682000, "sellingAndMarketingExpenses": 0.0, "otherExpenses": 3787000.0, "operatingExpenses": 197487000, "costAndExpenses": 238852000, "interestExpense": 0.0, "depreciationAndAmortization": 19640000, "ebitda": 124687000, "ebitdaratio": 0.362568661148, "operatingIncome": 105047000, "operatingIncomeRatio": 0.305458870192, "totalOtherIncomeExpensesNet": -1498000.0, "incomeBeforeTax": 108829000, "incomeBeforeTaxRatio": 0.31645628513, "incomeTaxExpense": 19366000, "netIncome": 89463000, "netIncomeRatio": 0.26014323973, "eps": 1.06, "epsdiluted": 1.05, "weightedAverageShsOut": 83951000, "weightedAverageShsOutDil": 85570000, "link": "https://www.sec.gov/Archives/edgar/data/1013462/000101346219000013/0001013462-19-000013-index.htm", "finalLink": "https://www.sec.gov/Archives/edgar/data/1013462/000101346219000013/anss2019093010q.htm"}, {"date": "2019-06-30", "symbol": "ANSS", "fillingDate": "2019-08-06", "acceptedDate": "2019-08-06 10:13:01", "period": "Q2", "revenue": 368635000, "costOfRevenue": 40497000, "grossProfit": 328138000, "grossProfitRatio": 0.8901433667448831, "researchAndDevelopmentExpenses": 75302000, "generalAndAdministrativeExpenses": 120412000, "sellingAndMarketingExpenses": 0.0, "otherExpenses": 3796000.0, "operatingExpenses": 199510000, "costAndExpenses": 240007000, "interestExpense": 0.0, "depreciationAndAmortization": 18590000, "ebitda": 147218000, "ebitdaratio": 0.399359800345, "operatingIncome": 128628000, "operatingIncomeRatio": 0.348930513923, "totalOtherIncomeExpensesNet": 0.0, "incomeBeforeTax": 129941000, "incomeBeforeTaxRatio": 0.352492302684, "incomeTaxExpense": 20191000, "netIncome": 109750000, "netIncomeRatio": 0.297719966905, "eps": 1.31, "epsdiluted": 1.28, "weightedAverageShsOut": 83871000, "weightedAverageShsOutDil": 85488000, "link": "https://www.sec.gov/Archives/edgar/data/1013462/000101346219000011/0001013462-19-000011-index.htm", "finalLink": "https://www.sec.gov/Archives/edgar/data/1013462/000101346219000011/anss2019063010q.htm"}, {"date": "2019-03-31", "symbol": "ANSS", "fillingDate": "2019-05-02", "acceptedDate": "2019-05-02 10:00:34", "period": "Q1", "revenue": 317130000, "costOfRevenue": 34815000, "grossProfit": 282315000, "grossProfitRatio": 0.8902185223725286, "researchAndDevelopmentExpenses": 70738000, "generalAndAdministrativeExpenses": 112169000, "sellingAndMarketingExpenses": 0.0, "otherExpenses": 3759000.0, "operatingExpenses": 186666000, "costAndExpenses": 221481000, "interestExpense": 0.0, "depreciationAndAmortization": 17898000, "ebitda": 113547000, "ebitdaratio": 0.358045596443, "operatingIncome": 95649000, "operatingIncomeRatio": 0.301608173304, "totalOtherIncomeExpensesNet": 0.0, "incomeBeforeTax": 98666000, "incomeBeforeTaxRatio": 0.311121622048, "incomeTaxExpense": 12436000, "netIncome": 86230000, "netIncomeRatio": 0.27190741967, "eps": 1.03, "epsdiluted": 1.01, "weightedAverageShsOut": 83764000, "weightedAverageShsOutDil": 85493000, "link": "https://www.sec.gov/Archives/edgar/data/1013462/000101346219000008/0001013462-19-000008-index.htm", "finalLink": "https://www.sec.gov/Archives/edgar/data/1013462/000101346219000008/anss2019033110q.htm"}, {"date": "2018-12-31", "symbol": "ANSS", "fillingDate": "2019-02-28", "acceptedDate": "2019-02-28 12:10:34", "period": "FY", "revenue": 415432000, "costOfRevenue": 40089000, "grossProfit": 375343000, "grossProfitRatio": 0.9035004525409694, "researchAndDevelopmentExpenses": 58896000, "generalAndAdministrativeExpenses": 133137000, "sellingAndMarketingExpenses": 0.0, "otherExpenses": 3374000.0, "operatingExpenses": 195407000, "costAndExpenses": 235496000, "interestExpense": 0.0, "depreciationAndAmortization": 11914000, "ebitda": 191850000, "ebitdaratio": 0.461808430742, "operatingIncome": 179936000, "operatingIncomeRatio": 0.433129850373, "totalOtherIncomeExpensesNet": 0.0, "incomeBeforeTax": 185062000, "incomeBeforeTaxRatio": 0.445468813187, "incomeTaxExpense": 31899000, "netIncome": 153163000, "netIncomeRatio": 0.368683683491, "eps": 1.82, "epsdiluted": 1.79, "weightedAverageShsOut": 83973000, "weightedAverageShsOutDil": 85913000, "link": "https://www.sec.gov/Archives/edgar/data/1013462/000101346219000003/0001013462-19-000003-index.htm", "finalLink": "https://www.sec.gov/Archives/edgar/data/1013462/000101346219000003/anss2018123110k.htm"}, {"date": "2018-09-30", "symbol": "ANSS", "fillingDate": "2018-11-08", "acceptedDate": "2018-11-08 10:12:25", "period": "Q3", "revenue": 289418000, "costOfRevenue": 36308000, "grossProfit": 253110000, "grossProfitRatio": 0.874548231277944, "researchAndDevelopmentExpenses": 59019000, "generalAndAdministrativeExpenses": 97576000, "sellingAndMarketingExpenses": 0.0, "otherExpenses": 3491000.0, "operatingExpenses": 160086000, "costAndExpenses": 196394000, "interestExpense": 0.0, "depreciationAndAmortization": 13603000, "ebitda": 106627000, "ebitdaratio": 0.36841868854, "operatingIncome": 93024000, "operatingIncomeRatio": 0.321417465396, "totalOtherIncomeExpensesNet": 0.0, "incomeBeforeTax": 95263000, "incomeBeforeTaxRatio": 0.329153680835, "incomeTaxExpense": 5927000.0, "netIncome": 89336000, "netIncomeRatio": 0.308674650505, "eps": 1.06, "epsdiluted": 1.03, "weightedAverageShsOut": 84065000, "weightedAverageShsOutDil": 86060000, "link": "https://www.sec.gov/Archives/edgar/data/1013462/000101346218000012/0001013462-18-000012-index.htm", "finalLink": "https://www.sec.gov/Archives/edgar/data/1013462/000101346218000012/anss2018093010q.htm"}, {"date": "2018-06-30", "symbol": "ANSS", "fillingDate": "2018-08-07", "acceptedDate": "2018-08-07 10:20:40", "period": "Q2", "revenue": 305913000, "costOfRevenue": 40450000, "grossProfit": 265463000, "grossProfitRatio": 0.8677728635265582, "researchAndDevelopmentExpenses": 58357000, "generalAndAdministrativeExpenses": 95058000, "sellingAndMarketingExpenses": 0.0, "otherExpenses": 3495000.0, "operatingExpenses": 156910000, "costAndExpenses": 197360000, "interestExpense": 0.0, "depreciationAndAmortization": 17125000, "ebitda": 125678000, "ebitdaratio": 0.410829222687, "operatingIncome": 108553000, "operatingIncomeRatio": 0.354849254527, "totalOtherIncomeExpensesNet": 0.0, "incomeBeforeTax": 109722000, "incomeBeforeTaxRatio": 0.358670602426, "incomeTaxExpense": 17126000, "netIncome": 92596000, "netIncomeRatio": 0.302687365362, "eps": 1.11, "epsdiluted": 1.08, "weightedAverageShsOut": 84018000, "weightedAverageShsOutDil": 86069000, "link": "https://www.sec.gov/Archives/edgar/data/1013462/000101346218000010/0001013462-18-000010-index.htm", "finalLink": "https://www.sec.gov/Archives/edgar/data/1013462/000101346218000010/anss2018063010q.htm"}, {"date": "2018-03-31", "symbol": "ANSS", "fillingDate": "2018-05-03", "acceptedDate": "2018-05-03 10:20:04", "period": "Q1", "revenue": 282873000, "costOfRevenue": 39038000, "grossProfit": 243835000, "grossProfitRatio": 0.8619946053529323, "researchAndDevelopmentExpenses": 57530000, "generalAndAdministrativeExpenses": 87809000, "sellingAndMarketingExpenses": 0.0, "otherExpenses": 3435000.0, "operatingExpenses": 148774000, "costAndExpenses": 187812000, "interestExpense": 0.0, "depreciationAndAmortization": 16613000, "ebitda": 111674000, "ebitdaratio": 0.394784938824, "operatingIncome": 95061000, "operatingIncomeRatio": 0.336055402955, "totalOtherIncomeExpensesNet": 0.0, "incomeBeforeTax": 97038000, "incomeBeforeTaxRatio": 0.343044405086, "incomeTaxExpense": 12758000, "netIncome": 84280000, "netIncomeRatio": 0.2979428931, "eps": 1.0, "epsdiluted": 0.98, "weightedAverageShsOut": 83931000, "weightedAverageShsOutDil": 86152000, "link": "https://www.sec.gov/Archives/edgar/data/1013462/000101346218000007/0001013462-18-000007-index.htm", "finalLink": "https://www.sec.gov/Archives/edgar/data/1013462/000101346218000007/anss2018033110q.htm"}, {"date": "2017-12-31", "symbol": "ANSS", "fillingDate": "2018-02-22", "acceptedDate": "2018-02-22 11:13:42", "period": "FY", "revenue": 302336000, "costOfRevenue": 40812000, "grossProfit": 261524000, "grossProfitRatio": 0.8650111134631668, "researchAndDevelopmentExpenses": 49222000, "generalAndAdministrativeExpenses": 108157000, "sellingAndMarketingExpenses": 0.0, "otherExpenses": 3466000.0, "operatingExpenses": 160845000, "costAndExpenses": 201657000, "interestExpense": 0.0, "depreciationAndAmortization": 17739000, "ebitda": 118418000, "ebitdaratio": 0.391676809907, "operatingIncome": 100679000, "operatingIncomeRatio": 0.333003678027, "totalOtherIncomeExpensesNet": -1996000.0, "incomeBeforeTax": 102330000, "incomeBeforeTaxRatio": 0.338464489839, "incomeTaxExpense": 49745000, "netIncome": 52585000, "netIncomeRatio": 0.173929006139, "eps": 0.62, "epsdiluted": 0.6, "weightedAverageShsOut": 84988000, "weightedAverageShsOutDil": 86854000, "link": "https://www.sec.gov/Archives/edgar/data/1013462/000101346218000004/0001013462-18-000004-index.htm", "finalLink": "https://www.sec.gov/Archives/edgar/data/1013462/000101346218000004/anss2017123110k.htm"}, {"date": "2017-09-30", "symbol": "ANSS", "fillingDate": "2017-11-02", "acceptedDate": "2017-11-02 10:36:48", "period": "Q3", "revenue": 275585000, "costOfRevenue": 35983000, "grossProfit": 239602000, "grossProfitRatio": 0.8694304842426112, "researchAndDevelopmentExpenses": 50144000, "generalAndAdministrativeExpenses": 80015000, "sellingAndMarketingExpenses": 0.0, "otherExpenses": 3260000.0, "operatingExpenses": 133419000, "costAndExpenses": 169402000, "interestExpense": 0.0, "depreciationAndAmortization": 16930000, "ebitda": 123113000, "ebitdaratio": 0.446733312771, "operatingIncome": 106183000, "operatingIncomeRatio": 0.38530036105, "totalOtherIncomeExpensesNet": 1344000.0, "incomeBeforeTax": 107925000, "incomeBeforeTaxRatio": 0.391621459804, "incomeTaxExpense": 34295000, "netIncome": 73630000, "netIncomeRatio": 0.267177095996, "eps": 0.87, "epsdiluted": 0.85, "weightedAverageShsOut": 85132000, "weightedAverageShsOutDil": 86902000, "link": "https://www.sec.gov/Archives/edgar/data/1013462/000101346217000010/0001013462-17-000010-index.htm", "finalLink": "https://www.sec.gov/Archives/edgar/data/1013462/000101346217000010/anss2017093010q.htm"}, {"date": "2017-06-30", "symbol": "ANSS", "fillingDate": "2017-08-03", "acceptedDate": "2017-08-03 09:52:00", "period": "Q2", "revenue": 263924000, "costOfRevenue": 36338000, "grossProfit": 227586000, "grossProfitRatio": 0.8623164244252133, "researchAndDevelopmentExpenses": 49002000, "generalAndAdministrativeExpenses": 77051000, "sellingAndMarketingExpenses": 0.0, "otherExpenses": 3139000.0, "operatingExpenses": 129192000, "costAndExpenses": 165530000, "interestExpense": 0.0, "depreciationAndAmortization": 16418000, "ebitda": 114812000, "ebitdaratio": 0.435019172186, "operatingIncome": 98394000, "operatingIncomeRatio": 0.372811870084, "totalOtherIncomeExpensesNet": -1344000.0, "incomeBeforeTax": 99872000, "incomeBeforeTaxRatio": 0.378411967081, "incomeTaxExpense": 30142000, "netIncome": 69730000, "netIncomeRatio": 0.26420484685, "eps": 0.82, "epsdiluted": 0.8, "weightedAverageShsOut": 85311000, "weightedAverageShsOutDil": 87060000, "link": "https://www.sec.gov/Archives/edgar/data/1013462/000101346217000007/0001013462-17-000007-index.htm", "finalLink": "https://www.sec.gov/Archives/edgar/data/1013462/000101346217000007/anss2017063010q.htm"}, {"date": "2017-03-31", "symbol": "ANSS", "fillingDate": "2017-05-04", "acceptedDate": "2017-05-04 10:16:06", "period": "Q1", "revenue": 253405000, "costOfRevenue": 37031000, "grossProfit": 216374000, "grossProfitRatio": 0.8538663404431641, "researchAndDevelopmentExpenses": 54378000, "generalAndAdministrativeExpenses": 73417000, "sellingAndMarketingExpenses": 0.0, "otherExpenses": 3107000.0, "operatingExpenses": 130902000, "costAndExpenses": 167933000, "interestExpense": 0.0, "depreciationAndAmortization": 16591000, "ebitda": 102063000, "ebitdaratio": 0.402766322685, "operatingIncome": 85472000, "operatingIncomeRatio": 0.337294054971, "totalOtherIncomeExpensesNet": 0.0, "incomeBeforeTax": 85567000, "incomeBeforeTaxRatio": 0.337668948916, "incomeTaxExpense": 22261000, "netIncome": 63306000, "netIncomeRatio": 0.249821432095, "eps": 0.74, "epsdiluted": 0.73, "weightedAverageShsOut": 85456000, "weightedAverageShsOutDil": 87224000, "link": "https://www.sec.gov/Archives/edgar/data/1013462/000101346217000005/0001013462-17-000005-index.htm", "finalLink": "https://www.sec.gov/Archives/edgar/data/1013462/000101346217000005/anss2017033110q.htm"}, {"date": "2016-12-31", "symbol": "ANSS", "fillingDate": "2017-02-23", "acceptedDate": "2017-02-23 10:54:13", "period": "FY", "revenue": 270628000, "costOfRevenue": 38978000, "grossProfit": 231650000, "grossProfitRatio": 0.8559720354139261, "researchAndDevelopmentExpenses": 45560000, "generalAndAdministrativeExpenses": 85950000, "sellingAndMarketingExpenses": 0.0, "otherExpenses": 3174000.0, "operatingExpenses": 134684000, "costAndExpenses": 173662000, "interestExpense": 46000.0, "depreciationAndAmortization": 17267000, "ebitda": 114233000, "ebitdaratio": 0.422103403935, "operatingIncome": 96966000, "operatingIncomeRatio": 0.358299954181, "totalOtherIncomeExpensesNet": 47000.0, "incomeBeforeTax": 98066000, "incomeBeforeTaxRatio": 0.36236457425, "incomeTaxExpense": 28083000, "netIncome": 69983000, "netIncomeRatio": 0.258594823891, "eps": 0.82, "epsdiluted": 0.8, "weightedAverageShsOut": 87227000, "weightedAverageShsOutDil": 88969000, "link": "https://www.sec.gov/Archives/edgar/data/1013462/000101346217000003/0001013462-17-000003-index.htm", "finalLink": "https://www.sec.gov/Archives/edgar/data/1013462/000101346217000003/anss2016123110k.htm"}, {"date": "2016-09-30", "symbol": "ANSS", "fillingDate": "2016-11-03", "acceptedDate": "2016-11-03 11:37:03", "period": "Q3", "revenue": 245862000, "costOfRevenue": 35586000, "grossProfit": 210276000, "grossProfitRatio": 0.8552602679551944, "researchAndDevelopmentExpenses": 45418000, "generalAndAdministrativeExpenses": 61537000, "sellingAndMarketingExpenses": 0.0, "otherExpenses": 3222000.0, "operatingExpenses": 110177000, "costAndExpenses": 145763000, "interestExpense": 30000.0, "depreciationAndAmortization": 17444000, "ebitda": 117543000, "ebitdaratio": 0.478085267345, "operatingIncome": 100099000, "operatingIncomeRatio": 0.407134896812, "totalOtherIncomeExpensesNet": -159000.0, "incomeBeforeTax": 100993000, "incomeBeforeTaxRatio": 0.410771082965, "incomeTaxExpense": 31436000, "netIncome": 69557000, "netIncomeRatio": 0.282910738544, "eps": 0.8, "epsdiluted": 0.78, "weightedAverageShsOut": 87570000, "weightedAverageShsOutDil": 89355000, "link": "https://www.sec.gov/Archives/edgar/data/1013462/000101346216000025/0001013462-16-000025-index.htm", "finalLink": "https://www.sec.gov/Archives/edgar/data/1013462/000101346216000025/anss2016093010q.htm"}, {"date": "2016-06-30", "symbol": "ANSS", "fillingDate": "2016-08-04", "acceptedDate": "2016-08-04 11:30:18", "period": "Q2", "revenue": 246069000, "costOfRevenue": 37011000, "grossProfit": 209058000, "grossProfitRatio": 0.8495909683869158, "researchAndDevelopmentExpenses": 47443000, "generalAndAdministrativeExpenses": 64259000, "sellingAndMarketingExpenses": 0.0, "otherExpenses": 3201000.0, "operatingExpenses": 114903000, "costAndExpenses": 151914000, "interestExpense": 59000.0, "depreciationAndAmortization": 17444000, "ebitda": 111599000, "ebitdaratio": 0.453527262678, "operatingIncome": 94155000, "operatingIncomeRatio": 0.382636577545, "totalOtherIncomeExpensesNet": 305000.0, "incomeBeforeTax": 95478000, "incomeBeforeTaxRatio": 0.388013118272, "incomeTaxExpense": 25850000, "netIncome": 69628000, "netIncomeRatio": 0.282961283217, "eps": 0.79, "epsdiluted": 0.78, "weightedAverageShsOut": 87876000, "weightedAverageShsOutDil": 89694000, "link": "https://www.sec.gov/Archives/edgar/data/1013462/000101346216000022/0001013462-16-000022-index.htm", "finalLink": "https://www.sec.gov/Archives/edgar/data/1013462/000101346216000022/anss2016063010q.htm"}, {"date": "2016-03-31", "symbol": "ANSS", "fillingDate": "2016-05-05", "acceptedDate": "2016-05-05 11:31:18", "period": "Q1", "revenue": 225906000, "costOfRevenue": 35285000, "grossProfit": 190621000, "grossProfitRatio": 0.843806716067745, "researchAndDevelopmentExpenses": 44672000, "generalAndAdministrativeExpenses": 57769000, "sellingAndMarketingExpenses": 0.0, "otherExpenses": 3158000.0, "operatingExpenses": 105599000, "costAndExpenses": 140884000, "interestExpense": 86000.0, "depreciationAndAmortization": 17432000, "ebitda": 102454000, "ebitdaratio": 0.453524917444, "operatingIncome": 85022000, "operatingIncomeRatio": 0.376360078971, "totalOtherIncomeExpensesNet": -108000.0, "incomeBeforeTax": 85778000, "incomeBeforeTaxRatio": 0.379706603632, "incomeTaxExpense": 29310000, "netIncome": 56468000, "netIncomeRatio": 0.249962373731, "eps": 0.64, "epsdiluted": 0.63, "weightedAverageShsOut": 88114000, "weightedAverageShsOutDil": 90084000, "link": "https://www.sec.gov/Archives/edgar/data/1013462/000101346216000020/0001013462-16-000020-index.htm", "finalLink": "https://www.sec.gov/Archives/edgar/data/1013462/000101346216000020/anss2016033110q.htm"}, {"date": "2015-12-31", "symbol": "ANSS", "fillingDate": "2016-02-25", "acceptedDate": "2016-02-25 11:43:43", "period": "FY", "revenue": 251647000, "costOfRevenue": 36992000, "grossProfit": 214655000, "grossProfitRatio": 0.8530004331464313, "researchAndDevelopmentExpenses": 41392000, "generalAndAdministrativeExpenses": 71963000, "sellingAndMarketingExpenses": 0.0, "otherExpenses": 4357000.0, "operatingExpenses": 117712000, "costAndExpenses": 154704000, "interestExpense": -46000.0, "depreciationAndAmortization": 18888000, "ebitda": 115831000, "ebitdaratio": 0.460291598946, "operatingIncome": 96943000, "operatingIncomeRatio": 0.385234077895, "totalOtherIncomeExpensesNet": 107000.0, "incomeBeforeTax": 97800000, "incomeBeforeTaxRatio": 0.388639642038, "incomeTaxExpense": 29779000, "netIncome": 68021000, "netIncomeRatio": 0.27030324224, "eps": 0.77, "epsdiluted": 0.75, "weightedAverageShsOut": 89561000, "weightedAverageShsOutDil": 91502000, "link": "https://www.sec.gov/Archives/edgar/data/1013462/000101346216000017/0001013462-16-000017-index.htm", "finalLink": "https://www.sec.gov/Archives/edgar/data/1013462/000101346216000017/anss2015123110k.htm"}, {"date": "2015-09-30", "symbol": "ANSS", "fillingDate": "2015-11-05", "acceptedDate": "2015-11-05 11:25:41", "period": "Q3", "revenue": 237840000, "costOfRevenue": 36581000, "grossProfit": 201259000, "grossProfitRatio": 0.846194920955264, "researchAndDevelopmentExpenses": 44784000, "generalAndAdministrativeExpenses": 61367000, "sellingAndMarketingExpenses": 0.0, "otherExpenses": 4925000.0, "operatingExpenses": 111076000, "costAndExpenses": 147657000, "interestExpense": 95000.0, "depreciationAndAmortization": 19647000, "ebitda": 109830000, "ebitdaratio": 0.461781029263, "operatingIncome": 90183000, "operatingIncomeRatio": 0.379175075681, "totalOtherIncomeExpensesNet": -383000.0, "incomeBeforeTax": 90379000, "incomeBeforeTaxRatio": 0.379999159099, "incomeTaxExpense": 24346000, "netIncome": 66033000, "netIncomeRatio": 0.277636226034, "eps": 0.73, "epsdiluted": 0.72, "weightedAverageShsOut": 89873000, "weightedAverageShsOutDil": 91820000, "link": "https://www.sec.gov/Archives/edgar/data/1013462/000101346215000014/0001013462-15-000014-index.htm", "finalLink": "https://www.sec.gov/Archives/edgar/data/1013462/000101346215000014/anss2015093010q.htm"}, {"date": "2015-06-30", "symbol": "ANSS", "fillingDate": "2015-08-05", "acceptedDate": "2015-08-05 11:20:29", "period": "Q2", "revenue": 235485000, "costOfRevenue": 37785000, "grossProfit": 197700000, "grossProfitRatio": 0.8395439199949042, "researchAndDevelopmentExpenses": 42646000, "generalAndAdministrativeExpenses": 63524000, "sellingAndMarketingExpenses": 0.0, "otherExpenses": 5035000.0, "operatingExpenses": 111205000, "costAndExpenses": 148990000, "interestExpense": 122000.0, "depreciationAndAmortization": 19707000, "ebitda": 106202000, "ebitdaratio": 0.450992632227, "operatingIncome": 86495000, "operatingIncomeRatio": 0.367305773191, "totalOtherIncomeExpensesNet": 91000.0, "incomeBeforeTax": 87259000, "incomeBeforeTaxRatio": 0.370550141198, "incomeTaxExpense": 24924000, "netIncome": 62335000, "netIncomeRatio": 0.26470900482, "eps": 0.7, "epsdiluted": 0.68, "weightedAverageShsOut": 89962000, "weightedAverageShsOutDil": 91933000, "link": "https://www.sec.gov/Archives/edgar/data/1013462/000101346215000011/0001013462-15-000011-index.htm", "finalLink": "https://www.sec.gov/Archives/edgar/data/1013462/000101346215000011/anss2015063010q.htm"}, {"date": "2015-03-31", "symbol": "ANSS", "fillingDate": "2015-05-06", "acceptedDate": "2015-05-06 11:28:08", "period": "Q1", "revenue": 217781000, "costOfRevenue": 35888000, "grossProfit": 181893000, "grossProfitRatio": 0.8352106014757945, "researchAndDevelopmentExpenses": 40009000, "generalAndAdministrativeExpenses": 56749000, "sellingAndMarketingExpenses": 0.0, "otherExpenses": 5077000.0, "operatingExpenses": 101835000, "costAndExpenses": 137723000, "interestExpense": 154000.0, "depreciationAndAmortization": 19428000, "ebitda": 99486000, "ebitdaratio": 0.456816710365, "operatingIncome": 80058000, "operatingIncomeRatio": 0.367607826211, "totalOtherIncomeExpensesNet": 767000.0, "incomeBeforeTax": 81327000, "incomeBeforeTaxRatio": 0.373434780812, "incomeTaxExpense": 25195000, "netIncome": 56132000, "netIncomeRatio": 0.257745166015, "eps": 0.62, "epsdiluted": 0.61, "weightedAverageShsOut": 90059000, "weightedAverageShsOutDil": 92140000, "link": "https://www.sec.gov/Archives/edgar/data/1013462/000101346215000008/0001013462-15-000008-index.htm", "finalLink": "https://www.sec.gov/Archives/edgar/data/1013462/000101346215000008/anss2015033110q.htm"}, {"date": "2014-12-31", "symbol": "ANSS", "fillingDate": "2015-02-26", "acceptedDate": "2015-02-26 11:32:17", "period": "FY", "revenue": 254375000, "costOfRevenue": 39769000, "grossProfit": 214606000, "grossProfitRatio": 0.8436599508599508, "researchAndDevelopmentExpenses": 42170000, "generalAndAdministrativeExpenses": 72374000, "sellingAndMarketingExpenses": 0.0, "otherExpenses": 6014000.0, "operatingExpenses": 120558000, "costAndExpenses": 160327000, "interestExpense": 201000.0, "depreciationAndAmortization": 20701000, "ebitda": 114749000, "ebitdaratio": 0.451101719902, "operatingIncome": 94048000, "operatingIncomeRatio": 0.369721867322, "totalOtherIncomeExpensesNet": 0.0, "incomeBeforeTax": 93881000, "incomeBeforeTaxRatio": 0.369065356265, "incomeTaxExpense": 24248000, "netIncome": 69633000, "netIncomeRatio": 0.273741523342, "eps": 0.76, "epsdiluted": 0.74, "weightedAverageShsOut": 92067000, "weightedAverageShsOutDil": 94194000, "link": "https://www.sec.gov/Archives/edgar/data/1013462/000101346215000004/0001013462-15-000004-index.htm", "finalLink": "https://www.sec.gov/Archives/edgar/data/1013462/000101346215000004/anss2014123110k.htm"}, {"date": "2014-09-30", "symbol": "ANSS", "fillingDate": "2014-11-05", "acceptedDate": "2014-11-05 11:29:41", "period": "Q3", "revenue": 234000000, "costOfRevenue": 37194000, "grossProfit": 196806000, "grossProfitRatio": 0.8410512820512821, "researchAndDevelopmentExpenses": 41033000, "generalAndAdministrativeExpenses": 58172000, "sellingAndMarketingExpenses": 0.0, "otherExpenses": 6793000.0, "operatingExpenses": 105998000, "costAndExpenses": 143192000, "interestExpense": 149000.0, "depreciationAndAmortization": 21351000, "ebitda": 112159000, "ebitdaratio": 0.479311965812, "operatingIncome": 90808000, "operatingIncomeRatio": 0.388068376068, "totalOtherIncomeExpensesNet": 0.0, "incomeBeforeTax": 90919000, "incomeBeforeTaxRatio": 0.388542735043, "incomeTaxExpense": 25440000, "netIncome": 65479000, "netIncomeRatio": 0.279824786325, "eps": 0.72, "epsdiluted": 0.7, "weightedAverageShsOut": 92224000, "weightedAverageShsOutDil": 94397000, "link": "https://www.sec.gov/Archives/edgar/data/1013462/000101346214000020/0001013462-14-000020-index.htm", "finalLink": "https://www.sec.gov/Archives/edgar/data/1013462/000101346214000020/anss2014093010q.htm"}, {"date": "2014-06-30", "symbol": "ANSS", "fillingDate": "2014-08-05", "acceptedDate": "2014-08-05 11:24:13", "period": "Q2", "revenue": 232375000, "costOfRevenue": 38678000, "grossProfit": 193697000, "grossProfitRatio": 0.8335535233996773, "researchAndDevelopmentExpenses": 42098000, "generalAndAdministrativeExpenses": 62280000, "sellingAndMarketingExpenses": 0.0, "otherExpenses": 5787000.0, "operatingExpenses": 110165000, "costAndExpenses": 148843000, "interestExpense": 181000.0, "depreciationAndAmortization": 20414000, "ebitda": 103946000, "ebitdaratio": 0.447320064551, "operatingIncome": 83532000, "operatingIncomeRatio": 0.359470683163, "totalOtherIncomeExpensesNet": 0.0, "incomeBeforeTax": 83882000, "incomeBeforeTaxRatio": 0.360976869285, "incomeTaxExpense": 20846000, "netIncome": 63036000, "netIncomeRatio": 0.271268423884, "eps": 0.68, "epsdiluted": 0.66, "weightedAverageShsOut": 92398000, "weightedAverageShsOutDil": 94644000, "link": "https://www.sec.gov/Archives/edgar/data/1013462/000101346214000015/0001013462-14-000015-index.htm", "finalLink": "https://www.sec.gov/Archives/edgar/data/1013462/000101346214000015/anss2014063010q.htm"}, {"date": "2014-03-31", "symbol": "ANSS", "fillingDate": "2014-05-01", "acceptedDate": "2014-05-01 11:07:19", "period": "Q1", "revenue": 215271000, "costOfRevenue": 37745000, "grossProfit": 177526000, "grossProfitRatio": 0.8246628668050968, "researchAndDevelopmentExpenses": 40120000, "generalAndAdministrativeExpenses": 53550000, "sellingAndMarketingExpenses": 0.0, "otherExpenses": 4794000.0, "operatingExpenses": 98464000, "costAndExpenses": 136209000, "interestExpense": 248000.0, "depreciationAndAmortization": 19458000, "ebitda": 98520000, "ebitdaratio": 0.457655699096, "operatingIncome": 79062000, "operatingIncomeRatio": 0.367267304932, "totalOtherIncomeExpensesNet": 0.0, "incomeBeforeTax": 79457000, "incomeBeforeTaxRatio": 0.369102201411, "incomeTaxExpense": 22915000, "netIncome": 56542000, "netIncomeRatio": 0.262654979073, "eps": 0.61, "epsdiluted": 0.6, "weightedAverageShsOut": 92483000, "weightedAverageShsOutDil": 94949000, "link": "https://www.sec.gov/Archives/edgar/data/1013462/000101346214000006/0001013462-14-000006-index.htm", "finalLink": "https://www.sec.gov/Archives/edgar/data/1013462/000101346214000006/anss2014033110q.htm"}, {"date": "2013-12-31", "symbol": "ANSS", "fillingDate": "2014-02-27", "acceptedDate": "2014-02-27 11:40:46", "period": "FY", "revenue": 236020000, "costOfRevenue": 38609000, "grossProfit": 197411000, "grossProfitRatio": 0.8364164053893738, "researchAndDevelopmentExpenses": 37880000, "generalAndAdministrativeExpenses": 62287000, "sellingAndMarketingExpenses": 0.0, "otherExpenses": 4992000.0, "operatingExpenses": 105159000, "costAndExpenses": 143768000, "interestExpense": 202000.0, "depreciationAndAmortization": 19438000, "ebitda": 111690000, "ebitdaratio": 0.473222608254, "operatingIncome": 92252000, "operatingIncomeRatio": 0.390865180917, "totalOtherIncomeExpensesNet": 0.0, "incomeBeforeTax": 92565000, "incomeBeforeTaxRatio": 0.392191339717, "incomeTaxExpense": 16636000, "netIncome": 75929000, "netIncomeRatio": 0.321705787645, "eps": 0.82, "epsdiluted": 0.8, "weightedAverageShsOut": 92691000, "weightedAverageShsOutDil": 95139000, "link": "https://www.sec.gov/Archives/edgar/data/1013462/000101346214000004/0001013462-14-000004-index.htm", "finalLink": "https://www.sec.gov/Archives/edgar/data/1013462/000101346214000004/anss2013123110k.htm"}, {"date": "2013-09-30", "symbol": "ANSS", "fillingDate": "2013-11-07", "acceptedDate": "2013-11-07 11:22:03", "period": "Q3", "revenue": 212658000, "costOfRevenue": 35169000, "grossProfit": 177489000, "grossProfitRatio": 0.8346217870947719, "researchAndDevelopmentExpenses": 38882000, "generalAndAdministrativeExpenses": 51345000, "sellingAndMarketingExpenses": 0.0, "otherExpenses": 5625000.0, "operatingExpenses": 95852000, "costAndExpenses": 131021000, "interestExpense": 226000.0, "depreciationAndAmortization": 19878000, "ebitda": 101515000, "ebitdaratio": 0.477362713841, "operatingIncome": 81637000, "operatingIncomeRatio": 0.383888685119, "totalOtherIncomeExpensesNet": 0.0, "incomeBeforeTax": 81710000, "incomeBeforeTaxRatio": 0.384231959296, "incomeTaxExpense": 19280000, "netIncome": 62430000, "netIncomeRatio": 0.293569957396, "eps": 0.68, "epsdiluted": 0.66, "weightedAverageShsOut": 92770000, "weightedAverageShsOutDil": 95157000, "link": "https://www.sec.gov/Archives/edgar/data/1013462/000101346213000018/0001013462-13-000018-index.htm", "finalLink": "https://www.sec.gov/Archives/edgar/data/1013462/000101346213000018/anss2013093010q.htm"}, {"date": "2013-06-30", "symbol": "ANSS", "fillingDate": "2013-08-01", "acceptedDate": "2013-08-01 11:18:23", "period": "Q2", "revenue": 214850000, "costOfRevenue": 36680000, "grossProfit": 178170000, "grossProfitRatio": 0.8292762392366767, "researchAndDevelopmentExpenses": 38670000, "generalAndAdministrativeExpenses": 55262000, "sellingAndMarketingExpenses": 0.0, "otherExpenses": 5813000.0, "operatingExpenses": 99745000, "costAndExpenses": 136425000, "interestExpense": 370000.0, "depreciationAndAmortization": 20702000, "ebitda": 99127000, "ebitdaratio": 0.461377705376, "operatingIncome": 78425000, "operatingIncomeRatio": 0.365022108448, "totalOtherIncomeExpensesNet": 0.0, "incomeBeforeTax": 78625000, "incomeBeforeTaxRatio": 0.365952990458, "incomeTaxExpense": 22680000, "netIncome": 55945000, "netIncomeRatio": 0.260390970444, "eps": 0.6, "epsdiluted": 0.58, "weightedAverageShsOut": 92884000, "weightedAverageShsOutDil": 95103000, "link": "https://www.sec.gov/Archives/edgar/data/1013462/000101346213000013/0001013462-13-000013-index.htm", "finalLink": "https://www.sec.gov/Archives/edgar/data/1013462/000101346213000013/anss2013063010q.htm"}, {"date": "2013-03-31", "symbol": "ANSS", "fillingDate": "2013-05-02", "acceptedDate": "2013-05-02 11:17:50", "period": "Q1", "revenue": 197732000, "costOfRevenue": 36234000, "grossProfit": 161498000, "grossProfitRatio": 0.8167519673092873, "researchAndDevelopmentExpenses": 36007000, "generalAndAdministrativeExpenses": 50013000, "sellingAndMarketingExpenses": 0.0, "otherExpenses": 5929000.0, "operatingExpenses": 91949000, "costAndExpenses": 128183000, "interestExpense": 371000.0, "depreciationAndAmortization": 20683000, "ebitda": 90232000, "ebitdaratio": 0.456334837052, "operatingIncome": 69549000, "operatingIncomeRatio": 0.351733659701, "totalOtherIncomeExpensesNet": 0.0, "incomeBeforeTax": 69589000, "incomeBeforeTaxRatio": 0.351935953715, "incomeTaxExpense": 18566000, "netIncome": 51023000, "netIncomeRatio": 0.258041187061, "eps": 0.55, "epsdiluted": 0.54, "weightedAverageShsOut": 92908000, "weightedAverageShsOutDil": 95166000, "link": "https://www.sec.gov/Archives/edgar/data/1013462/000101346213000008/0001013462-13-000008-index.htm", "finalLink": "https://www.sec.gov/Archives/edgar/data/1013462/000101346213000008/anss2013033110q.htm"}, {"date": "2012-12-31", "symbol": "ANSS", "fillingDate": "2013-02-28", "acceptedDate": "2013-02-28 12:13:55", "period": "FY", "revenue": 220748000, "costOfRevenue": 36681000, "grossProfit": 184067000, "grossProfitRatio": 0.8338331491112038, "researchAndDevelopmentExpenses": 34206000, "generalAndAdministrativeExpenses": 61754000, "sellingAndMarketingExpenses": 0.0, "otherExpenses": 6468000.0, "operatingExpenses": 102428000, "costAndExpenses": 139109000, "interestExpense": 488000.0, "depreciationAndAmortization": 21753000, "ebitda": 103392000, "ebitdaratio": 0.468371174371, "operatingIncome": 81639000, "operatingIncomeRatio": 0.369828945223, "totalOtherIncomeExpensesNet": 1010000.0, "incomeBeforeTax": 81554000, "incomeBeforeTaxRatio": 0.369443890771, "incomeTaxExpense": 25491000, "netIncome": 56063000, "netIncomeRatio": 0.253968325874, "eps": 0.61, "epsdiluted": 0.59, "weightedAverageShsOut": 92622000, "weightedAverageShsOutDil": 94954000, "link": "https://www.sec.gov/Archives/edgar/data/1013462/000101346213000003/0001013462-13-000003-index.htm", "finalLink": "https://www.sec.gov/Archives/edgar/data/1013462/000101346213000003/anss2012123110k.htm"}, {"date": "2012-09-30", "symbol": "ANSS", "fillingDate": "2012-11-01", "acceptedDate": "2012-11-01 11:27:46", "period": "Q3", "revenue": 196909000, "costOfRevenue": 33756000, "grossProfit": 163153000, "grossProfitRatio": 0.8285705579734801, "researchAndDevelopmentExpenses": 33506000, "generalAndAdministrativeExpenses": 49195000, "sellingAndMarketingExpenses": 0.0, "otherExpenses": 6800000.0, "operatingExpenses": 89501000, "costAndExpenses": 123257000, "interestExpense": 632000.0, "depreciationAndAmortization": 21752000, "ebitda": 95404000, "ebitdaratio": 0.484508072257, "operatingIncome": 73652000, "operatingIncomeRatio": 0.374040800573, "totalOtherIncomeExpensesNet": -1010000.0, "incomeBeforeTax": 73439000, "incomeBeforeTaxRatio": 0.372959082622, "incomeTaxExpense": 21820000, "netIncome": 51619000, "netIncomeRatio": 0.262146473752, "eps": 0.56, "epsdiluted": 0.54, "weightedAverageShsOut": 92631000, "weightedAverageShsOutDil": 94958000, "link": "https://www.sec.gov/Archives/edgar/data/1013462/000144530512003335/0001445305-12-003335-index.htm", "finalLink": "https://www.sec.gov/Archives/edgar/data/1013462/000144530512003335/anss2012093010q.htm"}, {"date": "2012-06-30", "symbol": "ANSS", "fillingDate": "2012-08-02", "acceptedDate": "2012-08-02 11:31:01", "period": "Q2", "revenue": 195016000, "costOfRevenue": 34737000, "grossProfit": 160279000, "grossProfitRatio": 0.821876153751487, "researchAndDevelopmentExpenses": 33415000, "generalAndAdministrativeExpenses": 48980000, "sellingAndMarketingExpenses": 0.0, "otherExpenses": 6750000.0, "operatingExpenses": 89145000, "costAndExpenses": 123882000, "interestExpense": 723000.0, "depreciationAndAmortization": 21205000, "ebitda": 92339000, "ebitdaratio": 0.473494482504, "operatingIncome": 71134000, "operatingIncomeRatio": 0.364759814579, "totalOtherIncomeExpensesNet": 0.0, "incomeBeforeTax": 71259000, "incomeBeforeTaxRatio": 0.365400787628, "incomeTaxExpense": 20997000, "netIncome": 50262000, "netIncomeRatio": 0.257732698855, "eps": 0.54, "epsdiluted": 0.53, "weightedAverageShsOut": 92722000, "weightedAverageShsOutDil": 95059000, "link": "https://www.sec.gov/Archives/edgar/data/1013462/000119312512330924/0001193125-12-330924-index.htm", "finalLink": "https://www.sec.gov/Archives/edgar/data/1013462/000119312512330924/d361254d10q.htm"}, {"date": "2012-03-31", "symbol": "ANSS", "fillingDate": "2012-05-03", "acceptedDate": "2012-05-03 11:21:55", "period": "Q1", "revenue": 185345000, "costOfRevenue": 34342000, "grossProfit": 151003000, "grossProfitRatio": 0.8147131025924627, "researchAndDevelopmentExpenses": 31501000, "generalAndAdministrativeExpenses": 45249000, "sellingAndMarketingExpenses": 0.0, "otherExpenses": 6425000.0, "operatingExpenses": 83175000, "costAndExpenses": 117517000, "interestExpense": 818000.0, "depreciationAndAmortization": 20712000, "ebitda": 88540000, "ebitdaratio": 0.477703741671, "operatingIncome": 67828000, "operatingIncomeRatio": 0.365955380507, "totalOtherIncomeExpensesNet": 0.0, "incomeBeforeTax": 67295000, "incomeBeforeTaxRatio": 0.363079662251, "incomeTaxExpense": 21756000, "netIncome": 45539000, "netIncomeRatio": 0.245698562141, "eps": 0.49, "epsdiluted": 0.48, "weightedAverageShsOut": 92817000, "weightedAverageShsOutDil": 95190000, "link": "https://www.sec.gov/Archives/edgar/data/1013462/000119312512207209/0001193125-12-207209-index.htm", "finalLink": "https://www.sec.gov/Archives/edgar/data/1013462/000119312512207209/d318108d10q.htm"}, {"date": "2011-12-31", "symbol": "ANSS", "fillingDate": "2012-02-23", "acceptedDate": "2012-02-23 11:30:54", "period": "FY", "revenue": 198209000, "costOfRevenue": 33342000, "grossProfit": 164867000, "grossProfitRatio": 0.8317836223380372, "researchAndDevelopmentExpenses": 29751000, "generalAndAdministrativeExpenses": 56571000, "sellingAndMarketingExpenses": 0.0, "otherExpenses": 5402000.0, "operatingExpenses": 91724000, "costAndExpenses": 125066000, "interestExpense": 1002000.0, "depreciationAndAmortization": 19039000, "ebitda": 92182000, "ebitdaratio": 0.465074744336, "operatingIncome": 73143000, "operatingIncomeRatio": 0.369019570252, "totalOtherIncomeExpensesNet": 544000.0, "incomeBeforeTax": 73120000, "incomeBeforeTaxRatio": 0.368903531121, "incomeTaxExpense": 25663000, "netIncome": 47457000, "netIncomeRatio": 0.239429087478, "eps": 0.51, "epsdiluted": 0.5, "weightedAverageShsOut": 92120000, "weightedAverageShsOutDil": 94381000, "link": "https://www.sec.gov/Archives/edgar/data/1013462/000119312512074501/0001193125-12-074501-index.htm", "finalLink": "https://www.sec.gov/Archives/edgar/data/1013462/000119312512074501/d260706d10k.htm"}, {"date": "2011-09-30", "symbol": "ANSS", "fillingDate": "2011-11-03", "acceptedDate": "2011-11-03 12:03:00", "period": "Q3", "revenue": 172935000, "costOfRevenue": 31027000, "grossProfit": 141908000, "grossProfitRatio": 0.820585769219649, "researchAndDevelopmentExpenses": 28899000, "generalAndAdministrativeExpenses": 43180000, "sellingAndMarketingExpenses": 0.0, "otherExpenses": 4500000.0, "operatingExpenses": 76579000, "costAndExpenses": 107606000, "interestExpense": 753000.0, "depreciationAndAmortization": 17091000, "ebitda": 82420000, "ebitdaratio": 0.476595252552, "operatingIncome": 65329000, "operatingIncomeRatio": 0.377766212739, "totalOtherIncomeExpensesNet": 78000.0, "incomeBeforeTax": 65443000, "incomeBeforeTaxRatio": 0.378425419955, "incomeTaxExpense": 19897000, "netIncome": 45546000, "netIncomeRatio": 0.263370630584, "eps": 0.5, "epsdiluted": 0.48, "weightedAverageShsOut": 91995000, "weightedAverageShsOutDil": 94268000, "link": "https://www.sec.gov/Archives/edgar/data/1013462/000119312511294457/0001193125-11-294457-index.htm", "finalLink": "https://www.sec.gov/Archives/edgar/data/1013462/000119312511294457/d233063d10q.htm"}, {"date": "2011-06-30", "symbol": "ANSS", "fillingDate": "2011-08-04", "acceptedDate": "2011-08-04 12:41:54", "period": "Q2", "revenue": 162258000, "costOfRevenue": 28063000, "grossProfit": 134195000, "grossProfitRatio": 0.8270470485276535, "researchAndDevelopmentExpenses": 25182000, "generalAndAdministrativeExpenses": 40130000, "sellingAndMarketingExpenses": 0.0, "otherExpenses": 4070000.0, "operatingExpenses": 69382000, "costAndExpenses": 97445000, "interestExpense": 774000.0, "depreciationAndAmortization": 14994000, "ebitda": 79807000, "ebitdaratio": 0.49185248185, "operatingIncome": 64813000, "operatingIncomeRatio": 0.399444095206, "totalOtherIncomeExpensesNet": -622000.0, "incomeBeforeTax": 64643000, "incomeBeforeTaxRatio": 0.398396381072, "incomeTaxExpense": 19212000, "netIncome": 45431000, "netIncomeRatio": 0.27999235785, "eps": 0.49, "epsdiluted": 0.48, "weightedAverageShsOut": 91854000, "weightedAverageShsOutDil": 94179000, "link": "https://www.sec.gov/Archives/edgar/data/1013462/000119312511209829/0001193125-11-209829-index.htm", "finalLink": "https://www.sec.gov/Archives/edgar/data/1013462/000119312511209829/d10q.htm"}, {"date": "2011-03-31", "symbol": "ANSS", "fillingDate": "2011-05-05", "acceptedDate": "2011-05-05 11:24:41", "period": "Q1", "revenue": 158047000, "costOfRevenue": 26582000, "grossProfit": 131465000, "grossProfitRatio": 0.8318095250147108, "researchAndDevelopmentExpenses": 24698000, "generalAndAdministrativeExpenses": 40476000, "sellingAndMarketingExpenses": 0.0, "otherExpenses": 4017000.0, "operatingExpenses": 69191000, "costAndExpenses": 95773000, "interestExpense": 803000.0, "depreciationAndAmortization": 14831000, "ebitda": 77105000, "ebitdaratio": 0.487861205844, "operatingIncome": 62274000, "operatingIncomeRatio": 0.394022031421, "totalOtherIncomeExpensesNet": 0.0, "incomeBeforeTax": 61652000, "incomeBeforeTaxRatio": 0.390086493258, "incomeTaxExpense": 19411000, "netIncome": 42241000, "netIncomeRatio": 0.267268597316, "eps": 0.46, "epsdiluted": 0.45, "weightedAverageShsOut": 91767000, "weightedAverageShsOutDil": 94171000, "link": "https://www.sec.gov/Archives/edgar/data/1013462/000119312511127790/0001193125-11-127790-index.htm", "finalLink": "https://www.sec.gov/Archives/edgar/data/1013462/000119312511127790/d10q.htm"}, {"date": "2010-12-31", "symbol": "ANSS", "fillingDate": "2011-02-25", "acceptedDate": "2011-02-25 10:00:45", "period": "FY", "revenue": 166573000, "costOfRevenue": 26807000, "grossProfit": 139766000, "grossProfitRatio": 0.8390675559664531, "researchAndDevelopmentExpenses": 23317000, "generalAndAdministrativeExpenses": 46935000, "sellingAndMarketingExpenses": 0.0, "otherExpenses": 4129000.0, "operatingExpenses": 74381000, "costAndExpenses": 101188000, "interestExpense": 792000.0, "depreciationAndAmortization": 15409000, "ebitda": 80794000, "ebitdaratio": 0.485036590564, "operatingIncome": 65385000, "operatingIncomeRatio": 0.392530602198, "totalOtherIncomeExpensesNet": 645000.0, "incomeBeforeTax": 65868000, "incomeBeforeTaxRatio": 0.39543023179, "incomeTaxExpense": 16728000, "netIncome": 49140000, "netIncomeRatio": 0.295005793256, "eps": 0.54, "epsdiluted": 0.52, "weightedAverageShsOut": 90684000, "weightedAverageShsOutDil": 93209000, "link": "https://www.sec.gov/Archives/edgar/data/1013462/000119312511046536/0001193125-11-046536-index.htm", "finalLink": "https://www.sec.gov/Archives/edgar/data/1013462/000119312511046536/d10k.htm"}, {"date": "2010-09-30", "symbol": "ANSS", "fillingDate": "2010-11-04", "acceptedDate": "2010-11-04 13:12:40", "period": "Q3", "revenue": 139843000, "costOfRevenue": 25279000, "grossProfit": 114564000, "grossProfitRatio": 0.8192329970037828, "researchAndDevelopmentExpenses": 21696000, "generalAndAdministrativeExpenses": 36954000, "sellingAndMarketingExpenses": 0.0, "otherExpenses": 4037000.0, "operatingExpenses": 62687000, "costAndExpenses": 87966000, "interestExpense": 902000.0, "depreciationAndAmortization": 15152000, "ebitda": 67029000, "ebitdaratio": 0.479316090187, "operatingIncome": 51877000, "operatingIncomeRatio": 0.370966011885, "totalOtherIncomeExpensesNet": -574000.0, "incomeBeforeTax": 50892000, "incomeBeforeTaxRatio": 0.36392239869, "incomeTaxExpense": 14762000, "netIncome": 36130000, "netIncomeRatio": 0.25836116216, "eps": 0.4, "epsdiluted": 0.39, "weightedAverageShsOut": 90486000, "weightedAverageShsOutDil": 93044000, "link": "https://www.sec.gov/Archives/edgar/data/1013462/000119312510247675/0001193125-10-247675-index.htm", "finalLink": "https://www.sec.gov/Archives/edgar/data/1013462/000119312510247675/d10q.htm"}, {"date": "2010-06-30", "symbol": "ANSS", "fillingDate": "2010-08-05", "acceptedDate": "2010-08-05 13:38:43", "period": "Q2", "revenue": 273820000, "costOfRevenue": 48793000, "grossProfit": 225027000, "grossProfitRatio": 0.8218062961069316, "researchAndDevelopmentExpenses": 43977000, "generalAndAdministrativeExpenses": 71207000, "sellingAndMarketingExpenses": 0.0, "otherExpenses": 7837000.0, "operatingExpenses": 123021000, "costAndExpenses": 171814000, "interestExpense": 2794000.0, "depreciationAndAmortization": 30265000, "ebitda": 132271000, "ebitdaratio": 0.483058213425, "operatingIncome": 102006000, "operatingIncomeRatio": 0.372529398875, "totalOtherIncomeExpensesNet": -368000.0, "incomeBeforeTax": 99634000, "incomeBeforeTaxRatio": 0.363866773793, "incomeTaxExpense": 31772000, "netIncome": 67862000, "netIncomeRatio": 0.247834343729, "eps": 0.75, "epsdiluted": 0.73, "weightedAverageShsOut": 90289000, "weightedAverageShsOutDil": 92960000, "link": "https://www.sec.gov/Archives/edgar/data/1013462/000119312510178972/0001193125-10-178972-index.htm", "finalLink": "https://www.sec.gov/Archives/edgar/data/1013462/000119312510178972/d10q.htm"}, {"date": "2010-03-31", "symbol": "ANSS", "fillingDate": "2010-05-06", "acceptedDate": "2010-05-06 11:55:35", "period": "Q1", "revenue": 136053000, "costOfRevenue": 24653000, "grossProfit": 111400000, "grossProfitRatio": 0.8187985564449148, "researchAndDevelopmentExpenses": 22587000, "generalAndAdministrativeExpenses": 35228000, "sellingAndMarketingExpenses": 0.0, "otherExpenses": 3962000.0, "operatingExpenses": 61777000, "costAndExpenses": 86430000, "interestExpense": 1549000.0, "depreciationAndAmortization": 15216000, "ebitda": 64839000, "ebitdaratio": 0.4765716301735353, "operatingIncome": 49623000, "operatingIncomeRatio": 0.3647328614584022, "totalOtherIncomeExpensesNet": 0.0, "incomeBeforeTax": 47935000, "incomeBeforeTaxRatio": 0.35232593180598737, "incomeTaxExpense": 15566000, "netIncome": 32369000, "netIncomeRatio": 0.23791463620794837, "eps": 0.36, "epsdiluted": 0.36, "weightedAverageShsOut": 89964000, "weightedAverageShsOutDil": 89964000, "link": "https://www.sec.gov/Archives/edgar/data/1013462/000119312510110313/0001193125-10-110313-index.htm", "finalLink": "https://www.sec.gov/Archives/edgar/data/1013462/000119312510110313/d10q.htm"}, {"date": "2009-12-31", "symbol": "ANSS", "fillingDate": "2010-02-25", "acceptedDate": "2010-02-25 15:47:42", "period": "FY", "revenue": 150362000, "costOfRevenue": 25661000, "grossProfit": 124701000, "grossProfitRatio": 0.8293385296817015, "researchAndDevelopmentExpenses": 20455000, "generalAndAdministrativeExpenses": 39150000, "sellingAndMarketingExpenses": 0.0, "otherExpenses": 4740000.0, "operatingExpenses": 64345000, "costAndExpenses": 90006000, "interestExpense": 1870000.0, "depreciationAndAmortization": 16235000, "ebitda": 76591000, "ebitdaratio": 0.5093773692821325, "operatingIncome": 60356000, "operatingIncomeRatio": 0.40140461020736623, "totalOtherIncomeExpensesNet": -36000.0, "incomeBeforeTax": 58836000, "incomeBeforeTaxRatio": 0.3912956731088972, "incomeTaxExpense": 21206000, "netIncome": 37630000, "netIncomeRatio": 0.25026269935222994, "eps": 1.32, "epsdiluted": 1.32, "weightedAverageShsOut": 88486000, "weightedAverageShsOutDil": 88486000, "link": "https://www.sec.gov/Archives/edgar/data/1013462/000119312510040617/0001193125-10-040617-index.htm", "finalLink": "https://www.sec.gov/Archives/edgar/data/1013462/000119312510040617/d10k.htm"}, {"date": "2009-09-30", "symbol": "ANSS", "fillingDate": "2009-11-06", "acceptedDate": "2009-11-06 10:22:01", "period": "Q3", "revenue": 128187000, "costOfRevenue": 23889000, "grossProfit": 104298000, "grossProfitRatio": 0.8136394486180346, "researchAndDevelopmentExpenses": 19462000, "generalAndAdministrativeExpenses": 31719000, "sellingAndMarketingExpenses": 0.0, "otherExpenses": 5485000.0, "operatingExpenses": 56666000, "costAndExpenses": 80555000, "interestExpense": 2313000.0, "depreciationAndAmortization": 16167000, "ebitda": 63799000, "ebitdaratio": 0.49770257514412536, "operatingIncome": 47632000, "operatingIncomeRatio": 0.3715821417148385, "totalOtherIncomeExpensesNet": 54000.0, "incomeBeforeTax": 45798000, "incomeBeforeTaxRatio": 0.3572749186735004, "incomeTaxExpense": 15269000, "netIncome": 30529000, "netIncomeRatio": 0.23815987580643902, "eps": 0.89, "epsdiluted": 0.89, "weightedAverageShsOut": 88292000, "weightedAverageShsOutDil": 88292000, "link": "https://www.sec.gov/Archives/edgar/data/1013462/000119312509226764/0001193125-09-226764-index.htm", "finalLink": "https://www.sec.gov/Archives/edgar/data/1013462/000119312509226764/d10q.htm"}, {"date": "2009-06-30", "symbol": "ANSS", "fillingDate": "2009-08-07", "acceptedDate": "2009-08-07 13:43:45", "period": "Q2", "revenue": 122026000, "costOfRevenue": 24058000, "grossProfit": 97968000, "grossProfitRatio": 0.8028452952649435, "researchAndDevelopmentExpenses": 39939000, "generalAndAdministrativeExpenses": 32570000, "sellingAndMarketingExpenses": 0.0, "otherExpenses": -15201000, "operatingExpenses": 57308000, "costAndExpenses": 81366000, "interestExpense": 2941000.0, "depreciationAndAmortization": 15969000, "ebitda": 56629000, "ebitdaratio": 0.464073230295183, "operatingIncome": 40660000, "operatingIncomeRatio": 0.33320767705243143, "totalOtherIncomeExpensesNet": -817000.0, "incomeBeforeTax": 37262000, "incomeBeforeTaxRatio": 0.30536115254126167, "incomeTaxExpense": 10125000, "netIncome": 27137000, "netIncomeRatio": 0.22238703227181092, "eps": 0.55, "epsdiluted": 0.55, "weightedAverageShsOut": 88296000, "weightedAverageShsOutDil": 88296000, "link": "https://www.sec.gov/Archives/edgar/data/1013462/000119312509168796/0001193125-09-168796-index.htm", "finalLink": "https://www.sec.gov/Archives/edgar/data/1013462/000119312509168796/d10q.htm"}, {"date": "2009-03-31", "symbol": "ANSS", "fillingDate": "2009-05-08", "acceptedDate": "2009-05-08 09:41:17", "period": "Q1", "revenue": 116310000, "costOfRevenue": 23628000, "grossProfit": 92682000, "grossProfitRatio": 0.7968532370389476, "researchAndDevelopmentExpenses": 0.0, "generalAndAdministrativeExpenses": 33825000, "sellingAndMarketingExpenses": 0.0, "otherExpenses": 24028000, "operatingExpenses": 57853000, "costAndExpenses": 81481000, "interestExpense": 3277000.0, "depreciationAndAmortization": 15815000, "ebitda": 50644000, "ebitdaratio": 0.4354225775943599, "operatingIncome": 34829000, "operatingIncomeRatio": 0.29944974636746624, "totalOtherIncomeExpensesNet": -488000.0, "incomeBeforeTax": 31633000, "incomeBeforeTaxRatio": 0.27197145559281233, "incomeTaxExpense": 10538000, "netIncome": 21095000, "netIncomeRatio": 0.1813687559109277, "eps": 0.24, "epsdiluted": 0.24, "weightedAverageShsOut": 88866000, "weightedAverageShsOutDil": 88866000, "link": "https://www.sec.gov/Archives/edgar/data/1013462/000119312509104680/0001193125-09-104680-index.htm", "finalLink": "https://www.sec.gov/Archives/edgar/data/1013462/000119312509104680/d10q.htm"}, {"date": "2008-12-31", "symbol": "ANSS", "fillingDate": "2009-02-27", "acceptedDate": "2009-02-27 14:47:04", "period": "FY", "revenue": 135301000, "costOfRevenue": 25390000, "grossProfit": 109911000, "grossProfitRatio": 0.8123443285711118, "researchAndDevelopmentExpenses": 18826000, "generalAndAdministrativeExpenses": 41954000, "sellingAndMarketingExpenses": 0.0, "otherExpenses": 3351000.0, "operatingExpenses": 64131000, "costAndExpenses": 89521000, "interestExpense": 3993000.0, "depreciationAndAmortization": 15946000, "ebitda": 61726000, "ebitdaratio": 0.456212444845197, "operatingIncome": 45780000, "operatingIncomeRatio": 0.33835670098521076, "totalOtherIncomeExpensesNet": 446000.0, "incomeBeforeTax": 43328000, "incomeBeforeTaxRatio": 0.3202341446109046, "incomeTaxExpense": 11415000, "netIncome": 31913000, "netIncomeRatio": 0.23586669721583728, "eps": 1.35, "epsdiluted": 1.35, "weightedAverageShsOut": 82975000, "weightedAverageShsOutDil": 82975000, "link": "https://www.sec.gov/Archives/edgar/data/1013462/000119312509040766/0001193125-09-040766-index.htm", "finalLink": "https://www.sec.gov/Archives/edgar/data/1013462/000119312509040766/d10k.htm"}, {"date": "2008-09-30", "symbol": "ANSS", "fillingDate": "2008-11-06", "acceptedDate": "2008-11-06 15:30:53", "period": "Q3", "revenue": 122247000, "costOfRevenue": 24587000, "grossProfit": 97660000, "grossProfitRatio": 0.7988744100059715, "researchAndDevelopmentExpenses": 20282000, "generalAndAdministrativeExpenses": 36071000, "sellingAndMarketingExpenses": 0.0, "otherExpenses": 3011000.0, "operatingExpenses": 59364000, "costAndExpenses": 83951000, "interestExpense": 3122000.0, "depreciationAndAmortization": 14594000, "ebitda": 52890000, "ebitdaratio": 0.43264865395469826, "operatingIncome": 38296000, "operatingIncomeRatio": 0.31326740124502034, "totalOtherIncomeExpensesNet": -273000.0, "incomeBeforeTax": 36573000, "incomeBeforeTaxRatio": 0.2991729858401433, "incomeTaxExpense": 10798000, "netIncome": 25775000, "netIncomeRatio": 0.21084361988433253, "eps": 0.99, "epsdiluted": 0.99, "weightedAverageShsOut": 80831000, "weightedAverageShsOutDil": 80831000, "link": "https://www.sec.gov/Archives/edgar/data/1013462/000119312508227825/0001193125-08-227825-index.htm", "finalLink": "https://www.sec.gov/Archives/edgar/data/1013462/000119312508227825/d10q.htm"}, {"date": "2008-06-30", "symbol": "ANSS", "fillingDate": "2008-08-08", "acceptedDate": "2008-08-08 11:01:34", "period": "Q2", "revenue": 111246000, "costOfRevenue": 20530000, "grossProfit": 90716000, "grossProfitRatio": 0.8154540387969006, "researchAndDevelopmentExpenses": 16528000, "generalAndAdministrativeExpenses": 28153000, "sellingAndMarketingExpenses": 0.0, "otherExpenses": 2181000.0, "operatingExpenses": 46862000, "costAndExpenses": 67392000, "interestExpense": 1242000.0, "depreciationAndAmortization": 9881000.0, "ebitda": 53735000, "ebitdaratio": 0.4830286032756234, "operatingIncome": 43854000, "operatingIncomeRatio": 0.3942074321773367, "totalOtherIncomeExpensesNet": -378000.0, "incomeBeforeTax": 43446000, "incomeBeforeTaxRatio": 0.39053988458011973, "incomeTaxExpense": 15317000, "netIncome": 28129000, "netIncomeRatio": 0.25285403520126565, "eps": 0.69, "epsdiluted": 0.69, "weightedAverageShsOut": 78403000, "weightedAverageShsOutDil": 78403000, "link": "https://www.sec.gov/Archives/edgar/data/1013462/000119312508171315/0001193125-08-171315-index.htm", "finalLink": "https://www.sec.gov/Archives/edgar/data/1013462/000119312508171315/d10q.htm"}, {"date": "2008-03-31", "symbol": "ANSS", "fillingDate": "2008-05-07", "acceptedDate": "2008-05-07 12:47:02", "period": "Q1", "revenue": 109545000, "costOfRevenue": 20907000, "grossProfit": 88638000, "grossProfitRatio": 0.8091469259208545, "researchAndDevelopmentExpenses": 15958000, "generalAndAdministrativeExpenses": 28709000, "sellingAndMarketingExpenses": 0.0, "otherExpenses": 2170000.0, "operatingExpenses": 46837000, "costAndExpenses": 67744000, "interestExpense": 985000.0, "depreciationAndAmortization": 9672000.0, "ebitda": 51473000, "ebitdaratio": 0.4698799580081245, "operatingIncome": 41801000, "operatingIncomeRatio": 0.3815874754667032, "totalOtherIncomeExpensesNet": 932000.0, "incomeBeforeTax": 43344000, "incomeBeforeTaxRatio": 0.39567301109133235, "incomeTaxExpense": 17490000, "netIncome": 25854000, "netIncomeRatio": 0.23601259756264548, "eps": 0.33, "epsdiluted": 0.33, "weightedAverageShsOut": 78302000, "weightedAverageShsOutDil": 78302000, "link": "https://www.sec.gov/Archives/edgar/data/1013462/000119312508105498/0001193125-08-105498-index.htm", "finalLink": "https://www.sec.gov/Archives/edgar/data/1013462/000119312508105498/d10q.htm"}, {"date": "2007-12-31", "symbol": "ANSS", "fillingDate": "2008-02-28", "acceptedDate": "2008-02-28 11:34:01", "period": "FY", "revenue": 111236000, "costOfRevenue": 20845000, "grossProfit": 90391000, "grossProfitRatio": 0.812605631270452, "researchAndDevelopmentExpenses": 15635000, "generalAndAdministrativeExpenses": 34526000, "sellingAndMarketingExpenses": 0.0, "otherExpenses": 2288000.0, "operatingExpenses": 52449000, "costAndExpenses": 73294000, "interestExpense": 1273000.0, "depreciationAndAmortization": 10010000, "ebitda": 47952000, "ebitdaratio": 0.43108346218850013, "operatingIncome": 37942000, "operatingIncomeRatio": 0.34109460965874355, "totalOtherIncomeExpensesNet": 735000.0, "incomeBeforeTax": 38472000, "incomeBeforeTaxRatio": 0.3458592541982811, "incomeTaxExpense": 9183000.0, "netIncome": 29289000, "netIncomeRatio": 0.2633050451292747, "eps": 1.06, "epsdiluted": 1.06, "weightedAverageShsOut": 77792000, "weightedAverageShsOutDil": 77792000, "link": "https://www.sec.gov/Archives/edgar/data/1013462/000119312508041214/0001193125-08-041214-index.htm", "finalLink": "https://www.sec.gov/Archives/edgar/data/1013462/000119312508041214/d10k.htm"}, {"date": "2007-09-30", "symbol": "ANSS", "fillingDate": "2007-11-06", "acceptedDate": "2007-11-06 15:38:06", "period": "Q3", "revenue": 94034000, "costOfRevenue": 19391000, "grossProfit": 74643000, "grossProfitRatio": 0.7937873535104324, "researchAndDevelopmentExpenses": 14198000, "generalAndAdministrativeExpenses": 26596000, "sellingAndMarketingExpenses": 0.0, "otherExpenses": 2239000.0, "operatingExpenses": 43033000, "costAndExpenses": 62424000, "interestExpense": 1600000.0, "depreciationAndAmortization": 9570000.0, "ebitda": 41180000, "ebitdaratio": 0.43792670736116723, "operatingIncome": 31610000, "operatingIncomeRatio": 0.3361550077631495, "totalOtherIncomeExpensesNet": -735000.0, "incomeBeforeTax": 30946000, "incomeBeforeTaxRatio": 0.3290937320543633, "incomeTaxExpense": 12250000, "netIncome": 18696000, "netIncomeRatio": 0.19882170278835315, "eps": 0.68, "epsdiluted": 0.68, "weightedAverageShsOut": 77653000, "weightedAverageShsOutDil": 77653000, "link": "https://www.sec.gov/Archives/edgar/data/1013462/000119312507236636/0001193125-07-236636-index.htm", "finalLink": "https://www.sec.gov/Archives/edgar/data/1013462/000119312507236636/d10q.htm"}, {"date": "2007-06-30", "symbol": "ANSS", "fillingDate": "2007-08-07", "acceptedDate": "2007-08-07 09:58:53", "period": "Q2", "revenue": 92211000, "costOfRevenue": 18931000, "grossProfit": 73280000, "grossProfitRatio": 0.7946991139885697, "researchAndDevelopmentExpenses": 13576000, "generalAndAdministrativeExpenses": 27095000, "sellingAndMarketingExpenses": 0.0, "otherExpenses": 2213000.0, "operatingExpenses": 42884000, "costAndExpenses": 61815000, "interestExpense": 2828000.0, "depreciationAndAmortization": 9891000.0, "ebitda": 40287000, "ebitdaratio": 0.4369001529101734, "operatingIncome": 30396000, "operatingIncomeRatio": 0.32963529296938543, "totalOtherIncomeExpensesNet": -84000.0, "incomeBeforeTax": 29061000, "incomeBeforeTaxRatio": 0.31515762761492666, "incomeTaxExpense": 10805000, "netIncome": 18256000, "netIncomeRatio": 0.19798071813558035, "eps": 0.44, "epsdiluted": 0.44, "weightedAverageShsOut": 77488000, "weightedAverageShsOutDil": 77488000, "link": "https://www.sec.gov/Archives/edgar/data/1013462/000119312507173126/0001193125-07-173126-index.htm", "finalLink": "https://www.sec.gov/Archives/edgar/data/1013462/000119312507173126/d10q.htm"}, {"date": "2007-03-31", "symbol": "ANSS", "fillingDate": "2007-05-08", "acceptedDate": "2007-05-08 09:48:54", "period": "Q1", "revenue": 87859000, "costOfRevenue": 18880000, "grossProfit": 68979000, "grossProfitRatio": 0.78511023344222, "researchAndDevelopmentExpenses": 13072000, "generalAndAdministrativeExpenses": 26891000, "sellingAndMarketingExpenses": 0.0, "otherExpenses": 2195000.0, "operatingExpenses": 42158000, "costAndExpenses": 61038000, "interestExpense": 1121000.0, "depreciationAndAmortization": 9478000.0, "ebitda": 36299000, "ebitdaratio": 0.41315061632843536, "operatingIncome": 26821000, "operatingIncomeRatio": 0.30527322186685485, "totalOtherIncomeExpensesNet": 84000.0, "incomeBeforeTax": 25784000, "incomeBeforeTaxRatio": 0.2934702193286971, "incomeTaxExpense": 9633000.0, "netIncome": 16151000, "netIncomeRatio": 0.18382863451666875, "eps": 0.42, "epsdiluted": 0.42, "weightedAverageShsOut": 38683000, "weightedAverageShsOutDil": 38683000, "link": "https://www.sec.gov/Archives/edgar/data/1013462/000119312507105392/0001193125-07-105392-index.htm", "finalLink": "https://www.sec.gov/Archives/edgar/data/1013462/000119312507105392/d10q.htm"}, {"date": "2006-12-31", "symbol": "ANSS", "fillingDate": "2007-02-28", "acceptedDate": "2007-02-28 14:44:59", "period": "FY", "revenue": 85248000, "costOfRevenue": 19086000, "grossProfit": 66162000, "grossProfitRatio": 0.7761120495495496, "researchAndDevelopmentExpenses": 15132000, "generalAndAdministrativeExpenses": 28709000, "sellingAndMarketingExpenses": 0.0, "otherExpenses": 2332000.0, "operatingExpenses": 46173000, "costAndExpenses": 65259000, "interestExpense": 1551000.0, "depreciationAndAmortization": 9523000.0, "ebitda": 29512000, "ebitdaratio": 0.34618993993993996, "operatingIncome": 19989000, "operatingIncomeRatio": 0.23448057432432431, "totalOtherIncomeExpensesNet": -417000.0, "incomeBeforeTax": 18021000, "incomeBeforeTaxRatio": 0.21139498873873874, "incomeTaxExpense": 5757000.0, "netIncome": 12264000, "netIncomeRatio": 0.1438626126126126, "eps": 0.0, "epsdiluted": 0.0, "weightedAverageShsOut": 35610000, "weightedAverageShsOutDil": 35610000, "link": "https://www.sec.gov/Archives/edgar/data/1013462/000119312507042422/0001193125-07-042422-index.htm", "finalLink": "https://www.sec.gov/Archives/edgar/data/1013462/000119312507042422/d10k.htm"}, {"date": "2006-09-30", "symbol": "ANSS", "fillingDate": "2006-11-03", "acceptedDate": "2006-11-03 09:41:58", "period": "Q3", "revenue": 70117000, "costOfRevenue": 17320000, "grossProfit": 52797000, "grossProfitRatio": 0.752984297673888, "researchAndDevelopmentExpenses": 13295000, "generalAndAdministrativeExpenses": 24333000, "sellingAndMarketingExpenses": 0.0, "otherExpenses": 2314000.0, "operatingExpenses": 39942000, "costAndExpenses": 57262000, "interestExpense": 2055000.0, "depreciationAndAmortization": 9282000.0, "ebitda": 22137000, "ebitdaratio": 0.3157151618009898, "operatingIncome": 12855000, "operatingIncomeRatio": 0.18333642340659184, "totalOtherIncomeExpensesNet": 412000.0, "incomeBeforeTax": 11212000, "incomeBeforeTaxRatio": 0.1599041601893977, "incomeTaxExpense": 2840000.0, "netIncome": 8372000.0, "netIncomeRatio": 0.11940043070867265, "eps": 0.05, "epsdiluted": 0.05, "weightedAverageShsOut": 35610000, "weightedAverageShsOutDil": 35610000, "link": "https://www.sec.gov/Archives/edgar/data/1013462/000119312506223083/0001193125-06-223083-index.htm", "finalLink": "https://www.sec.gov/Archives/edgar/data/1013462/000119312506223083/d10q.htm"}, {"date": "2006-06-30", "symbol": "ANSS", "fillingDate": "2006-08-04", "acceptedDate": "2006-08-04 09:53:59", "period": "Q2", "revenue": 62264000, "costOfRevenue": 13453000, "grossProfit": 48811000, "grossProfitRatio": 0.7839361428754978, "researchAndDevelopmentExpenses": 11622000, "generalAndAdministrativeExpenses": 29179000, "sellingAndMarketingExpenses": -7159000.0, "otherExpenses": 29676000, "operatingExpenses": 63318000, "costAndExpenses": 76771000, "interestExpense": -593000.0, "depreciationAndAmortization": 6786000.0, "ebitda": -7721000.0, "ebitdaratio": -0.12400424001027881, "operatingIncome": -14507000, "operatingIncomeRatio": -0.2329917769497623, "totalOtherIncomeExpensesNet": -1775000.0, "incomeBeforeTax": -15689000, "incomeBeforeTaxRatio": -0.25197545933444687, "incomeTaxExpense": 3704000.0, "netIncome": -19393000, "netIncomeRatio": -0.31146408839779005, "eps": -0.19, "epsdiluted": -0.19, "weightedAverageShsOut": 34214000, "weightedAverageShsOutDil": 34214000, "link": "https://www.sec.gov/Archives/edgar/data/1013462/000119312506161861/0001193125-06-161861-index.htm", "finalLink": "https://www.sec.gov/Archives/edgar/data/1013462/000119312506161861/d10q.htm"}, {"date": "2006-03-31", "symbol": "ANSS", "fillingDate": "2006-05-05", "acceptedDate": "2006-05-05 11:15:27", "period": "Q1", "revenue": 46011000, "costOfRevenue": 6868000.0, "grossProfit": 39143000, "grossProfitRatio": 0.8507313468518398, "researchAndDevelopmentExpenses": 9357000.0, "generalAndAdministrativeExpenses": 4680000.0, "sellingAndMarketingExpenses": 7159000.0, "otherExpenses": 128000.0, "operatingExpenses": 21324000, "costAndExpenses": 28192000, "interestExpense": 0.0, "depreciationAndAmortization": 1872000.0, "ebitda": 19691000, "ebitdaratio": 0.42796287844211167, "operatingIncome": 17819000, "operatingIncomeRatio": 0.3872769555106388, "totalOtherIncomeExpensesNet": 1698000.0, "incomeBeforeTax": 19517000, "incomeBeforeTaxRatio": 0.4241811740670709, "incomeTaxExpense": 6604000.0, "netIncome": 12913000, "netIncomeRatio": 0.28065027928104147, "eps": 0.4, "epsdiluted": 0.4, "weightedAverageShsOut": 32122000, "weightedAverageShsOutDil": 32122000, "link": "https://www.sec.gov/Archives/edgar/data/1013462/000119312506101536/0001193125-06-101536-index.htm", "finalLink": "https://www.sec.gov/Archives/edgar/data/1013462/000119312506101536/d10q.htm"}, {"date": "2005-12-31", "symbol": "ANSS", "fillingDate": "2006-03-09", "acceptedDate": "2006-03-09 16:38:07", "period": "FY", "revenue": 43721000, "costOfRevenue": 6151000.0, "grossProfit": 37570000, "grossProfitRatio": 0.8593124585439491, "researchAndDevelopmentExpenses": 8202000.0, "generalAndAdministrativeExpenses": 4479000.0, "sellingAndMarketingExpenses": 6952000.0, "otherExpenses": 175000.0, "operatingExpenses": 19808000, "costAndExpenses": 25959000, "interestExpense": 0.0, "depreciationAndAmortization": 1948000.0, "ebitda": 19710000, "ebitdaratio": 0.4508131104046111, "operatingIncome": 17762000, "operatingIncomeRatio": 0.406257862354475, "totalOtherIncomeExpensesNet": 1471000.0, "incomeBeforeTax": 19233000, "incomeBeforeTaxRatio": 0.4399030214313488, "incomeTaxExpense": 5962000.0, "netIncome": 13271000, "netIncomeRatio": 0.3035383454175339, "eps": 0.0, "epsdiluted": 0.0, "weightedAverageShsOut": 31670000, "weightedAverageShsOutDil": 31670000, "link": "https://www.sec.gov/Archives/edgar/data/1013462/000119312506049706/0001193125-06-049706-index.htm", "finalLink": "https://www.sec.gov/Archives/edgar/data/1013462/000119312506049706/d10k.htm"}, {"date": "2005-09-30", "symbol": "ANSS", "fillingDate": "2005-11-04", "acceptedDate": "2005-11-04 10:21:33", "period": "Q3", "revenue": 39035000, "costOfRevenue": 6033000.0, "grossProfit": 33002000, "grossProfitRatio": 0.8454463942615601, "researchAndDevelopmentExpenses": 7667000.0, "generalAndAdministrativeExpenses": 4276000.0, "sellingAndMarketingExpenses": 6432000.0, "otherExpenses": 298000.0, "operatingExpenses": 18673000, "costAndExpenses": 24706000, "interestExpense": 0.0, "depreciationAndAmortization": 2027000.0, "ebitda": 16356000, "ebitdaratio": 0.4190085820417574, "operatingIncome": 14329000, "operatingIncomeRatio": 0.36708082490073013, "totalOtherIncomeExpensesNet": 1141000.0, "incomeBeforeTax": 15470000, "incomeBeforeTaxRatio": 0.396311002946074, "incomeTaxExpense": 4296000.0, "netIncome": 11174000, "netIncomeRatio": 0.2862559241706161, "eps": 0.97, "epsdiluted": 0.97, "weightedAverageShsOut": 31670000, "weightedAverageShsOutDil": 31670000, "link": "https://www.sec.gov/Archives/edgar/data/1013462/000119312505216456/0001193125-05-216456-index.htm", "finalLink": "https://www.sec.gov/Archives/edgar/data/1013462/000119312505216456/d10q.htm"}, {"date": "2005-06-30", "symbol": "ANSS", "fillingDate": "2005-08-05", "acceptedDate": "2005-08-05 11:23:25", "period": "Q2", "revenue": 37656000, "costOfRevenue": 5837000.0, "grossProfit": 31819000, "grossProfitRatio": 0.8449915020182707, "researchAndDevelopmentExpenses": 7506000.0, "generalAndAdministrativeExpenses": 4457000.0, "sellingAndMarketingExpenses": 6143000.0, "otherExpenses": 385000.0, "operatingExpenses": 18491000, "costAndExpenses": 24328000, "interestExpense": 0.0, "depreciationAndAmortization": 2111000.0, "ebitda": 15439000, "ebitdaratio": 0.41000106224771615, "operatingIncome": 13328000, "operatingIncomeRatio": 0.3539409390269811, "totalOtherIncomeExpensesNet": 1046000.0, "incomeBeforeTax": 14374000, "incomeBeforeTaxRatio": 0.3817187168047589, "incomeTaxExpense": 4599000.0, "netIncome": 9775000.0, "netIncomeRatio": 0.25958678563841087, "eps": 0.62, "epsdiluted": 0.62, "weightedAverageShsOut": 31579000, "weightedAverageShsOutDil": 31579000, "link": "https://www.sec.gov/Archives/edgar/data/1013462/000119312505158714/0001193125-05-158714-index.htm", "finalLink": "https://www.sec.gov/Archives/edgar/data/1013462/000119312505158714/d10q.htm"}, {"date": "2005-03-31", "symbol": "ANSS", "fillingDate": "2005-05-06", "acceptedDate": "2005-05-06 11:30:16", "period": "Q1", "revenue": 37624000, "costOfRevenue": 6018000.0, "grossProfit": 31606000, "grossProfitRatio": 0.8400489049542845, "researchAndDevelopmentExpenses": 7313000.0, "generalAndAdministrativeExpenses": 4118000.0, "sellingAndMarketingExpenses": 6428000.0, "otherExpenses": 326000.0, "operatingExpenses": 18185000, "costAndExpenses": 24203000, "interestExpense": 0.0, "depreciationAndAmortization": 2021000.0, "ebitda": 15442000, "ebitdaratio": 0.4104295130767595, "operatingIncome": 13421000, "operatingIncomeRatio": 0.35671379970231765, "totalOtherIncomeExpensesNet": 613000.0, "incomeBeforeTax": 14034000, "incomeBeforeTaxRatio": 0.37300659153731663, "incomeTaxExpense": 4351000.0, "netIncome": 9683000.0, "netIncomeRatio": 0.25736232192217734, "eps": 0.31, "epsdiluted": 0.31, "weightedAverageShsOut": 31492000, "weightedAverageShsOutDil": 31492000, "link": "https://www.sec.gov/Archives/edgar/data/1013462/000119312505098732/0001193125-05-098732-index.htm", "finalLink": "https://www.sec.gov/Archives/edgar/data/1013462/000119312505098732/d10q.htm"}, {"date": "2004-12-31", "symbol": "ANSS", "fillingDate": "2005-03-10", "acceptedDate": "2005-03-10 15:47:35", "period": "FY", "revenue": 38887000, "costOfRevenue": 5713000.0, "grossProfit": 33174000, "grossProfitRatio": 0.8530871499472832, "researchAndDevelopmentExpenses": 6840000.0, "generalAndAdministrativeExpenses": 4032000.0, "sellingAndMarketingExpenses": 7141000.0, "otherExpenses": 292000.0, "operatingExpenses": 18305000, "costAndExpenses": 24018000, "interestExpense": 0.0, "depreciationAndAmortization": 1967000.0, "ebitda": 16836000, "ebitdaratio": 0.43294674312752335, "operatingIncome": 14869000, "operatingIncomeRatio": 0.38236428626533286, "totalOtherIncomeExpensesNet": 1132000.0, "incomeBeforeTax": 16001000, "incomeBeforeTaxRatio": 0.41147427160747807, "incomeTaxExpense": 3750000.0, "netIncome": 12251000, "netIncomeRatio": 0.3150410162779335, "eps": 0.0, "epsdiluted": 0.0, "weightedAverageShsOut": 30835000, "weightedAverageShsOutDil": 30835000, "link": "https://www.sec.gov/Archives/edgar/data/1013462/000119312505046539/0001193125-05-046539-index.htm", "finalLink": "https://www.sec.gov/Archives/edgar/data/1013462/000119312505046539/d10k.htm"}, {"date": "2004-09-30", "symbol": "ANSS", "fillingDate": "2004-11-08", "acceptedDate": "2004-11-08 10:57:46", "period": "Q3", "revenue": 32318000, "costOfRevenue": 5441000.0, "grossProfit": 26877000, "grossProfitRatio": 0.8316418095179157, "researchAndDevelopmentExpenses": 6611000.0, "generalAndAdministrativeExpenses": 3763000.0, "sellingAndMarketingExpenses": 5757000.0, "otherExpenses": 285000.0, "operatingExpenses": 16416000, "costAndExpenses": 21857000, "interestExpense": 0.0, "depreciationAndAmortization": 1873000.0, "ebitda": 12334000, "ebitdaratio": 0.38164490376879756, "operatingIncome": 10461000, "operatingIncomeRatio": 0.32368958475153164, "totalOtherIncomeExpensesNet": 415000.0, "incomeBeforeTax": 10876000, "incomeBeforeTaxRatio": 0.3365307259112569, "incomeTaxExpense": 3277000.0, "netIncome": 7599000.0, "netIncomeRatio": 0.2351321245126555, "eps": 0.72, "epsdiluted": 0.72, "weightedAverageShsOut": 30835000, "weightedAverageShsOutDil": 30835000, "link": "https://www.sec.gov/Archives/edgar/data/1013462/000119312504188891/0001193125-04-188891-index.htm", "finalLink": "https://www.sec.gov/Archives/edgar/data/1013462/000119312504188891/d10q.htm"}, {"date": "2004-06-30", "symbol": "ANSS", "fillingDate": "2004-08-06", "acceptedDate": "2004-08-06 10:59:04", "period": "Q2", "revenue": 32002000, "costOfRevenue": 4978000.0, "grossProfit": 27024000, "grossProfitRatio": 0.844447222048622, "researchAndDevelopmentExpenses": 6483000.0, "generalAndAdministrativeExpenses": 3546000.0, "sellingAndMarketingExpenses": 6032000.0, "otherExpenses": 285000.0, "operatingExpenses": 16346000, "costAndExpenses": 21324000, "interestExpense": 0.0, "depreciationAndAmortization": 1882000.0, "ebitda": 12560000, "ebitdaratio": 0.3924754702831073, "operatingIncome": 10678000, "operatingIncomeRatio": 0.33366664583463534, "totalOtherIncomeExpensesNet": 146000.0, "incomeBeforeTax": 10824000, "incomeBeforeTaxRatio": 0.3382288606962065, "incomeTaxExpense": 3247000.0, "netIncome": 7577000.0, "netIncomeRatio": 0.23676645209674396, "eps": 0.96, "epsdiluted": 0.96, "weightedAverageShsOut": 15358000, "weightedAverageShsOutDil": 15358000, "link": "https://www.sec.gov/Archives/edgar/data/1013462/000119312504133829/0001193125-04-133829-index.htm", "finalLink": "https://www.sec.gov/Archives/edgar/data/1013462/000119312504133829/d10q.htm"}, {"date": "2004-03-31", "symbol": "ANSS", "fillingDate": "2004-05-07", "acceptedDate": "2004-05-07 11:15:19", "period": "Q1", "revenue": 31332000, "costOfRevenue": 5175000.0, "grossProfit": 26157000, "grossProfitRatio": 0.8348333971658368, "researchAndDevelopmentExpenses": 6347000.0, "generalAndAdministrativeExpenses": 3499000.0, "sellingAndMarketingExpenses": 6054000.0, "otherExpenses": 287000.0, "operatingExpenses": 16187000, "costAndExpenses": 21362000, "interestExpense": 0.0, "depreciationAndAmortization": 1866000.0, "ebitda": 11836000, "ebitdaratio": 0.3777607557768416, "operatingIncome": 9970000.0, "operatingIncomeRatio": 0.31820503000127665, "totalOtherIncomeExpensesNet": 230000.0, "incomeBeforeTax": 10200000, "incomeBeforeTaxRatio": 0.3255457679050172, "incomeTaxExpense": 3060000.0, "netIncome": 7140000.0, "netIncomeRatio": 0.22788203753351208, "eps": 0.47, "epsdiluted": 0.47, "weightedAverageShsOut": 15315000, "weightedAverageShsOutDil": 15315000, "link": "https://www.sec.gov/Archives/edgar/data/1013462/000119312504081573/0001193125-04-081573-index.htm", "finalLink": "https://www.sec.gov/Archives/edgar/data/1013462/000119312504081573/d10q.htm"}, {"date": "2003-12-31", "symbol": "ANSS", "fillingDate": "2004-03-12", "acceptedDate": "2004-03-12 14:51:38", "period": "FY", "revenue": 33254000, "costOfRevenue": 5548000.0, "grossProfit": 27706000, "grossProfitRatio": 0.8331629277680881, "researchAndDevelopmentExpenses": 6183000.0, "generalAndAdministrativeExpenses": 3291000.0, "sellingAndMarketingExpenses": 7523000.0, "otherExpenses": 281000.0, "operatingExpenses": 17278000, "costAndExpenses": 22826000, "interestExpense": 0.0, "depreciationAndAmortization": 1859000.0, "ebitda": 12287000, "ebitdaratio": 0.3694893847356709, "operatingIncome": 10428000, "operatingIncomeRatio": 0.31358633547843867, "totalOtherIncomeExpensesNet": -141000.0, "incomeBeforeTax": 10287000, "incomeBeforeTaxRatio": 0.30934624406086486, "incomeTaxExpense": 3086000.0, "netIncome": 7201000.0, "netIncomeRatio": 0.21654537799963913, "eps": 0.0, "epsdiluted": 0.0, "weightedAverageShsOut": 14864000, "weightedAverageShsOutDil": 14864000, "link": "https://www.sec.gov/Archives/edgar/data/1013462/000119312504040366/0001193125-04-040366-index.htm", "finalLink": "https://www.sec.gov/Archives/edgar/data/1013462/000119312504040366/d10k.htm"}, {"date": "2003-09-30", "symbol": "ANSS", "fillingDate": "2003-11-12", "acceptedDate": "2003-11-12 11:22:16", "period": "Q3", "revenue": 28038000, "costOfRevenue": 6727000.0, "grossProfit": 21311000, "grossProfitRatio": 0.7600756116698766, "researchAndDevelopmentExpenses": 5879000.0, "generalAndAdministrativeExpenses": 3022000.0, "sellingAndMarketingExpenses": 5646000.0, "otherExpenses": -1155000.0, "operatingExpenses": 13392000, "costAndExpenses": 20119000, "interestExpense": 0.0, "depreciationAndAmortization": 1902000.0, "ebitda": 9821000.0, "ebitdaratio": 0.3502746272915329, "operatingIncome": 7919000.0, "operatingIncomeRatio": 0.28243811969470006, "totalOtherIncomeExpensesNet": -808000.0, "incomeBeforeTax": 7111000.0, "incomeBeforeTaxRatio": 0.25362008702475214, "incomeTaxExpense": 1750000.0, "netIncome": 5361000.0, "netIncomeRatio": 0.1912047934945431, "eps": 0.95, "epsdiluted": 0.95, "weightedAverageShsOut": 14864000, "weightedAverageShsOutDil": 14864000, "link": "https://www.sec.gov/Archives/edgar/data/1013462/000119312503077882/0001193125-03-077882-index.htm", "finalLink": "https://www.sec.gov/Archives/edgar/data/1013462/000119312503077882/d10q.htm"}, {"date": "2003-06-30", "symbol": "ANSS", "fillingDate": "2003-08-13", "acceptedDate": "2003-08-13 11:44:33", "period": "Q2", "revenue": 27643000, "costOfRevenue": 5157000.0, "grossProfit": 22486000, "grossProfitRatio": 0.8134428245848858, "researchAndDevelopmentExpenses": 6074000.0, "generalAndAdministrativeExpenses": 3132000.0, "sellingAndMarketingExpenses": 6096000.0, "otherExpenses": 1181000.0, "operatingExpenses": 16483000, "costAndExpenses": 21640000, "interestExpense": 0.0, "depreciationAndAmortization": 1958000.0, "ebitda": 7961000.0, "ebitdaratio": 0.2879933437036501, "operatingIncome": 6003000.0, "operatingIncomeRatio": 0.2171616684151503, "totalOtherIncomeExpensesNet": 772000.0, "incomeBeforeTax": 6775000.0, "incomeBeforeTaxRatio": 0.24508917266577435, "incomeTaxExpense": 2303000.0, "netIncome": 4472000.0, "netIncomeRatio": 0.16177694172123142, "eps": 0.59, "epsdiluted": 0.59, "weightedAverageShsOut": 14743000, "weightedAverageShsOutDil": 14743000, "link": "https://www.sec.gov/Archives/edgar/data/1013462/000119312503035454/0001193125-03-035454-index.htm", "finalLink": "https://www.sec.gov/Archives/edgar/data/1013462/000119312503035454/d10q.htm"}]