[{"date": "2020-03-31", "symbol": "NFLX", "fillingDate": "2020-04-21", "acceptedDate": "2020-04-21 17:17:26", "period": "Q1", "revenue": 5767691000, "costOfRevenue": 3599701000, "grossProfit": 2167990000, "grossProfitRatio": 0.3758852546018849, "researchAndDevelopmentExpenses": 453817000, "generalAndAdministrativeExpenses": 252087000, "sellingAndMarketingExpenses": 503830000, "otherExpenses": 21697000, "operatingExpenses": 705904000, "costAndExpenses": 4305605000, "interestExpense": 184083000, "depreciationAndAmortization": 2511902000, "ebitda": 3470158000, "ebitdaratio": 0.601654630943, "operatingIncome": 958256000, "operatingIncomeRatio": 0.166142048872, "totalOtherIncomeExpensesNet": 21697000, "incomeBeforeTax": 795870000, "incomeBeforeTaxRatio": 0.137987627978, "incomeTaxExpense": 86803000, "netIncome": 709067000, "netIncomeRatio": 0.122937757935, "eps": 1.61, "epsdiluted": 1.57, "weightedAverageShsOut": 439352000, "weightedAverageShsOutDil": 452494000, "link": "https://www.sec.gov/Archives/edgar/data/1065280/000106528020000155/0001065280-20-000155-index.htm", "finalLink": "https://www.sec.gov/Archives/edgar/data/1065280/000106528020000155/form10qq120.htm"}, {"date": "2019-12-31", "symbol": "NFLX", "fillingDate": "2020-01-29", "acceptedDate": "2020-01-29 16:03:25", "period": "FY", "revenue": 5467434000, "costOfRevenue": 3466023000, "grossProfit": 2001411000, "grossProfitRatio": 0.36606038591412354, "researchAndDevelopmentExpenses": 537227000, "generalAndAdministrativeExpenses": 254586000, "sellingAndMarketingExpenses": 2652462000, "otherExpenses": 84000000, "operatingExpenses": 791813000, "costAndExpenses": 4257836000, "interestExpense": 177801000, "depreciationAndAmortization": 2584668000, "ebitda": 3043180000, "ebitdaratio": 0.556601140498, "operatingIncome": 458512000, "operatingIncomeRatio": 0.0838623749276, "totalOtherIncomeExpensesNet": 84000000, "incomeBeforeTax": 149333000, "incomeBeforeTaxRatio": 0.0273131783575, "incomeTaxExpense": 195315000, "netIncome": 586970000, "netIncomeRatio": 0.10735749165, "eps": 1.33, "epsdiluted": 1.3, "weightedAverageShsOut": 437799000, "weightedAverageShsOutDil": 451765000, "link": "https://www.sec.gov/Archives/edgar/data/1065280/000106528020000040/0001065280-20-000040-index.htm", "finalLink": "https://www.sec.gov/Archives/edgar/data/1065280/000106528020000040/form10kq419.htm"}, {"date": "2019-09-30", "symbol": "NFLX", "fillingDate": "2019-10-18", "acceptedDate": "2019-10-18 13:24:20", "period": "Q3", "revenue": 5244905000, "costOfRevenue": 3097919000, "grossProfit": 2146986000, "grossProfitRatio": 0.4093469757793516, "researchAndDevelopmentExpenses": 379776000, "generalAndAdministrativeExpenses": 233174000, "sellingAndMarketingExpenses": 553797000, "otherExpenses": 192744000, "operatingExpenses": 612950000, "costAndExpenses": 3710869000, "interestExpense": 160660000, "depreciationAndAmortization": 2313335000, "ebitda": 3293574000, "ebitdaratio": 0.627956845739, "operatingIncome": 980239000, "operatingIncomeRatio": 0.186893566232, "totalOtherIncomeExpensesNet": 192744000, "incomeBeforeTax": 1012323000, "incomeBeforeTaxRatio": 0.1930107409, "incomeTaxExpense": 347079000, "netIncome": 665244000, "netIncomeRatio": 0.126836234403, "eps": 1.52, "epsdiluted": 1.47, "weightedAverageShsOut": 437547000, "weightedAverageShsOutDil": 451896000, "link": "https://www.sec.gov/Archives/edgar/data/1065280/000106528019000368/0001065280-19-000368-index.htm", "finalLink": "https://www.sec.gov/Archives/edgar/data/1065280/000106528019000368/form10qq319.htm"}, {"date": "2019-06-30", "symbol": "NFLX", "fillingDate": "2019-07-19", "acceptedDate": "2019-07-19 16:18:58", "period": "Q2", "revenue": 4923116000, "costOfRevenue": 3005657000, "grossProfit": 1917459000, "grossProfitRatio": 0.389480767871405, "researchAndDevelopmentExpenses": 383233000, "generalAndAdministrativeExpenses": 224657000, "sellingAndMarketingExpenses": 603150000, "otherExpenses": -53470000, "operatingExpenses": 607890000, "costAndExpenses": 3613547000, "interestExpense": 152033000, "depreciationAndAmortization": 2265067000, "ebitda": 2971486000, "ebitdaratio": 0.603578302847, "operatingIncome": 706419000, "operatingIncomeRatio": 0.143490220421, "totalOtherIncomeExpensesNet": -53470000, "incomeBeforeTax": 500916000, "incomeBeforeTaxRatio": 0.101747754877, "incomeTaxExpense": 230266000, "netIncome": 270650000, "netIncomeRatio": 0.0549753448832, "eps": 0.62, "epsdiluted": 0.6, "weightedAverageShsOut": 437271000, "weightedAverageShsOutDil": 452063000, "link": "https://www.sec.gov/Archives/edgar/data/1065280/000106528019000260/0001065280-19-000260-index.htm", "finalLink": "https://www.sec.gov/Archives/edgar/data/1065280/000106528019000260/form10qq219.htm"}, {"date": "2019-03-31", "symbol": "NFLX", "fillingDate": "2019-04-18", "acceptedDate": "2019-04-18 17:12:02", "period": "Q1", "revenue": 4520992000, "costOfRevenue": 2870614000, "grossProfit": 1650378000, "grossProfitRatio": 0.36504775942978884, "researchAndDevelopmentExpenses": 372764000, "generalAndAdministrativeExpenses": 201952000, "sellingAndMarketingExpenses": 616578000, "otherExpenses": 76104000, "operatingExpenses": 574716000, "costAndExpenses": 3445330000, "interestExpense": 135529000, "depreciationAndAmortization": 2156756000, "ebitda": 2615840000, "ebitdaratio": 0.578598679228, "operatingIncome": 459084000, "operatingIncomeRatio": 0.101544970661, "totalOtherIncomeExpensesNet": 76104000, "incomeBeforeTax": 399659000, "incomeBeforeTaxRatio": 0.0884007315209, "incomeTaxExpense": 55607000, "netIncome": 344052000, "netIncomeRatio": 0.0761009973032, "eps": 0.79, "epsdiluted": 0.76, "weightedAverageShsOut": 436947000, "weightedAverageShsOutDil": 451922000, "link": "https://www.sec.gov/Archives/edgar/data/1065280/000106528019000157/0001065280-19-000157-index.htm", "finalLink": "https://www.sec.gov/Archives/edgar/data/1065280/000106528019000157/form10q_q119.htm"}, {"date": "2018-12-31", "symbol": "NFLX", "fillingDate": "2019-01-29", "acceptedDate": "2019-01-29 17:12:16", "period": "FY", "revenue": 4186841000, "costOfRevenue": 3069250000, "grossProfit": 1117591000, "grossProfitRatio": 0.2669294105030499, "researchAndDevelopmentExpenses": 265031000, "generalAndAdministrativeExpenses": -303219000, "sellingAndMarketingExpenses": 928198000, "otherExpenses": 32436000, "operatingExpenses": 624979000, "costAndExpenses": 3031062000, "interestExpense": 128807000, "depreciationAndAmortization": 2085844000, "ebitda": 2301611000, "ebitdaratio": 0.549724959701, "operatingIncome": 215767000, "operatingIncomeRatio": 0.0515345579161, "totalOtherIncomeExpensesNet": 32436000, "incomeBeforeTax": 119396000, "incomeBeforeTaxRatio": 0.0285169654162, "incomeTaxExpense": -14538000, "netIncome": 133934000, "netIncomeRatio": 0.0319892730581, "eps": 0.3, "epsdiluted": 0.29, "weightedAverageShsOut": 435374000, "weightedAverageShsOutDil": 451244000, "link": "https://www.sec.gov/Archives/edgar/data/1065280/000106528019000043/0001065280-19-000043-index.htm", "finalLink": "https://www.sec.gov/Archives/edgar/data/1065280/000106528019000043/form10k_q418.htm"}, {"date": "2018-09-30", "symbol": "NFLX", "fillingDate": "2018-10-18", "acceptedDate": "2018-10-18 17:29:32", "period": "Q3", "revenue": 3999374000, "costOfRevenue": 2412346000, "grossProfit": 1587028000, "grossProfitRatio": 0.3968191021894927, "researchAndDevelopmentExpenses": 327026000, "generalAndAdministrativeExpenses": 344065000, "sellingAndMarketingExpenses": 435269000, "otherExpenses": 7004000.0, "operatingExpenses": 671091000, "costAndExpenses": 3083437000, "interestExpense": 108862000, "depreciationAndAmortization": 1942887000, "ebitda": 2423555000, "ebitdaratio": 0.605983586431, "operatingIncome": 480668000, "operatingIncomeRatio": 0.120185809079, "totalOtherIncomeExpensesNet": 7004000.0, "incomeBeforeTax": 378810000, "incomeBeforeTaxRatio": 0.0947173232611, "incomeTaxExpense": -24025000, "netIncome": 402835000, "netIncomeRatio": 0.100724513386, "eps": 0.93, "epsdiluted": 0.89, "weightedAverageShsOut": 435033000, "weightedAverageShsOutDil": 451283000, "link": "https://www.sec.gov/Archives/edgar/data/1065280/000106528018000538/0001065280-18-000538-index.htm", "finalLink": "https://www.sec.gov/Archives/edgar/data/1065280/000106528018000538/nflx-093018x10qxdoc.htm"}, {"date": "2018-06-30", "symbol": "NFLX", "fillingDate": "2018-07-18", "acceptedDate": "2018-07-18 16:07:21", "period": "Q2", "revenue": 3907270000, "costOfRevenue": 2289867000, "grossProfit": 1617403000, "grossProfitRatio": 0.41394707813895637, "researchAndDevelopmentExpenses": 317213000, "generalAndAdministrativeExpenses": 311197000, "sellingAndMarketingExpenses": 526780000, "otherExpenses": 68028000, "operatingExpenses": 628410000, "costAndExpenses": 2918277000, "interestExpense": 101605000, "depreciationAndAmortization": 1848707000, "ebitda": 2310920000, "ebitdaratio": 0.591441082904, "operatingIncome": 462213000, "operatingIncomeRatio": 0.118295638643, "totalOtherIncomeExpensesNet": 68028000, "incomeBeforeTax": 428636000, "incomeBeforeTaxRatio": 0.109702170569, "incomeTaxExpense": 44287000, "netIncome": 384349000, "netIncomeRatio": 0.0983676582371, "eps": 0.88, "epsdiluted": 0.86, "weightedAverageShsOut": 434638000, "weightedAverageShsOutDil": 450958000, "link": "https://www.sec.gov/Archives/edgar/data/1065280/000106528018000360/0001065280-18-000360-index.htm", "finalLink": "https://www.sec.gov/Archives/edgar/data/1065280/000106528018000360/nflx-063018x10qxdoc.htm"}, {"date": "2018-03-31", "symbol": "NFLX", "fillingDate": "2018-04-18", "acceptedDate": "2018-04-18 16:13:58", "period": "Q1", "revenue": 3700856000, "costOfRevenue": 2196075000, "grossProfit": 1504781000, "grossProfitRatio": 0.40660349929854067, "researchAndDevelopmentExpenses": 300730000, "generalAndAdministrativeExpenses": 278251000, "sellingAndMarketingExpenses": 479222000, "otherExpenses": -65743000, "operatingExpenses": 578981000, "costAndExpenses": 2775056000, "interestExpense": 81219000, "depreciationAndAmortization": 1779019000, "ebitda": 2225597000, "ebitdaratio": 0.601373574114, "operatingIncome": 446578000, "operatingIncomeRatio": 0.120668839858, "totalOtherIncomeExpensesNet": -65743000, "incomeBeforeTax": 299616000, "incomeBeforeTaxRatio": 0.0809585674233, "incomeTaxExpense": 9492000.0, "netIncome": 290124000, "netIncomeRatio": 0.0783937553906, "eps": 0.67, "epsdiluted": 0.64, "weightedAverageShsOut": 434174000, "weightedAverageShsOutDil": 450359000, "link": "https://www.sec.gov/Archives/edgar/data/1065280/000106528018000205/0001065280-18-000205-index.htm", "finalLink": "https://www.sec.gov/Archives/edgar/data/1065280/000106528018000205/nflx-033118x10qxdoc.htm"}, {"date": "2017-12-31", "symbol": "NFLX", "fillingDate": "2018-01-29", "acceptedDate": "2018-01-29 17:29:30", "period": "FY", "revenue": 3285755000, "costOfRevenue": 2107354000, "grossProfit": 1178401000, "grossProfitRatio": 0.3586393385995, "researchAndDevelopmentExpenses": 201873000, "generalAndAdministrativeExpenses": 239808000, "sellingAndMarketingExpenses": 419939000, "otherExpenses": -38681000, "operatingExpenses": 441681000, "costAndExpenses": 2549035000, "interestExpense": 75292000, "depreciationAndAmortization": 1745225000, "ebitda": 1990528000, "ebitdaratio": 0.605805362847, "operatingIncome": 245303000, "operatingIncomeRatio": 0.0746565096911, "totalOtherIncomeExpensesNet": -38681000, "incomeBeforeTax": 131330000, "incomeBeforeTaxRatio": 0.0399695047257, "incomeTaxExpense": -54187000, "netIncome": 185517000, "netIncomeRatio": 0.0564609960268, "eps": 0.42, "epsdiluted": 0.41, "weightedAverageShsOut": 431885000, "weightedAverageShsOutDil": 446814000, "link": "https://www.sec.gov/Archives/edgar/data/1065280/000106528018000069/0001065280-18-000069-index.htm", "finalLink": "https://www.sec.gov/Archives/edgar/data/1065280/000106528018000069/q4nflx201710k.htm"}, {"date": "2017-09-30", "symbol": "NFLX", "fillingDate": "2017-10-18", "acceptedDate": "2017-10-18 16:27:55", "period": "Q3", "revenue": 2984859000, "costOfRevenue": 1992980000, "grossProfit": 991879000, "grossProfitRatio": 0.332303468941079, "researchAndDevelopmentExpenses": 255236000, "generalAndAdministrativeExpenses": 215526000, "sellingAndMarketingExpenses": 312490000, "otherExpenses": -31702000, "operatingExpenses": 470762000, "costAndExpenses": 2463742000, "interestExpense": 60688000, "depreciationAndAmortization": 1659974000, "ebitda": 1868601000, "ebitdaratio": 0.626026556028, "operatingIncome": 208627000, "operatingIncomeRatio": 0.0698950938721, "totalOtherIncomeExpensesNet": -31702000, "incomeBeforeTax": 116237000, "incomeBeforeTaxRatio": 0.0389422079904, "incomeTaxExpense": -13353000, "netIncome": 129590000, "netIncomeRatio": 0.0434157861393, "eps": 0.3, "epsdiluted": 0.29, "weightedAverageShsOut": 431473000, "weightedAverageShsOutDil": 446367000, "link": "https://www.sec.gov/Archives/edgar/data/1065280/000106528017000180/0001065280-17-000180-index.htm", "finalLink": "https://www.sec.gov/Archives/edgar/data/1065280/000106528017000180/nflx-093017x10qxdoc.htm"}, {"date": "2017-06-30", "symbol": "NFLX", "fillingDate": "2017-07-19", "acceptedDate": "2017-07-19 15:12:52", "period": "Q2", "revenue": 2785464000, "costOfRevenue": 1902308000, "grossProfit": 883156000, "grossProfitRatio": 0.31705884549216934, "researchAndDevelopmentExpenses": 267083000, "generalAndAdministrativeExpenses": 213943000, "sellingAndMarketingExpenses": 274323000, "otherExpenses": -58363000, "operatingExpenses": 481026000, "costAndExpenses": 2383334000, "interestExpense": 55482000, "depreciationAndAmortization": 1585856000, "ebitda": 1713663000, "ebitdaratio": 0.615216351746, "operatingIncome": 127807000, "operatingIncomeRatio": 0.0458835583587, "totalOtherIncomeExpensesNet": -58363000, "incomeBeforeTax": 13962000, "incomeBeforeTaxRatio": 0.00501245034939, "incomeTaxExpense": -51638000, "netIncome": 65600000, "netIncomeRatio": 0.0235508339006, "eps": 0.16, "epsdiluted": 0.15, "weightedAverageShsOut": 431000000, "weightedAverageShsOutDil": 445862000, "link": "https://www.sec.gov/Archives/edgar/data/1065280/000106528017000046/0001065280-17-000046-index.htm", "finalLink": "https://www.sec.gov/Archives/edgar/data/1065280/000106528017000046/nflx-063017x10qxdoc.htm"}, {"date": "2017-03-31", "symbol": "NFLX", "fillingDate": "2017-04-20", "acceptedDate": "2017-04-19 21:10:08", "period": "Q1", "revenue": 2636635000, "costOfRevenue": 1657024000, "grossProfit": 979611000, "grossProfitRatio": 0.37153834338086233, "researchAndDevelopmentExpenses": 257108000, "generalAndAdministrativeExpenses": 194291000, "sellingAndMarketingExpenses": 271270000, "otherExpenses": 13592000, "operatingExpenses": 451399000, "costAndExpenses": 2108423000, "interestExpense": 46742000, "depreciationAndAmortization": 1339330000, "ebitda": 1596272000, "ebitdaratio": 0.605420166235, "operatingIncome": 256942000, "operatingIncomeRatio": 0.0974507279165, "totalOtherIncomeExpensesNet": 13592000, "incomeBeforeTax": 223792000, "incomeBeforeTaxRatio": 0.0848778841212, "incomeTaxExpense": 45570000, "netIncome": 178222000, "netIncomeRatio": 0.067594490705, "eps": 0.41, "epsdiluted": 0.4, "weightedAverageShsOut": 430600000, "weightedAverageShsOutDil": 445458000, "link": "https://www.sec.gov/Archives/edgar/data/1065280/000162828017003939/0001628280-17-003939-index.htm", "finalLink": "https://www.sec.gov/Archives/edgar/data/1065280/000162828017003939/nflx-033117x10qxdoc.htm"}, {"date": "2016-12-31", "symbol": "NFLX", "fillingDate": "2017-01-27", "acceptedDate": "2017-01-27 15:44:46", "period": "FY", "revenue": 2477541000, "costOfRevenue": 1654419000, "grossProfit": 823122000, "grossProfitRatio": 0.33223345244337027, "researchAndDevelopmentExpenses": 141393000, "generalAndAdministrativeExpenses": 159001000, "sellingAndMarketingExpenses": 284996000, "otherExpenses": -20079000, "operatingExpenses": 300394000, "costAndExpenses": 1954813000, "interestExpense": 43586000, "depreciationAndAmortization": 1363903000, "ebitda": 1517837000, "ebitdaratio": 0.612638499222, "operatingIncome": 153934000, "operatingIncomeRatio": 0.0621317669415, "totalOtherIncomeExpensesNet": -20079000, "incomeBeforeTax": 90269000, "incomeBeforeTaxRatio": 0.0364349167178, "incomeTaxExpense": 23521000, "netIncome": 66748000, "netIncomeRatio": 0.0269412292269, "eps": 0.16, "epsdiluted": 0.16, "weightedAverageShsOut": 428822000, "weightedAverageShsOutDil": 438652000, "link": "https://www.sec.gov/Archives/edgar/data/1065280/000162828017000496/0001628280-17-000496-index.htm", "finalLink": "https://www.sec.gov/Archives/edgar/data/1065280/000162828017000496/nflx201610k.htm"}, {"date": "2016-09-30", "symbol": "NFLX", "fillingDate": "2016-10-20", "acceptedDate": "2016-10-19 17:46:52", "period": "Q3", "revenue": 2290188000, "costOfRevenue": 1532844000, "grossProfit": 757344000, "grossProfitRatio": 0.3306907555187609, "researchAndDevelopmentExpenses": 216099000, "generalAndAdministrativeExpenses": 153166000, "sellingAndMarketingExpenses": 282043000, "otherExpenses": 8627000.0, "operatingExpenses": 369265000, "costAndExpenses": 1902109000, "interestExpense": 35536000, "depreciationAndAmortization": 1257802000, "ebitda": 1363838000, "ebitdaratio": 0.595513556092, "operatingIncome": 106036000, "operatingIncomeRatio": 0.0463001290724, "totalOtherIncomeExpensesNet": 8627000.0, "incomeBeforeTax": 79127000, "incomeBeforeTaxRatio": 0.0345504386539, "incomeTaxExpense": 27610000, "netIncome": 51517000, "netIncomeRatio": 0.0224946598271, "eps": 0.12, "epsdiluted": 0.11, "weightedAverageShsOut": 428514000, "weightedAverageShsOutDil": 438180000, "link": "https://www.sec.gov/Archives/edgar/data/1065280/000106528016000081/0001065280-16-000081-index.htm", "finalLink": "https://www.sec.gov/Archives/edgar/data/1065280/000106528016000081/nflx-93016x10qxdoc.htm"}, {"date": "2016-06-30", "symbol": "NFLX", "fillingDate": "2016-07-19", "acceptedDate": "2016-07-19 17:32:08", "period": "Q2", "revenue": 2105204000, "costOfRevenue": 1473098000, "grossProfit": 632106000, "grossProfitRatio": 0.30025878727192234, "researchAndDevelopmentExpenses": 207300000, "generalAndAdministrativeExpenses": 138407000, "sellingAndMarketingExpenses": 216029000, "otherExpenses": 16317000, "operatingExpenses": 345707000, "costAndExpenses": 1818805000, "interestExpense": 35455000, "depreciationAndAmortization": 1209513000, "ebitda": 1279883000, "ebitdaratio": 0.607961508718, "operatingIncome": 70370000, "operatingIncomeRatio": 0.03342668929, "totalOtherIncomeExpensesNet": 16317000, "incomeBeforeTax": 51232000, "incomeBeforeTaxRatio": 0.0243358838383, "incomeTaxExpense": 10477000, "netIncome": 40755000, "netIncomeRatio": 0.0193591689926, "eps": 0.1, "epsdiluted": 0.1, "weightedAverageShsOut": 428300000, "weightedAverageShsOutDil": 438073000, "link": "https://www.sec.gov/Archives/edgar/data/1065280/000106528016000072/0001065280-16-000072-index.htm", "finalLink": "https://www.sec.gov/Archives/edgar/data/1065280/000106528016000072/nflx-63016x10qxdoc.htm"}, {"date": "2016-03-31", "symbol": "NFLX", "fillingDate": "2016-04-20", "acceptedDate": "2016-04-20 14:14:37", "period": "Q1", "revenue": 1957736000, "costOfRevenue": 1369540000, "grossProfit": 588196000, "grossProfitRatio": 0.30044704699714364, "researchAndDevelopmentExpenses": 203508000, "generalAndAdministrativeExpenses": 127225000, "sellingAndMarketingExpenses": 208010000, "otherExpenses": 25963000, "operatingExpenses": 330733000, "costAndExpenses": 1700273000, "interestExpense": 35537000, "depreciationAndAmortization": 1093760000, "ebitda": 1143213000, "ebitdaratio": 0.583946456519, "operatingIncome": 49453000, "operatingIncomeRatio": 0.0252603006738, "totalOtherIncomeExpensesNet": 25963000, "incomeBeforeTax": 39879000, "incomeBeforeTaxRatio": 0.0203699579514, "incomeTaxExpense": 12221000, "netIncome": 27658000, "netIncomeRatio": 0.0141275432438, "eps": 0.06, "epsdiluted": 0.06, "weightedAverageShsOut": 428117000, "weightedAverageShsOutDil": 437993000, "link": "https://www.sec.gov/Archives/edgar/data/1065280/000106528016000057/0001065280-16-000057-index.htm", "finalLink": "https://www.sec.gov/Archives/edgar/data/1065280/000106528016000057/nflx-33116x10qxdoc.htm"}, {"date": "2015-12-31", "symbol": "NFLX", "fillingDate": "2016-01-28", "acceptedDate": "2016-01-28 14:55:13", "period": "FY", "revenue": 1823333000, "costOfRevenue": 1249365000, "grossProfit": 573968000, "grossProfitRatio": 0.31479055115000937, "researchAndDevelopmentExpenses": 180859000, "generalAndAdministrativeExpenses": 109042000, "sellingAndMarketingExpenses": 224173000, "otherExpenses": -3734000.0, "operatingExpenses": 289901000, "costAndExpenses": 1539266000, "interestExpense": 35429000, "depreciationAndAmortization": 996142000, "ebitda": 1056036000, "ebitdaratio": 0.579178899301, "operatingIncome": 59894000, "operatingIncomeRatio": 0.0328486348901, "totalOtherIncomeExpensesNet": -3734000.0, "incomeBeforeTax": 20731000, "incomeBeforeTaxRatio": 0.0113698375448, "incomeTaxExpense": -22447000, "netIncome": 43178000, "netIncomeRatio": 0.0236808087168, "eps": 0.1, "epsdiluted": 0.1, "weightedAverageShsOut": 425889000, "weightedAverageShsOutDil": 436456000, "link": "https://www.sec.gov/Archives/edgar/data/1065280/000106528016000047/0001065280-16-000047-index.htm", "finalLink": "https://www.sec.gov/Archives/edgar/data/1065280/000106528016000047/nflx201510k.htm"}, {"date": "2015-09-30", "symbol": "NFLX", "fillingDate": "2015-10-16", "acceptedDate": "2015-10-16 15:45:29", "period": "Q3", "revenue": 1738355000, "costOfRevenue": 1173958000, "grossProfit": 564397000, "grossProfitRatio": 0.3246730385910818, "researchAndDevelopmentExpenses": 171762000, "generalAndAdministrativeExpenses": 110892000, "sellingAndMarketingExpenses": 208102000, "otherExpenses": 3930000.0, "operatingExpenses": 282654000, "costAndExpenses": 1456612000, "interestExpense": 35333000, "depreciationAndAmortization": 906039000, "ebitda": 979680000, "ebitdaratio": 0.563567280561, "operatingIncome": 73641000, "operatingIncomeRatio": 0.0423624633634, "totalOtherIncomeExpensesNet": 3930000.0, "incomeBeforeTax": 42238000, "incomeBeforeTaxRatio": 0.0242976837297, "incomeTaxExpense": 12806000, "netIncome": 29432000, "netIncomeRatio": 0.0169309490869, "eps": 0.07, "epsdiluted": 0.06, "weightedAverageShsOut": 425289000, "weightedAverageShsOutDil": 435849000, "link": "https://www.sec.gov/Archives/edgar/data/1065280/000106528015000038/0001065280-15-000038-index.htm", "finalLink": "https://www.sec.gov/Archives/edgar/data/1065280/000106528015000038/nflx-093015x10qxdoc.htm"}, {"date": "2015-06-30", "symbol": "NFLX", "fillingDate": "2015-07-17", "acceptedDate": "2015-07-17 16:08:16", "period": "Q2", "revenue": 1644694000, "costOfRevenue": 1121752000, "grossProfit": 522942000, "grossProfitRatio": 0.31795701814440863, "researchAndDevelopmentExpenses": 155061000, "generalAndAdministrativeExpenses": 95906000, "sellingAndMarketingExpenses": 197140000, "otherExpenses": 872000.0, "operatingExpenses": 250967000, "costAndExpenses": 1372719000, "interestExpense": 35217000, "depreciationAndAmortization": 858994000, "ebitda": 933829000, "ebitdaratio": 0.567782821607, "operatingIncome": 74835000, "operatingIncomeRatio": 0.0455008652065, "totalOtherIncomeExpensesNet": 872000.0, "incomeBeforeTax": 40490000, "incomeBeforeTaxRatio": 0.0246185612643, "incomeTaxExpense": 14155000, "netIncome": 26335000, "netIncomeRatio": 0.0160120970831, "eps": -0.27, "epsdiluted": -0.26, "weightedAverageShsOut": 424486000, "weightedAverageShsOutDil": 434958000, "link": "https://www.sec.gov/Archives/edgar/data/1065280/000106528015000031/0001065280-15-000031-index.htm", "finalLink": "https://www.sec.gov/Archives/edgar/data/1065280/000106528015000031/nflx-063015x10qxdoc.htm"}, {"date": "2015-03-31", "symbol": "NFLX", "fillingDate": "2015-04-17", "acceptedDate": "2015-04-17 16:55:12", "period": "Q1", "revenue": 1573129000, "costOfRevenue": 1046401000, "grossProfit": 526728000, "grossProfitRatio": 0.3348282308698142, "researchAndDevelopmentExpenses": 143106000, "generalAndAdministrativeExpenses": 91489000, "sellingAndMarketingExpenses": 194677000, "otherExpenses": -32293000, "operatingExpenses": 234595000, "costAndExpenses": 1280996000, "interestExpense": 26737000, "depreciationAndAmortization": 785870000, "ebitda": 883326000, "ebitdaratio": 0.561508941733, "operatingIncome": 97456000, "operatingIncomeRatio": 0.0619504185607, "totalOtherIncomeExpensesNet": -32293000, "incomeBeforeTax": 38426000, "incomeBeforeTaxRatio": 0.0244264774217, "incomeTaxExpense": 14730000, "netIncome": 23696000, "netIncomeRatio": 0.0150629732209, "eps": 0.39, "epsdiluted": 0.38, "weightedAverageShsOut": 60518000, "weightedAverageShsOutDil": 61973000, "link": "https://www.sec.gov/Archives/edgar/data/1065280/000106528015000017/0001065280-15-000017-index.htm", "finalLink": "https://www.sec.gov/Archives/edgar/data/1065280/000106528015000017/nflx-033115x10qxdoc.htm"}, {"date": "2014-12-31", "symbol": "NFLX", "fillingDate": "2015-01-29", "acceptedDate": "2015-01-29 13:55:40", "period": "FY", "revenue": 1484728000, "costOfRevenue": 1014332000, "grossProfit": 470396000, "grossProfitRatio": 0.31682301404701735, "researchAndDevelopmentExpenses": 125876000, "generalAndAdministrativeExpenses": 75803000, "sellingAndMarketingExpenses": 203671000, "otherExpenses": -6177000.0, "operatingExpenses": 201679000, "costAndExpenses": 1216011000, "interestExpense": 13353000, "depreciationAndAmortization": 764843000, "ebitda": 829889000, "ebitdaratio": 0.55895019155, "operatingIncome": 65046000, "operatingIncomeRatio": 0.0438100446681, "totalOtherIncomeExpensesNet": -6177000.0, "incomeBeforeTax": 45516000, "incomeBeforeTaxRatio": 0.0306561201782, "incomeTaxExpense": -37855000, "netIncome": 83371000, "netIncomeRatio": 0.0561523726905, "eps": 1.38, "epsdiluted": 1.35, "weightedAverageShsOut": 60078000, "weightedAverageShsOutDil": 61699000, "link": "https://www.sec.gov/Archives/edgar/data/1065280/000106528015000006/0001065280-15-000006-index.htm", "finalLink": "https://www.sec.gov/Archives/edgar/data/1065280/000106528015000006/nflx201410k.htm"}, {"date": "2014-09-30", "symbol": "NFLX", "fillingDate": "2014-10-20", "acceptedDate": "2014-10-20 16:19:49", "period": "Q3", "revenue": 1409432000, "costOfRevenue": 954394000, "grossProfit": 455038000, "grossProfitRatio": 0.32285204252493205, "researchAndDevelopmentExpenses": 120953000, "generalAndAdministrativeExpenses": 78024000, "sellingAndMarketingExpenses": 145654000, "otherExpenses": 616000.0, "operatingExpenses": 198977000, "costAndExpenses": 1153371000, "interestExpense": 13486000, "depreciationAndAmortization": 718780000, "ebitda": 829187000, "ebitdaratio": 0.58831288065, "operatingIncome": 110407000, "operatingIncomeRatio": 0.0783343928618, "totalOtherIncomeExpensesNet": 616000.0, "incomeBeforeTax": 97537000, "incomeBeforeTaxRatio": 0.0692030548476, "incomeTaxExpense": 38242000, "netIncome": 59295000, "netIncomeRatio": 0.0420701388928, "eps": 0.99, "epsdiluted": 0.95, "weightedAverageShsOut": 59996000, "weightedAverageShsOutDil": 61669000, "link": "https://www.sec.gov/Archives/edgar/data/1065280/000106528014000028/0001065280-14-000028-index.htm", "finalLink": "https://www.sec.gov/Archives/edgar/data/1065280/000106528014000028/nflx-9301410qdoc.htm"}, {"date": "2014-06-30", "symbol": "NFLX", "fillingDate": "2014-07-22", "acceptedDate": "2014-07-22 16:46:36", "period": "Q2", "revenue": 1340407000, "costOfRevenue": 914848000, "grossProfit": 425559000, "grossProfitRatio": 0.3174849131644344, "researchAndDevelopmentExpenses": 115182000, "generalAndAdministrativeExpenses": 60014000, "sellingAndMarketingExpenses": 120763000, "otherExpenses": 1100000.0, "operatingExpenses": 175196000, "costAndExpenses": 1090044000, "interestExpense": 13328000, "depreciationAndAmortization": 668937000, "ebitda": 798537000, "ebitdaratio": 0.595742188753, "operatingIncome": 129600000, "operatingIncomeRatio": 0.0966870510226, "totalOtherIncomeExpensesNet": 1100000.0, "incomeBeforeTax": 117372000, "incomeBeforeTaxRatio": 0.0875644487085, "incomeTaxExpense": 46354000, "netIncome": 71018000, "netIncomeRatio": 0.0529824150426, "eps": 1.18, "epsdiluted": 1.16, "weightedAverageShsOut": 59907000, "weightedAverageShsOutDil": 61592000, "link": "https://www.sec.gov/Archives/edgar/data/1065280/000106528014000021/0001065280-14-000021-index.htm", "finalLink": "https://www.sec.gov/Archives/edgar/data/1065280/000106528014000021/nflx-63014x10qxdoc.htm"}, {"date": "2014-03-31", "symbol": "NFLX", "fillingDate": "2014-04-23", "acceptedDate": "2014-04-23 16:08:45", "period": "Q1", "revenue": 1270089000, "costOfRevenue": 869186000, "grossProfit": 400903000, "grossProfitRatio": 0.3156495332216876, "researchAndDevelopmentExpenses": 110310000, "generalAndAdministrativeExpenses": 55900000, "sellingAndMarketingExpenses": 137098000, "otherExpenses": 1401000.0, "operatingExpenses": 166210000, "costAndExpenses": 1035396000, "interestExpense": 10052000, "depreciationAndAmortization": 629238000, "ebitda": 726833000, "ebitdaratio": 0.572269344904, "operatingIncome": 97595000, "operatingIncomeRatio": 0.0768410717674, "totalOtherIncomeExpensesNet": 1401000.0, "incomeBeforeTax": 88944000, "incomeBeforeTaxRatio": 0.0700297380735, "incomeTaxExpense": 35829000, "netIncome": 53115000, "netIncomeRatio": 0.0418199039595, "eps": 0.89, "epsdiluted": 0.86, "weightedAverageShsOut": 59817000, "weightedAverageShsOutDil": 61548000, "link": "https://www.sec.gov/Archives/edgar/data/1065280/000106528014000012/0001065280-14-000012-index.htm", "finalLink": "https://www.sec.gov/Archives/edgar/data/1065280/000106528014000012/nflx-33114x10qxdoc.htm"}, {"date": "2013-12-31", "symbol": "NFLX", "fillingDate": "2014-02-03", "acceptedDate": "2014-01-31 19:14:52", "period": "FY", "revenue": 1175230000, "costOfRevenue": 811849000, "grossProfit": 363381000, "grossProfitRatio": 0.30919990129591657, "researchAndDevelopmentExpenses": 98128000, "generalAndAdministrativeExpenses": 46120000, "sellingAndMarketingExpenses": 136845000, "otherExpenses": -846000.0, "operatingExpenses": 144248000, "costAndExpenses": 956097000, "interestExpense": 7438000.0, "depreciationAndAmortization": 603275000, "ebitda": 685563000, "ebitdaratio": 0.583343685917, "operatingIncome": 82288000, "operatingIncomeRatio": 0.0700186346502, "totalOtherIncomeExpensesNet": -846000.0, "incomeBeforeTax": 74004000, "incomeBeforeTaxRatio": 0.0629698016558, "incomeTaxExpense": 25583000, "netIncome": 48421000, "netIncomeRatio": 0.0412012967674, "eps": 0.82, "epsdiluted": 0.79, "weightedAverageShsOut": 58198000, "weightedAverageShsOutDil": 60761000, "link": "https://www.sec.gov/Archives/edgar/data/1065280/000106528014000006/0001065280-14-000006-index.htm", "finalLink": "https://www.sec.gov/Archives/edgar/data/1065280/000106528014000006/nflx10k2013.htm"}, {"date": "2013-09-30", "symbol": "NFLX", "fillingDate": "2013-10-25", "acceptedDate": "2013-10-25 16:07:06", "period": "Q3", "revenue": 1105999000, "costOfRevenue": 791019000, "grossProfit": 314980000, "grossProfitRatio": 0.2847923008971979, "researchAndDevelopmentExpenses": 95540000, "generalAndAdministrativeExpenses": 46211000, "sellingAndMarketingExpenses": 116109000, "otherExpenses": -193000.0, "operatingExpenses": 141751000, "costAndExpenses": 932770000, "interestExpense": 7436000.0, "depreciationAndAmortization": 582392000, "ebitda": 639512000, "ebitdaratio": 0.578221137632, "operatingIncome": 57120000, "operatingIncomeRatio": 0.0516456163161, "totalOtherIncomeExpensesNet": -193000.0, "incomeBeforeTax": 49491000, "incomeBeforeTaxRatio": 0.0447477800613, "incomeTaxExpense": 17669000, "netIncome": 31822000, "netIncomeRatio": 0.0287721779134, "eps": 0.55, "epsdiluted": 0.53, "weightedAverageShsOut": 57769000, "weightedAverageShsOutDil": 60578000, "link": "https://www.sec.gov/Archives/edgar/data/1065280/000106528013000036/0001065280-13-000036-index.htm", "finalLink": "https://www.sec.gov/Archives/edgar/data/1065280/000106528013000036/nflx-09301310qdoc.htm"}, {"date": "2013-06-30", "symbol": "NFLX", "fillingDate": "2013-07-25", "acceptedDate": "2013-07-25 16:13:24", "period": "Q2", "revenue": 1069372000, "costOfRevenue": 753525000, "grossProfit": 315847000, "grossProfitRatio": 0.2953574621366559, "researchAndDevelopmentExpenses": 93126000, "generalAndAdministrativeExpenses": 43844000, "sellingAndMarketingExpenses": 121760000, "otherExpenses": -2940000.0, "operatingExpenses": 136970000, "costAndExpenses": 890495000, "interestExpense": 7528000.0, "depreciationAndAmortization": 539985000, "ebitda": 597102000, "ebitdaratio": 0.558366966781, "operatingIncome": 57117000, "operatingIncomeRatio": 0.05341172202, "totalOtherIncomeExpensesNet": 28929000, "incomeBeforeTax": 46649000, "incomeBeforeTaxRatio": 0.0436227991756, "incomeTaxExpense": 17178000, "netIncome": 29471000, "netIncomeRatio": 0.0275591655663, "eps": 0.51, "epsdiluted": 0.48, "weightedAverageShsOut": 57089000, "weightedAverageShsOutDil": 60369000, "link": "https://www.sec.gov/Archives/edgar/data/1065280/000106528013000030/0001065280-13-000030-index.htm", "finalLink": "https://www.sec.gov/Archives/edgar/data/1065280/000106528013000030/nflx-063013x10qxdoc.htm"}, {"date": "2013-03-31", "symbol": "NFLX", "fillingDate": "2013-04-26", "acceptedDate": "2013-04-26 17:31:05", "period": "Q1", "revenue": 1023961000, "costOfRevenue": 726863000, "grossProfit": 297098000, "grossProfitRatio": 0.2901458161004179, "researchAndDevelopmentExpenses": 91975000, "generalAndAdministrativeExpenses": 44126000, "sellingAndMarketingExpenses": 129175000, "otherExpenses": 977000.0, "operatingExpenses": 136101000, "costAndExpenses": 862964000, "interestExpense": 6740000.0, "depreciationAndAmortization": 516028000, "ebitda": 547850000, "ebitdaratio": 0.53503014275, "operatingIncome": 31822000, "operatingIncomeRatio": 0.0310773554852, "totalOtherIncomeExpensesNet": 977000.0, "incomeBeforeTax": 930000.0, "incomeBeforeTaxRatio": 0.000908237716085, "incomeTaxExpense": -1759000.0, "netIncome": 2689000.0, "netIncomeRatio": 0.00262607657909, "eps": 0.05, "epsdiluted": 0.05, "weightedAverageShsOut": 55972000, "weightedAverageShsOutDil": 60146000, "link": "https://www.sec.gov/Archives/edgar/data/1065280/000106528013000020/0001065280-13-000020-index.htm", "finalLink": "https://www.sec.gov/Archives/edgar/data/1065280/000106528013000020/nflx-033113x10qxdoc.htm"}, {"date": "2012-12-31", "symbol": "NFLX", "fillingDate": "2013-02-01", "acceptedDate": "2013-01-31 21:43:16", "period": "FY", "revenue": 945239000, "costOfRevenue": 695867000, "grossProfit": 249372000, "grossProfitRatio": 0.2638189918105368, "researchAndDevelopmentExpenses": 82139000, "generalAndAdministrativeExpenses": 30223000, "sellingAndMarketingExpenses": 117372000, "otherExpenses": -246395000, "operatingExpenses": -99274000, "costAndExpenses": 440872000, "interestExpense": 5016000.0, "depreciationAndAmortization": 492415000, "ebitda": 512053000, "ebitdaratio": 0.541718020522, "operatingIncome": 19638000, "operatingIncomeRatio": 0.0207756979981, "totalOtherIncomeExpensesNet": 282000.0, "incomeBeforeTax": 14904000, "incomeBeforeTaxRatio": 0.0157674408271, "incomeTaxExpense": 7007000.0, "netIncome": 7897000.0, "netIncomeRatio": 0.00835450081937, "eps": 0.14, "epsdiluted": 0.13, "weightedAverageShsOut": 55521000, "weightedAverageShsOutDil": 58904000, "link": "https://www.sec.gov/Archives/edgar/data/1065280/000106528013000008/0001065280-13-000008-index.htm", "finalLink": "https://www.sec.gov/Archives/edgar/data/1065280/000106528013000008/nflx1231201210kdoc.htm"}, {"date": "2012-09-30", "symbol": "NFLX", "fillingDate": "2012-10-30", "acceptedDate": "2012-10-29 17:50:32", "period": "Q3", "revenue": 905089000, "costOfRevenue": 662638000, "grossProfit": 242451000, "grossProfitRatio": 0.2678753139194046, "researchAndDevelopmentExpenses": 82521000, "generalAndAdministrativeExpenses": 30562000, "sellingAndMarketingExpenses": 113233000, "otherExpenses": 113233000, "operatingExpenses": 226316000, "costAndExpenses": 888954000, "interestExpense": 4990000.0, "depreciationAndAmortization": 435207000, "ebitda": 451342000, "ebitdaratio": 0.498671401376, "operatingIncome": 16135000, "operatingIncomeRatio": 0.0178269761316, "totalOtherIncomeExpensesNet": 801000.0, "incomeBeforeTax": 11946000, "incomeBeforeTaxRatio": 0.0131987020061, "incomeTaxExpense": 4271000.0, "netIncome": 7675000.0, "netIncomeRatio": 0.00847982905549, "eps": 0.14, "epsdiluted": 0.13, "weightedAverageShsOut": 55508000, "weightedAverageShsOutDil": 58829000, "link": "https://www.sec.gov/Archives/edgar/data/1065280/000106528012000020/0001065280-12-000020-index.htm", "finalLink": "https://www.sec.gov/Archives/edgar/data/1065280/000106528012000020/nflx-093012x10qxdoc.htm"}, {"date": "2012-06-30", "symbol": "NFLX", "fillingDate": "2012-08-02", "acceptedDate": "2012-08-01 19:27:12", "period": "Q2", "revenue": 889163000, "costOfRevenue": 643428000, "grossProfit": 245735000, "grossProfitRatio": 0.27636665043417236, "researchAndDevelopmentExpenses": 81547000, "generalAndAdministrativeExpenses": 29810000, "sellingAndMarketingExpenses": 118224000, "otherExpenses": 118224000, "operatingExpenses": 229581000, "costAndExpenses": 873009000, "interestExpense": 5006000.0, "depreciationAndAmortization": 403348000, "ebitda": 419502000, "ebitdaratio": 0.471794260445, "operatingIncome": 16154000, "operatingIncomeRatio": 0.0181676475517, "totalOtherIncomeExpensesNet": -493000.0, "incomeBeforeTax": 10655000, "incomeBeforeTaxRatio": 0.011983179687, "incomeTaxExpense": 4491000.0, "netIncome": 6164000.0, "netIncomeRatio": 0.0069323622328, "eps": 0.11, "epsdiluted": 0.11, "weightedAverageShsOut": 55491000, "weightedAverageShsOutDil": 58878000, "link": "https://www.sec.gov/Archives/edgar/data/1065280/000106528012000012/0001065280-12-000012-index.htm", "finalLink": "https://www.sec.gov/Archives/edgar/data/1065280/000106528012000012/nflx-063012x10qxdoc.htm"}, {"date": "2012-03-31", "symbol": "NFLX", "fillingDate": "2012-04-27", "acceptedDate": "2012-04-27 17:28:25", "period": "Q1", "revenue": 869791000, "costOfRevenue": 623933000, "grossProfit": 245858000, "grossProfitRatio": 0.2826633064724744, "researchAndDevelopmentExpenses": 82801000, "generalAndAdministrativeExpenses": 29092000, "sellingAndMarketingExpenses": 135900000, "otherExpenses": 135900000, "operatingExpenses": 247793000, "costAndExpenses": 871726000, "interestExpense": 4974000.0, "depreciationAndAmortization": 371113000, "ebitda": 369178000, "ebitdaratio": 0.424444492987, "operatingIncome": -1935000.0, "operatingIncomeRatio": -0.003101294530021653, "totalOtherIncomeExpensesNet": -116000.0, "incomeBeforeTax": -7025000.0, "incomeBeforeTaxRatio": -0.011259221743360264, "incomeTaxExpense": -2441000.0, "netIncome": -4584000.0, "netIncomeRatio": -0.007346942700578427, "eps": -0.08, "epsdiluted": -0.08, "weightedAverageShsOut": 55456000, "weightedAverageShsOutDil": 55456000, "link": "https://www.sec.gov/Archives/edgar/data/1065280/000144530512001242/0001445305-12-001242-index.htm", "finalLink": "https://www.sec.gov/Archives/edgar/data/1065280/000144530512001242/nflx-033112x10qxdoc.htm"}, {"date": "2011-12-31", "symbol": "NFLX", "fillingDate": "2012-02-10", "acceptedDate": "2012-02-10 17:29:24", "period": "FY", "revenue": 875575000, "costOfRevenue": 575155000, "grossProfit": 300420000, "grossProfitRatio": 0.3431116694743454, "researchAndDevelopmentExpenses": 80783000, "generalAndAdministrativeExpenses": 34477000, "sellingAndMarketingExpenses": 114288000, "otherExpenses": 123288000, "operatingExpenses": 238548000, "costAndExpenses": 813703000, "interestExpense": 4942000.0, "depreciationAndAmortization": 315859000, "ebitda": 377731000, "ebitdaratio": 0.431409074037, "operatingIncome": 61872000, "operatingIncomeRatio": 0.0706644205237, "totalOtherIncomeExpensesNet": 11509000, "incomeBeforeTax": 56835000, "incomeBeforeTaxRatio": 0.0649116295006, "incomeTaxExpense": 21616000, "netIncome": 35219000, "netIncomeRatio": 0.0402238528967, "eps": 0.65, "epsdiluted": 0.63, "weightedAverageShsOut": 52847000, "weightedAverageShsOutDil": 54369000, "link": "https://www.sec.gov/Archives/edgar/data/1065280/000119312512053009/0001193125-12-053009-index.htm", "finalLink": "https://www.sec.gov/Archives/edgar/data/1065280/000119312512053009/d260328d10k.htm"}, {"date": "2011-09-30", "symbol": "NFLX", "fillingDate": "2011-10-27", "acceptedDate": "2011-10-27 17:18:06", "period": "Q3", "revenue": 821839000, "costOfRevenue": 536617000, "grossProfit": 285222000, "grossProfitRatio": 0.3470533766345963, "researchAndDevelopmentExpenses": 69480000, "generalAndAdministrativeExpenses": 29792000, "sellingAndMarketingExpenses": 89108000, "otherExpenses": 89108000, "operatingExpenses": 188380000, "costAndExpenses": 724997000, "interestExpense": 4915000.0, "depreciationAndAmortization": 222359000, "ebitda": 319201000, "ebitdaratio": 0.388398457605, "operatingIncome": 96842000, "operatingIncomeRatio": 0.117835731816, "totalOtherIncomeExpensesNet": 1696000.0, "incomeBeforeTax": 93623000, "incomeBeforeTaxRatio": 0.113918906258, "incomeTaxExpense": 31163000, "netIncome": 62460000, "netIncomeRatio": 0.0760002871609, "eps": 1.19, "epsdiluted": 1.16, "weightedAverageShsOut": 52599000, "weightedAverageShsOutDil": 54008000, "link": "https://www.sec.gov/Archives/edgar/data/1065280/000119312511284366/0001193125-11-284366-index.htm", "finalLink": "https://www.sec.gov/Archives/edgar/data/1065280/000119312511284366/d222257d10q.htm"}, {"date": "2011-06-30", "symbol": "NFLX", "fillingDate": "2011-07-27", "acceptedDate": "2011-07-27 13:44:12", "period": "Q2", "revenue": 788610000, "costOfRevenue": 489978000, "grossProfit": 298632000, "grossProfitRatio": 0.37868147753642484, "researchAndDevelopmentExpenses": 57865000, "generalAndAdministrativeExpenses": 30670000, "sellingAndMarketingExpenses": 94983000, "otherExpenses": 94983000, "operatingExpenses": 183518000, "costAndExpenses": 673496000, "interestExpense": 5303000.0, "depreciationAndAmortization": 178648000, "ebitda": 293762000, "ebitdaratio": 0.372506054957, "operatingIncome": 115114000, "operatingIncomeRatio": 0.145970758677, "totalOtherIncomeExpensesNet": 1013000.0, "incomeBeforeTax": 110824000, "incomeBeforeTaxRatio": 0.14053080737, "incomeTaxExpense": 42610000, "netIncome": 68214000, "netIncomeRatio": 0.0864990299388, "eps": 1.3, "epsdiluted": 1.26, "weightedAverageShsOut": 52614000, "weightedAverageShsOutDil": 54077000, "link": "https://www.sec.gov/Archives/edgar/data/1065280/000119312511198669/0001193125-11-198669-index.htm", "finalLink": "https://www.sec.gov/Archives/edgar/data/1065280/000119312511198669/d10q.htm"}, {"date": "2011-03-31", "symbol": "NFLX", "fillingDate": "2011-04-27", "acceptedDate": "2011-04-27 16:41:45", "period": "Q1", "revenue": 718553000, "costOfRevenue": 438151000, "grossProfit": 280402000, "grossProfitRatio": 0.3902314790975753, "researchAndDevelopmentExpenses": 50905000, "generalAndAdministrativeExpenses": 22998000, "sellingAndMarketingExpenses": 104259000, "otherExpenses": 104259000, "operatingExpenses": 178162000, "costAndExpenses": 616313000, "interestExpense": 4865000.0, "depreciationAndAmortization": 122753000, "ebitda": 224993000, "ebitdaratio": 0.313119561118, "operatingIncome": 102240000, "operatingIncomeRatio": 0.142285955246, "totalOtherIncomeExpensesNet": 865000.0, "incomeBeforeTax": 98240000, "incomeBeforeTaxRatio": 0.136719212083, "incomeTaxExpense": 38007000, "netIncome": 60233000, "netIncomeRatio": 0.0838254102342, "eps": 1.14, "epsdiluted": 1.11, "weightedAverageShsOut": 52759000, "weightedAverageShsOutDil": 54246000, "link": "https://www.sec.gov/Archives/edgar/data/1065280/000119312511112061/0001193125-11-112061-index.htm", "finalLink": "https://www.sec.gov/Archives/edgar/data/1065280/000119312511112061/d10q.htm"}, {"date": "2010-12-31", "symbol": "NFLX", "fillingDate": "2011-02-18", "acceptedDate": "2011-02-18 14:42:40", "period": "FY", "revenue": 595922000, "costOfRevenue": 390790000, "grossProfit": 205132000, "grossProfitRatio": 0.3442262577988394, "researchAndDevelopmentExpenses": 45959000, "generalAndAdministrativeExpenses": 19108000, "sellingAndMarketingExpenses": 62849000, "otherExpenses": 61612000, "operatingExpenses": 126679000, "costAndExpenses": 517469000, "interestExpense": 4832000.0, "depreciationAndAmortization": 105218000, "ebitda": 183671000, "ebitdaratio": 0.308213155413, "operatingIncome": 78453000, "operatingIncomeRatio": 0.131649779669, "totalOtherIncomeExpensesNet": 938000.0, "incomeBeforeTax": 74559000, "incomeBeforeTaxRatio": 0.125115367447, "incomeTaxExpense": 27464000, "netIncome": 47095000, "netIncomeRatio": 0.079028799071, "eps": 0.89, "epsdiluted": 0.87, "weightedAverageShsOut": 52529000, "weightedAverageShsOutDil": 54304000, "link": "https://www.sec.gov/Archives/edgar/data/1065280/000119312511040217/0001193125-11-040217-index.htm", "finalLink": "https://www.sec.gov/Archives/edgar/data/1065280/000119312511040217/d10k.htm"}, {"date": "2010-09-30", "symbol": "NFLX", "fillingDate": "2010-10-26", "acceptedDate": "2010-10-25 18:02:50", "period": "Q3", "revenue": 553219000, "costOfRevenue": 344469000, "grossProfit": 208750000, "grossProfitRatio": 0.3773370039713025, "researchAndDevelopmentExpenses": 42108000, "generalAndAdministrativeExpenses": 17135000, "sellingAndMarketingExpenses": 81238000, "otherExpenses": 80006000, "operatingExpenses": 139249000, "costAndExpenses": 483718000, "interestExpense": 4945000.0, "depreciationAndAmortization": 85764000, "ebitda": 155265000, "ebitdaratio": 0.280657388846, "operatingIncome": 69501000, "operatingIncomeRatio": 0.125630175392, "totalOtherIncomeExpensesNet": 853000.0, "incomeBeforeTax": 65409000, "incomeBeforeTaxRatio": 0.118233466313, "incomeTaxExpense": 27442000, "netIncome": 37967000, "netIncomeRatio": 0.0686292408612, "eps": 0.73, "epsdiluted": 0.7, "weightedAverageShsOut": 52510000, "weightedAverageShsOutDil": 54341000, "link": "https://www.sec.gov/Archives/edgar/data/1065280/000119312510235785/0001193125-10-235785-index.htm", "finalLink": "https://www.sec.gov/Archives/edgar/data/1065280/000119312510235785/d10q.htm"}, {"date": "2010-06-30", "symbol": "NFLX", "fillingDate": "2010-07-27", "acceptedDate": "2010-07-27 16:21:06", "period": "Q2", "revenue": 519819000, "costOfRevenue": 314934000, "grossProfit": 204885000, "grossProfitRatio": 0.3941468087930607, "researchAndDevelopmentExpenses": 37863000, "generalAndAdministrativeExpenses": 17119000, "sellingAndMarketingExpenses": 74533000, "otherExpenses": 72561000, "operatingExpenses": 127543000, "costAndExpenses": 442477000, "interestExpense": 4893000.0, "depreciationAndAmortization": 74353000, "ebitda": 151695000, "ebitdaratio": 0.291822730604, "operatingIncome": 77342000, "operatingIncomeRatio": 0.148786404498, "totalOtherIncomeExpensesNet": 921000.0, "incomeBeforeTax": 73370000, "incomeBeforeTaxRatio": 0.141145283262, "incomeTaxExpense": 29851000, "netIncome": 43519000, "netIncomeRatio": 0.0837195254502, "eps": 0.83, "epsdiluted": 0.8, "weightedAverageShsOut": 52697000, "weightedAverageShsOutDil": 54548000, "link": "https://www.sec.gov/Archives/edgar/data/1065280/000119312510167382/0001193125-10-167382-index.htm", "finalLink": "https://www.sec.gov/Archives/edgar/data/1065280/000119312510167382/d10q.htm"}, {"date": "2010-03-31", "symbol": "NFLX", "fillingDate": "2010-04-28", "acceptedDate": "2010-04-27 19:53:55", "period": "Q1", "revenue": 493665000, "costOfRevenue": 307162000, "grossProfit": 186503000, "grossProfitRatio": 0.3777926326557483, "researchAndDevelopmentExpenses": 37399000, "generalAndAdministrativeExpenses": 17193000, "sellingAndMarketingExpenses": 75219000, "otherExpenses": 73566000, "operatingExpenses": 128158000, "costAndExpenses": 435320000, "interestExpense": 4959000.0, "depreciationAndAmortization": 73015000, "ebitda": 131360000, "ebitdaratio": 0.266091377756, "operatingIncome": 58345000, "operatingIncomeRatio": 0.118187434799, "totalOtherIncomeExpensesNet": 972000.0, "incomeBeforeTax": 54358000, "incomeBeforeTaxRatio": 0.110111107735, "incomeTaxExpense": 22086000, "netIncome": 32272000, "netIncomeRatio": 0.0653722666181, "eps": 0.61, "epsdiluted": 0.59, "weightedAverageShsOut": 52911000, "weightedAverageShsOutDil": 54775000, "link": "https://www.sec.gov/Archives/edgar/data/1065280/000119312510095215/0001193125-10-095215-index.htm", "finalLink": "https://www.sec.gov/Archives/edgar/data/1065280/000119312510095215/d10q.htm"}, {"date": "2009-12-31", "symbol": "NFLX", "fillingDate": "2010-02-22", "acceptedDate": "2010-02-22 14:09:32", "period": "FY", "revenue": 275486000, "costOfRevenue": 275486000, "grossProfit": 0.0, "grossProfitRatio": 0.0, "researchAndDevelopmentExpenses": 0.0, "generalAndAdministrativeExpenses": 13524000, "sellingAndMarketingExpenses": 70715000, "otherExpenses": 31468000, "operatingExpenses": 115707000, "costAndExpenses": 391193000, "interestExpense": 4457000.0, "depreciationAndAmortization": 10238000, "ebitda": 63587000, "ebitdaratio": 0.23081753700732524, "operatingIncome": 53349000, "operatingIncomeRatio": 0.1936541239845219, "totalOtherIncomeExpensesNet": 2444000.0, "incomeBeforeTax": 51336000, "incomeBeforeTaxRatio": 0.18634703759900684, "incomeTaxExpense": 20423000, "netIncome": 30913000, "netIncomeRatio": 0.11221259882534866, "eps": 2.05, "epsdiluted": 1.98, "weightedAverageShsOut": 56560000, "weightedAverageShsOutDil": 58416000, "link": "https://www.sec.gov/Archives/edgar/data/1065280/000119312510036181/0001193125-10-036181-index.htm", "finalLink": "https://www.sec.gov/Archives/edgar/data/1065280/000119312510036181/d10k.htm"}, {"date": "2009-09-30", "symbol": "NFLX", "fillingDate": "2009-10-26", "acceptedDate": "2009-10-23 21:12:11", "period": "Q3", "revenue": 275274000, "costOfRevenue": 275274000, "grossProfit": 0.0, "grossProfitRatio": 0.0, "researchAndDevelopmentExpenses": 0.0, "generalAndAdministrativeExpenses": 11543000, "sellingAndMarketingExpenses": 58556000, "otherExpenses": 28410000, "operatingExpenses": 98509000, "costAndExpenses": 373783000, "interestExpense": 674000.0, "depreciationAndAmortization": 9618000.0, "ebitda": 58955000, "ebitdaratio": 0.21416842854755624, "operatingIncome": 49337000, "operatingIncomeRatio": 0.17922869577221243, "totalOtherIncomeExpensesNet": 1808000.0, "incomeBeforeTax": 50471000, "incomeBeforeTaxRatio": 0.1833482275841525, "incomeTaxExpense": 20330000, "netIncome": 30141000, "netIncomeRatio": 0.10949453998561433, "eps": 1.48, "epsdiluted": 1.43, "weightedAverageShsOut": 56560000, "weightedAverageShsOutDil": 58416000, "link": "https://www.sec.gov/Archives/edgar/data/1065280/000119312509213071/0001193125-09-213071-index.htm", "finalLink": "https://www.sec.gov/Archives/edgar/data/1065280/000119312509213071/d10q.htm"}, {"date": "2009-06-30", "symbol": "NFLX", "fillingDate": "2009-07-31", "acceptedDate": "2009-07-31 15:26:36", "period": "Q2", "revenue": 269243000, "costOfRevenue": 269243000, "grossProfit": 0.0, "grossProfitRatio": 0.0, "researchAndDevelopmentExpenses": 0.0, "generalAndAdministrativeExpenses": 13252000, "sellingAndMarketingExpenses": 46231000, "otherExpenses": 27001000, "operatingExpenses": 86484000, "costAndExpenses": 355727000, "interestExpense": 674000.0, "depreciationAndAmortization": 9013000.0, "ebitda": 61795000, "ebitdaratio": 0.22951385922753795, "operatingIncome": 52782000, "operatingIncomeRatio": 0.19603852282139184, "totalOtherIncomeExpensesNet": 866000.0, "incomeBeforeTax": 52974000, "incomeBeforeTaxRatio": 0.19675163328294515, "incomeTaxExpense": 20531000, "netIncome": 32443000, "netIncomeRatio": 0.12049709741757446, "eps": 0.94, "epsdiluted": 0.91, "weightedAverageShsOut": 56560000, "weightedAverageShsOutDil": 58416000, "link": "https://www.sec.gov/Archives/edgar/data/1065280/000119312509160729/0001193125-09-160729-index.htm", "finalLink": "https://www.sec.gov/Archives/edgar/data/1065280/000119312509160729/d10q.htm"}, {"date": "2009-03-31", "symbol": "NFLX", "fillingDate": "2009-05-08", "acceptedDate": "2009-05-07 18:03:15", "period": "Q1", "revenue": 259268000, "costOfRevenue": 259268000, "grossProfit": 0.0, "grossProfitRatio": 0.0, "researchAndDevelopmentExpenses": 0.0, "generalAndAdministrativeExpenses": 13014000, "sellingAndMarketingExpenses": 62242000, "otherExpenses": 23103000, "operatingExpenses": 98359000, "costAndExpenses": 357627000, "interestExpense": 670000.0, "depreciationAndAmortization": 9175000.0, "ebitda": 45646000, "ebitdaratio": 0.17605720721415677, "operatingIncome": 36471000, "operatingIncomeRatio": 0.1406691145841369, "totalOtherIncomeExpensesNet": 1610000.0, "incomeBeforeTax": 37411000, "incomeBeforeTaxRatio": 0.14429470663560487, "incomeTaxExpense": 15048000, "netIncome": 22363000, "netIncomeRatio": 0.08625437770955151, "eps": 0.38, "epsdiluted": 0.37, "weightedAverageShsOut": 58734000, "weightedAverageShsOutDil": 60709000, "link": "https://www.sec.gov/Archives/edgar/data/1065280/000119312509103685/0001193125-09-103685-index.htm", "finalLink": "https://www.sec.gov/Archives/edgar/data/1065280/000119312509103685/d10q.htm"}, {"date": "2008-12-31", "symbol": "NFLX", "fillingDate": "2009-02-25", "acceptedDate": "2009-02-25 16:22:45", "period": "FY", "revenue": 232846000, "costOfRevenue": 232846000, "grossProfit": 0.0, "grossProfitRatio": 0.0, "researchAndDevelopmentExpenses": 0.0, "generalAndAdministrativeExpenses": 10762000, "sellingAndMarketingExpenses": 55617000, "otherExpenses": 22449000, "operatingExpenses": 88828000, "costAndExpenses": 321674000, "interestExpense": 677000.0, "depreciationAndAmortization": 9141000.0, "ebitda": 47062000, "ebitdaratio": 0.2021164202949589, "operatingIncome": 37921000, "operatingIncomeRatio": 0.16285871348444894, "totalOtherIncomeExpensesNet": 852000.0, "incomeBeforeTax": 38096000, "incomeBeforeTaxRatio": 0.16361028319146562, "incomeTaxExpense": 15364000, "netIncome": 22732000, "netIncomeRatio": 0.0976267575994434, "eps": 1.36, "epsdiluted": 1.32, "weightedAverageShsOut": 60961000, "weightedAverageShsOutDil": 62836000, "link": "https://www.sec.gov/Archives/edgar/data/1065280/000119312509037430/0001193125-09-037430-index.htm", "finalLink": "https://www.sec.gov/Archives/edgar/data/1065280/000119312509037430/d10k.htm"}, {"date": "2008-09-30", "symbol": "NFLX", "fillingDate": "2008-11-03", "acceptedDate": "2008-11-03 15:27:25", "period": "Q3", "revenue": 224496000, "costOfRevenue": 224496000, "grossProfit": 0.0, "grossProfitRatio": 0.0, "researchAndDevelopmentExpenses": 0.0, "generalAndAdministrativeExpenses": 11742000, "sellingAndMarketingExpenses": 49217000, "otherExpenses": 21740000, "operatingExpenses": 82699000, "costAndExpenses": 307195000, "interestExpense": 677000.0, "depreciationAndAmortization": 8541000.0, "ebitda": 42615000, "ebitdaratio": 0.18982520846696602, "operatingIncome": 34074000, "operatingIncomeRatio": 0.15177998717126362, "totalOtherIncomeExpensesNet": 1536000.0, "incomeBeforeTax": 34933000, "incomeBeforeTaxRatio": 0.15560633597035137, "incomeTaxExpense": 14562000, "netIncome": 20371000, "netIncomeRatio": 0.09074103770223077, "eps": 0.98, "epsdiluted": 0.95, "weightedAverageShsOut": 61651000, "weightedAverageShsOutDil": 63658000, "link": "https://www.sec.gov/Archives/edgar/data/1065280/000119312508222820/0001193125-08-222820-index.htm", "finalLink": "https://www.sec.gov/Archives/edgar/data/1065280/000119312508222820/d10q.htm"}, {"date": "2008-06-30", "symbol": "NFLX", "fillingDate": "2008-08-11", "acceptedDate": "2008-08-11 14:59:31", "period": "Q2", "revenue": 230087000, "costOfRevenue": 230087000, "grossProfit": 0.0, "grossProfitRatio": 0.0, "researchAndDevelopmentExpenses": 0.0, "generalAndAdministrativeExpenses": 13342000, "sellingAndMarketingExpenses": 39943000, "otherExpenses": 19674000, "operatingExpenses": 72959000, "costAndExpenses": 303046000, "interestExpense": 8764000.0, "depreciationAndAmortization": 8413000.0, "ebitda": 42981000, "ebitdaratio": 0.1868032526826809, "operatingIncome": 34568000, "operatingIncomeRatio": 0.15023882270619374, "totalOtherIncomeExpensesNet": 2404000.0, "incomeBeforeTax": 35868000, "incomeBeforeTaxRatio": 0.15588885943143246, "incomeTaxExpense": 9323000.0, "netIncome": 26545000, "netIncomeRatio": 0.1153694037472782, "eps": 0.64, "epsdiluted": 0.62, "weightedAverageShsOut": 62262000, "weightedAverageShsOutDil": 64341000, "link": "https://www.sec.gov/Archives/edgar/data/1065280/000119312508173275/0001193125-08-173275-index.htm", "finalLink": "https://www.sec.gov/Archives/edgar/data/1065280/000119312508173275/d10q.htm"}, {"date": "2008-03-31", "symbol": "NFLX", "fillingDate": "2008-05-06", "acceptedDate": "2008-05-05 20:59:46", "period": "Q1", "revenue": 222805000, "costOfRevenue": 222805000, "grossProfit": 0.0, "grossProfitRatio": 0.0, "researchAndDevelopmentExpenses": 0.0, "generalAndAdministrativeExpenses": 13816000, "sellingAndMarketingExpenses": 54936000, "otherExpenses": 19683000, "operatingExpenses": 88435000, "costAndExpenses": 311240000, "interestExpense": -7660000.0, "depreciationAndAmortization": 6359000.0, "ebitda": 21302000, "ebitdaratio": 0.09560826731895604, "operatingIncome": 14943000, "operatingIncomeRatio": 0.06706761517919256, "totalOtherIncomeExpensesNet": 7660000.0, "incomeBeforeTax": 22603000, "incomeBeforeTaxRatio": 0.10144745405174929, "incomeTaxExpense": 9225000.0, "netIncome": 13378000, "netIncomeRatio": 0.060043535827292924, "eps": 0.21, "epsdiluted": 0.21, "weightedAverageShsOut": 62776000, "weightedAverageShsOutDil": 64840000, "link": "https://www.sec.gov/Archives/edgar/data/1065280/000119312508102742/0001193125-08-102742-index.htm", "finalLink": "https://www.sec.gov/Archives/edgar/data/1065280/000119312508102742/d10q.htm"}, {"date": "2007-12-31", "symbol": "NFLX", "fillingDate": "2008-02-28", "acceptedDate": "2008-02-27 19:42:30", "period": "FY", "revenue": 200050000, "costOfRevenue": 200050000, "grossProfit": 0.0, "grossProfitRatio": 0.0, "researchAndDevelopmentExpenses": 0.0, "generalAndAdministrativeExpenses": 13602000, "sellingAndMarketingExpenses": 51721000, "otherExpenses": 16861000, "operatingExpenses": 82184000, "costAndExpenses": 282234000, "interestExpense": -20340000, "depreciationAndAmortization": 5915000.0, "ebitda": 26036000, "ebitdaratio": 0.13014746313421643, "operatingIncome": 20121000, "operatingIncomeRatio": 0.10057985503624094, "totalOtherIncomeExpensesNet": 4929000.0, "incomeBeforeTax": 25050000, "incomeBeforeTaxRatio": 0.12521869532616844, "incomeTaxExpense": 44549000, "netIncome": 15776000, "netIncomeRatio": 0.0788602849287678, "eps": 1.0, "epsdiluted": 0.97, "weightedAverageShsOut": 67076000, "weightedAverageShsOutDil": 68902000, "link": "https://www.sec.gov/Archives/edgar/data/1065280/000119312508040378/0001193125-08-040378-index.htm", "finalLink": "https://www.sec.gov/Archives/edgar/data/1065280/000119312508040378/d10k.htm"}, {"date": "2007-09-30", "symbol": "NFLX", "fillingDate": "2007-11-02", "acceptedDate": "2007-11-02 14:37:53", "period": "Q3", "revenue": 194453000, "costOfRevenue": 194453000, "grossProfit": 0.0, "grossProfitRatio": 0.0, "researchAndDevelopmentExpenses": 0.0, "generalAndAdministrativeExpenses": 12895000, "sellingAndMarketingExpenses": 49166000, "otherExpenses": 15906000, "operatingExpenses": 77967000, "costAndExpenses": 272420000, "interestExpense": 0.0, "depreciationAndAmortization": 5752000.0, "ebitda": 27304000, "ebitdaratio": 0.14041439319527083, "operatingIncome": 21552000, "operatingIncomeRatio": 0.11083398044771745, "totalOtherIncomeExpensesNet": 5089000.0, "incomeBeforeTax": 26641000, "incomeBeforeTaxRatio": 0.1370048289303842, "incomeTaxExpense": 0.0, "netIncome": 15732000, "netIncomeRatio": 0.08090386880120132, "eps": 0.76, "epsdiluted": 0.74, "weightedAverageShsOut": 67723000, "weightedAverageShsOutDil": 69560000, "link": "https://www.sec.gov/Archives/edgar/data/1065280/000119312507233664/0001193125-07-233664-index.htm", "finalLink": "https://www.sec.gov/Archives/edgar/data/1065280/000119312507233664/d10q.htm"}, {"date": "2007-06-30", "symbol": "NFLX", "fillingDate": "2007-08-06", "acceptedDate": "2007-08-06 15:02:09", "period": "Q2", "revenue": 196693000, "costOfRevenue": 196693000, "grossProfit": 0.0, "grossProfitRatio": 0.0, "researchAndDevelopmentExpenses": 0.0, "generalAndAdministrativeExpenses": 13847000, "sellingAndMarketingExpenses": 45255000, "otherExpenses": 9625000.0, "operatingExpenses": 68727000, "costAndExpenses": 265420000, "interestExpense": 0.0, "depreciationAndAmortization": 5126000.0, "ebitda": 43399000, "ebitdaratio": 0.22064333758700105, "operatingIncome": 38273000, "operatingIncomeRatio": 0.19458242031999104, "totalOtherIncomeExpensesNet": 4972000.0, "incomeBeforeTax": 43245000, "incomeBeforeTaxRatio": 0.21986039157468745, "incomeTaxExpense": 0.0, "netIncome": 25580000, "netIncomeRatio": 0.1300503830842989, "eps": 0.52, "epsdiluted": 0.5, "weightedAverageShsOut": 68360000, "weightedAverageShsOutDil": 70276000, "link": "https://www.sec.gov/Archives/edgar/data/1065280/000119312507171865/0001193125-07-171865-index.htm", "finalLink": "https://www.sec.gov/Archives/edgar/data/1065280/000119312507171865/d10q.htm"}, {"date": "2007-03-31", "symbol": "NFLX", "fillingDate": "2007-05-07", "acceptedDate": "2007-05-04 21:42:16", "period": "Q1", "revenue": 194972000, "costOfRevenue": 194972000, "grossProfit": 0.0, "grossProfitRatio": 0.0, "researchAndDevelopmentExpenses": 0.0, "generalAndAdministrativeExpenses": 12188000, "sellingAndMarketingExpenses": 72138000, "otherExpenses": 14807000, "operatingExpenses": 99133000, "costAndExpenses": 294105000, "interestExpense": 0.0, "depreciationAndAmortization": 4601000.0, "ebitda": 15816000, "ebitdaratio": 0.08111934021295365, "operatingIncome": 11215000, "operatingIncomeRatio": 0.05752107994994153, "totalOtherIncomeExpensesNet": 5350000.0, "incomeBeforeTax": 16565000, "incomeBeforeTaxRatio": 0.08496091746507191, "incomeTaxExpense": 0.0, "netIncome": 9864000.0, "netIncomeRatio": 0.05059187985967216, "eps": 0.14, "epsdiluted": 0.14, "weightedAverageShsOut": 68693000, "weightedAverageShsOutDil": 70672000, "link": "https://www.sec.gov/Archives/edgar/data/1065280/000119312507103250/0001193125-07-103250-index.htm", "finalLink": "https://www.sec.gov/Archives/edgar/data/1065280/000119312507103250/d10q.htm"}, {"date": "2006-12-31", "symbol": "NFLX", "fillingDate": "2007-02-28", "acceptedDate": "2007-02-28 16:40:18", "period": "FY", "revenue": 452668000, "costOfRevenue": 527918000, "grossProfit": -75250000, "grossProfitRatio": -0.16623662375074005, "researchAndDevelopmentExpenses": 0.0, "generalAndAdministrativeExpenses": 28135000, "sellingAndMarketingExpenses": 192657000, "otherExpenses": 14739000, "operatingExpenses": 235531000, "costAndExpenses": 763449000, "interestExpense": -13000.0, "depreciationAndAmortization": 4374000.0, "ebitda": 63268000, "ebitdaratio": 0.1397668931755724, "operatingIncome": 58894000, "operatingIncomeRatio": 0.13010418231463236, "totalOtherIncomeExpensesNet": 14413000, "incomeBeforeTax": 73320000, "incomeBeforeTaxRatio": 0.16197301333427588, "incomeTaxExpense": 31184000, "netIncome": 42136000, "netIncomeRatio": 0.09308367280214197, "eps": 0.78, "epsdiluted": 0.71, "weightedAverageShsOut": 62577000, "weightedAverageShsOutDil": 69075000, "link": "https://www.sec.gov/Archives/edgar/data/1065280/000119312507042689/0001193125-07-042689-index.htm", "finalLink": "https://www.sec.gov/Archives/edgar/data/1065280/000119312507042689/d10k.htm"}, {"date": "2006-09-30", "symbol": "NFLX", "fillingDate": "2006-11-09", "acceptedDate": "2006-11-09 16:03:26", "period": "Q3", "revenue": 9820000.0, "costOfRevenue": 1244000.0, "grossProfit": 8576000.0, "grossProfitRatio": 0.8733197556008147, "researchAndDevelopmentExpenses": 0.0, "generalAndAdministrativeExpenses": 3122000.0, "sellingAndMarketingExpenses": 6529000.0, "otherExpenses": 347000.0, "operatingExpenses": 9998000.0, "costAndExpenses": 8754000.0, "interestExpense": 10000.0, "depreciationAndAmortization": 4066000.0, "ebitda": 5132000.0, "ebitdaratio": 0.5226069246435845, "operatingIncome": 1066000.0, "operatingIncomeRatio": 0.10855397148676171, "totalOtherIncomeExpensesNet": 245000.0, "incomeBeforeTax": 1301000.0, "incomeBeforeTaxRatio": 0.1324847250509165, "incomeTaxExpense": 39000.0, "netIncome": 1262000.0, "netIncomeRatio": 0.1285132382892057, "eps": 0.0, "epsdiluted": 0.0, "weightedAverageShsOut": 0.0, "weightedAverageShsOutDil": 0.0, "link": "https://www.sec.gov/Archives/edgar/data/1065280/000119312506230314/0001193125-06-230314-index.htm", "finalLink": "https://www.sec.gov/Archives/edgar/data/1065280/000119312506230314/d10q.htm"}, {"date": "2006-06-30", "symbol": "NFLX", "fillingDate": "2006-08-09", "acceptedDate": "2006-08-09 15:27:37", "period": "Q2", "revenue": 16232000, "costOfRevenue": 47954000, "grossProfit": -31722000, "grossProfitRatio": -1.9542878265155248, "researchAndDevelopmentExpenses": 0.0, "generalAndAdministrativeExpenses": -3394000.0, "sellingAndMarketingExpenses": -26630000, "otherExpenses": 18677000, "operatingExpenses": -11347000, "costAndExpenses": -59301000, "interestExpense": 3000.0, "depreciationAndAmortization": 5525000.0, "ebitda": 5197000.0, "ebitdaratio": 0.32017003449975356, "operatingIncome": -328000.0, "operatingIncomeRatio": -0.020206998521439132, "totalOtherIncomeExpensesNet": -1206000.0, "incomeBeforeTax": -1537000.0, "incomeBeforeTaxRatio": -0.0946895022178413, "incomeTaxExpense": -2817000.0, "netIncome": 1280000.0, "netIncomeRatio": 0.07885657959586002, "eps": 0.0, "epsdiluted": 0.0, "weightedAverageShsOut": 55213000, "weightedAverageShsOutDil": 66456000, "link": "https://www.sec.gov/Archives/edgar/data/1065280/000119312506167595/0001193125-06-167595-index.htm", "finalLink": "https://www.sec.gov/Archives/edgar/data/1065280/000119312506167595/d10q.htm"}, {"date": "2006-03-31", "symbol": "NFLX", "fillingDate": "2006-05-09", "acceptedDate": "2006-05-09 14:14:36", "period": "Q1", "revenue": 148265000, "costOfRevenue": 148265000, "grossProfit": 0.0, "grossProfitRatio": 0.0, "researchAndDevelopmentExpenses": 0.0, "generalAndAdministrativeExpenses": 8292000.0, "sellingAndMarketingExpenses": 52968000, "otherExpenses": 9819000.0, "operatingExpenses": 71079000, "costAndExpenses": 219344000, "interestExpense": 0.0, "depreciationAndAmortization": 1938000.0, "ebitda": 6720000.0, "ebitdaratio": 0.04532425049742016, "operatingIncome": 4782000.0, "operatingIncomeRatio": 0.032253060398610596, "totalOtherIncomeExpensesNet": 2452000.0, "incomeBeforeTax": 7234000.0, "incomeBeforeTaxRatio": 0.048791016086062115, "incomeTaxExpense": 2830000.0, "netIncome": 4404000.0, "netIncomeRatio": 0.029703571308130713, "eps": 0.08, "epsdiluted": 0.07, "weightedAverageShsOut": 55213000, "weightedAverageShsOutDil": 66456000, "link": "https://www.sec.gov/Archives/edgar/data/1065280/000119312506105115/0001193125-06-105115-index.htm", "finalLink": "https://www.sec.gov/Archives/edgar/data/1065280/000119312506105115/d10q.htm"}, {"date": "2005-12-31", "symbol": "NFLX", "fillingDate": "2006-03-16", "acceptedDate": "2006-03-16 16:01:50", "period": "FY", "revenue": 272243000, "costOfRevenue": 148360000, "grossProfit": 123883000, "grossProfitRatio": 0.4550456761055381, "researchAndDevelopmentExpenses": 0.0, "generalAndAdministrativeExpenses": 9585000.0, "sellingAndMarketingExpenses": 49949000, "otherExpenses": 59877000, "operatingExpenses": 119411000, "costAndExpenses": 267771000, "interestExpense": 417000.0, "depreciationAndAmortization": 2616000.0, "ebitda": 7088000.0, "ebitdaratio": 0.02603556381614954, "operatingIncome": 4472000.0, "operatingIncomeRatio": 0.016426501324184644, "totalOtherIncomeExpensesNet": 2457000.0, "incomeBeforeTax": 6512000.0, "incomeBeforeTaxRatio": 0.023919806937184793, "incomeTaxExpense": 0.0, "netIncome": 6512000.0, "netIncomeRatio": 0.023919806937184793, "eps": 0.0, "epsdiluted": 0.0, "weightedAverageShsOut": 53237000, "weightedAverageShsOutDil": 64928000, "link": "https://www.sec.gov/Archives/edgar/data/1065280/000119312506056663/0001193125-06-056663-index.htm", "finalLink": "https://www.sec.gov/Archives/edgar/data/1065280/000119312506056663/d10k.htm"}, {"date": "2005-09-30", "symbol": "NFLX", "fillingDate": "2005-11-09", "acceptedDate": "2005-11-09 17:04:13", "period": "Q3", "revenue": 174317000, "costOfRevenue": 99067000, "grossProfit": 75250000, "grossProfitRatio": 0.4316848041212274, "researchAndDevelopmentExpenses": 0.0, "generalAndAdministrativeExpenses": 8020000.0, "sellingAndMarketingExpenses": 32867000, "otherExpenses": 28843000, "operatingExpenses": 69730000, "costAndExpenses": 168797000, "interestExpense": 13000.0, "depreciationAndAmortization": 2424000.0, "ebitda": 7944000.0, "ebitdaratio": 0.045572147294870836, "operatingIncome": 5520000.0, "operatingIncomeRatio": 0.031666446760786386, "totalOtherIncomeExpensesNet": 1491000.0, "incomeBeforeTax": 6998000.0, "incomeBeforeTaxRatio": 0.040145252614489695, "incomeTaxExpense": 52000.0, "netIncome": 6946000.0, "netIncomeRatio": 0.039846945507322866, "eps": 0.07, "epsdiluted": 0.06, "weightedAverageShsOut": 53237000, "weightedAverageShsOutDil": 64928000, "link": "https://www.sec.gov/Archives/edgar/data/1065280/000119312505221711/0001193125-05-221711-index.htm", "finalLink": "https://www.sec.gov/Archives/edgar/data/1065280/000119312505221711/d10q.htm"}, {"date": "2005-06-30", "symbol": "NFLX", "fillingDate": "2005-08-09", "acceptedDate": "2005-08-08 19:37:43", "period": "Q2", "revenue": 164497000, "costOfRevenue": 100311000, "grossProfit": 64186000, "grossProfitRatio": 0.39019556587658133, "researchAndDevelopmentExpenses": 0.0, "generalAndAdministrativeExpenses": 4898000.0, "sellingAndMarketingExpenses": 26338000, "otherExpenses": 28496000, "operatingExpenses": 59732000, "costAndExpenses": 160043000, "interestExpense": 3000.0, "depreciationAndAmortization": 2156000.0, "ebitda": 5597000.0, "ebitdaratio": 0.03402493662498404, "operatingIncome": 3441000.0, "operatingIncomeRatio": 0.02091831461971951, "totalOtherIncomeExpensesNet": 1246000.0, "incomeBeforeTax": 5697000.0, "incomeBeforeTaxRatio": 0.03463285044712062, "incomeTaxExpense": 13000.0, "netIncome": 5684000.0, "netIncomeRatio": 0.034553821650242865, "eps": -0.06, "epsdiluted": -0.06, "weightedAverageShsOut": 53005000, "weightedAverageShsOutDil": 53005000, "link": "https://www.sec.gov/Archives/edgar/data/1065280/000119312505161122/0001193125-05-161122-index.htm", "finalLink": "https://www.sec.gov/Archives/edgar/data/1065280/000119312505161122/d10q.htm"}, {"date": "2005-03-31", "symbol": "NFLX", "fillingDate": "2005-05-10", "acceptedDate": "2005-05-10 15:28:38", "period": "Q1", "revenue": 154140000, "costOfRevenue": 94985000, "grossProfit": 59155000, "grossProfitRatio": 0.38377449072271963, "researchAndDevelopmentExpenses": 0.0, "generalAndAdministrativeExpenses": 5007000.0, "sellingAndMarketingExpenses": 35803000, "otherExpenses": 28128000, "operatingExpenses": 68938000, "costAndExpenses": 163923000, "interestExpense": 38000.0, "depreciationAndAmortization": 1938000.0, "ebitda": -6832000.0, "ebitdaratio": -0.04432334241598547, "operatingIncome": -8770000.0, "operatingIncomeRatio": -0.05689632801349422, "totalOtherIncomeExpensesNet": 1051000.0, "incomeBeforeTax": -8770000.0, "incomeBeforeTaxRatio": -0.05689632801349422, "incomeTaxExpense": 44000.0, "netIncome": -8814000.0, "netIncomeRatio": -0.057181782794861816, "eps": -0.17, "epsdiluted": -0.17, "weightedAverageShsOut": 52816000, "weightedAverageShsOutDil": 52816000, "link": "https://www.sec.gov/Archives/edgar/data/1065280/000119312505102632/0001193125-05-102632-index.htm", "finalLink": "https://www.sec.gov/Archives/edgar/data/1065280/000119312505102632/d10q.htm"}, {"date": "2004-12-31", "symbol": "NFLX", "fillingDate": "2005-03-15", "acceptedDate": "2005-03-15 16:49:49", "period": "FY", "revenue": 143893000, "costOfRevenue": 78442000, "grossProfit": 65451000, "grossProfitRatio": 0.45485881870556594, "researchAndDevelopmentExpenses": 0.0, "generalAndAdministrativeExpenses": 5749000.0, "sellingAndMarketingExpenses": 28332000, "otherExpenses": 26681000, "operatingExpenses": 60762000, "costAndExpenses": 139204000, "interestExpense": 57000.0, "depreciationAndAmortization": 1727000.0, "ebitda": 6416000.0, "ebitdaratio": 0.04458868742746346, "operatingIncome": 4689000.0, "operatingIncomeRatio": 0.03258671373868083, "totalOtherIncomeExpensesNet": 1118000.0, "incomeBeforeTax": 5750000.0, "incomeBeforeTaxRatio": 0.039960248240011674, "incomeTaxExpense": 181000.0, "netIncome": 5569000.0, "netIncomeRatio": 0.038702369121500005, "eps": 0.42, "epsdiluted": 0.33, "weightedAverageShsOut": 51988000, "weightedAverageShsOutDil": 64713000, "link": "https://www.sec.gov/Archives/edgar/data/1065280/000119312505051159/0001193125-05-051159-index.htm", "finalLink": "https://www.sec.gov/Archives/edgar/data/1065280/000119312505051159/d10k.htm"}, {"date": "2004-09-30", "symbol": "NFLX", "fillingDate": "2004-11-09", "acceptedDate": "2004-11-09 15:35:49", "period": "Q3", "revenue": 141644000, "costOfRevenue": 71601000, "grossProfit": 70043000, "grossProfitRatio": 0.4945002965180311, "researchAndDevelopmentExpenses": 0.0, "generalAndAdministrativeExpenses": 4122000.0, "sellingAndMarketingExpenses": 22525000, "otherExpenses": 24998000, "operatingExpenses": 51645000, "costAndExpenses": 123246000, "interestExpense": 52000.0, "depreciationAndAmortization": 1569000.0, "ebitda": 19967000, "ebitdaratio": 0.14096608398520233, "operatingIncome": 18398000, "operatingIncomeRatio": 0.12988901753692356, "totalOtherIncomeExpensesNet": 579000.0, "incomeBeforeTax": 18925000, "incomeBeforeTaxRatio": 0.1336096128321708, "incomeTaxExpense": 0.0, "netIncome": 18925000, "netIncomeRatio": 0.1336096128321708, "eps": 0.31, "epsdiluted": 0.25, "weightedAverageShsOut": 51798000, "weightedAverageShsOutDil": 64797000, "link": "https://www.sec.gov/Archives/edgar/data/1065280/000119312504191186/0001193125-04-191186-index.htm", "finalLink": "https://www.sec.gov/Archives/edgar/data/1065280/000119312504191186/d10q.htm"}, {"date": "2004-06-30", "symbol": "NFLX", "fillingDate": "2004-08-02", "acceptedDate": "2004-07-30 20:14:58", "period": "Q2", "revenue": 120321000, "costOfRevenue": 69788000, "grossProfit": 50533000, "grossProfitRatio": 0.41998487379592925, "researchAndDevelopmentExpenses": 0.0, "generalAndAdministrativeExpenses": 3280000.0, "sellingAndMarketingExpenses": 20477000, "otherExpenses": 24159000, "operatingExpenses": 47916000, "costAndExpenses": 117704000, "interestExpense": 30000.0, "depreciationAndAmortization": 1323000.0, "ebitda": 3380000.0, "ebitdaratio": 0.028091521845729342, "operatingIncome": 2057000.0, "operatingIncomeRatio": 0.017095935040433507, "totalOtherIncomeExpensesNet": 304000.0, "incomeBeforeTax": 2891000.0, "incomeBeforeTaxRatio": 0.024027393389350154, "incomeTaxExpense": 0.0, "netIncome": 2891000.0, "netIncomeRatio": 0.024027393389350154, "eps": -0.06, "epsdiluted": -0.06, "weightedAverageShsOut": 51590000, "weightedAverageShsOutDil": 51590000, "link": "https://www.sec.gov/Archives/edgar/data/1065280/000119312504128377/0001193125-04-128377-index.htm", "finalLink": "https://www.sec.gov/Archives/edgar/data/1065280/000119312504128377/d10q.htm"}, {"date": "2004-03-31", "symbol": "NFLX", "fillingDate": "2004-04-30", "acceptedDate": "2004-04-30 17:18:04", "period": "Q1", "revenue": 100370000, "costOfRevenue": 56627000, "grossProfit": 43743000, "grossProfitRatio": 0.43581747534123744, "researchAndDevelopmentExpenses": 0.0, "generalAndAdministrativeExpenses": 3136000.0, "sellingAndMarketingExpenses": 26693000, "otherExpenses": 20264000, "operatingExpenses": 50093000, "costAndExpenses": 106720000, "interestExpense": 31000.0, "depreciationAndAmortization": 1252000.0, "ebitda": -4538000.0, "ebitdaratio": -0.04521271296204045, "operatingIncome": -5790000.0, "operatingIncomeRatio": -0.05768655972900269, "totalOtherIncomeExpensesNet": 591000.0, "incomeBeforeTax": -5790000.0, "incomeBeforeTaxRatio": -0.05768655972900269, "incomeTaxExpense": 0.0, "netIncome": -5790000.0, "netIncomeRatio": -0.05768655972900269, "eps": -0.11, "epsdiluted": -0.11, "weightedAverageShsOut": 51282000, "weightedAverageShsOutDil": 51282000, "link": "https://www.sec.gov/Archives/edgar/data/1065280/000119312504075632/0001193125-04-075632-index.htm", "finalLink": "https://www.sec.gov/Archives/edgar/data/1065280/000119312504075632/d10q.htm"}, {"date": "2003-12-31", "symbol": "NFLX", "fillingDate": "2004-02-27", "acceptedDate": "2004-02-27 17:06:16", "period": "FY", "revenue": 81185000, "costOfRevenue": 44464000, "grossProfit": 36721000, "grossProfitRatio": 0.45231261932623024, "researchAndDevelopmentExpenses": 0.0, "generalAndAdministrativeExpenses": 2566000.0, "sellingAndMarketingExpenses": 14602000, "otherExpenses": 18020000, "operatingExpenses": 35188000, "costAndExpenses": 79652000, "interestExpense": 44000.0, "depreciationAndAmortization": 1129000.0, "ebitda": 2662000.0, "ebitdaratio": 0.03278930836977274, "operatingIncome": 1533000.0, "operatingIncomeRatio": 0.018882798546529533, "totalOtherIncomeExpensesNet": 782000.0, "incomeBeforeTax": 2271000.0, "incomeBeforeTaxRatio": 0.027973147748968405, "incomeTaxExpense": 0.0, "netIncome": 2271000.0, "netIncomeRatio": 0.027973147748968405, "eps": 0.14, "epsdiluted": 0.1, "weightedAverageShsOut": 47786000, "weightedAverageShsOutDil": 62884000, "link": "https://www.sec.gov/Archives/edgar/data/1065280/000119312504031416/0001193125-04-031416-index.htm", "finalLink": "https://www.sec.gov/Archives/edgar/data/1065280/000119312504031416/d10k.htm"}, {"date": "2003-09-30", "symbol": "NFLX", "fillingDate": "2003-10-31", "acceptedDate": "2003-10-31 16:45:57", "period": "Q3", "revenue": 72202000, "costOfRevenue": 38648000, "grossProfit": 33554000, "grossProfitRatio": 0.4647239688651284, "researchAndDevelopmentExpenses": 0.0, "generalAndAdministrativeExpenses": 2678000.0, "sellingAndMarketingExpenses": 12183000, "otherExpenses": 15837000, "operatingExpenses": 30698000, "costAndExpenses": 69346000, "interestExpense": 87000.0, "depreciationAndAmortization": 1118000.0, "ebitda": 3974000.0, "ebitdaratio": 0.05504002659206116, "operatingIncome": 2856000.0, "operatingIncomeRatio": 0.03955569097808925, "totalOtherIncomeExpensesNet": 534000.0, "incomeBeforeTax": 3303000.0, "incomeBeforeTaxRatio": 0.045746655217307, "incomeTaxExpense": 0.0, "netIncome": 3303000.0, "netIncomeRatio": 0.045746655217307, "eps": 0.18, "epsdiluted": 0.14, "weightedAverageShsOut": 23495000, "weightedAverageShsOutDil": 30684000, "link": "https://www.sec.gov/Archives/edgar/data/1065280/000119312503070952/0001193125-03-070952-index.htm", "finalLink": "https://www.sec.gov/Archives/edgar/data/1065280/000119312503070952/d10q.htm"}, {"date": "2003-06-30", "symbol": "NFLX", "fillingDate": "2003-07-31", "acceptedDate": "2003-07-31 17:17:14", "period": "Q2", "revenue": 63187000, "costOfRevenue": 35241000, "grossProfit": 27946000, "grossProfitRatio": 0.4422745184927279, "researchAndDevelopmentExpenses": 0.0, "generalAndAdministrativeExpenses": 2093000.0, "sellingAndMarketingExpenses": 9957000.0, "otherExpenses": 10902000, "operatingExpenses": 22952000, "costAndExpenses": 58193000, "interestExpense": 95000.0, "depreciationAndAmortization": 1140000.0, "ebitda": 5744000.0, "ebitdaratio": 0.09090477471631823, "operatingIncome": 4604000.0, "operatingIncomeRatio": 0.0728630889265197, "totalOtherIncomeExpensesNet": 560000.0, "incomeBeforeTax": 5459000.0, "incomeBeforeTaxRatio": 0.0863943532688686, "incomeTaxExpense": 0.0, "netIncome": 5459000.0, "netIncomeRatio": 0.0863943532688686, "eps": 0.04, "epsdiluted": 0.03, "weightedAverageShsOut": 23193000, "weightedAverageShsOutDil": 30136000, "link": "https://www.sec.gov/Archives/edgar/data/1065280/000119312503027244/0001193125-03-027244-index.htm", "finalLink": "https://www.sec.gov/Archives/edgar/data/1065280/000119312503027244/d10q.htm"}, {"date": "2003-03-31", "symbol": "NFLX", "fillingDate": "2003-05-14", "acceptedDate": "2003-05-14 17:14:29", "period": "Q1", "revenue": 55669000, "costOfRevenue": 30007000, "grossProfit": 25662000, "grossProfitRatio": 0.46097468968366595, "researchAndDevelopmentExpenses": 0.0, "generalAndAdministrativeExpenses": 2248000.0, "sellingAndMarketingExpenses": 13207000, "otherExpenses": 15118000, "operatingExpenses": 30573000, "costAndExpenses": 60580000, "interestExpense": 191000.0, "depreciationAndAmortization": 1333000.0, "ebitda": -3188000.0, "ebitdaratio": -0.05726706066212794, "operatingIncome": -4521000.0, "operatingIncomeRatio": -0.08121216475956097, "totalOtherIncomeExpensesNet": 581000.0, "incomeBeforeTax": -4521000.0, "incomeBeforeTaxRatio": -0.08121216475956097, "incomeTaxExpense": 0.0, "netIncome": -4521000.0, "netIncomeRatio": -0.08121216475956097, "eps": -0.2, "epsdiluted": -0.2, "weightedAverageShsOut": 22737000, "weightedAverageShsOutDil": 22737000, "link": "https://www.sec.gov/Archives/edgar/data/1065280/000101287003002583/0001012870-03-002583-index.htm", "finalLink": "https://www.sec.gov/Archives/edgar/data/1065280/000101287003002583/d10q.htm"}, {"date": "2002-12-31", "symbol": "NFLX", "fillingDate": "2003-03-31", "acceptedDate": "2003-03-31 16:05:01", "period": "FY", "revenue": 45188000, "costOfRevenue": 23390000, "grossProfit": 21798000, "grossProfitRatio": 0.48238470390369126, "researchAndDevelopmentExpenses": 0.0, "generalAndAdministrativeExpenses": 1920000.0, "sellingAndMarketingExpenses": 10492000, "otherExpenses": 12187000, "operatingExpenses": 24599000, "costAndExpenses": 47989000, "interestExpense": 1211000.0, "depreciationAndAmortization": 1438000.0, "ebitda": -877000.0, "ebitdaratio": -0.019407807382490927, "operatingIncome": -2315000.0, "operatingIncomeRatio": -0.05123041515446579, "totalOtherIncomeExpensesNet": 12458000, "incomeBeforeTax": -2315000.0, "incomeBeforeTaxRatio": -0.05123041515446579, "incomeTaxExpense": 0.0, "netIncome": -2315000.0, "netIncomeRatio": -0.05123041515446579, "eps": -1.56, "epsdiluted": -1.56, "weightedAverageShsOut": 14102000, "weightedAverageShsOutDil": 14102000, "link": "https://www.sec.gov/Archives/edgar/data/1065280/000095016803001155/0000950168-03-001155-index.htm", "finalLink": "https://www.sec.gov/Archives/edgar/data/1065280/000095016803001155/d10k.htm"}, {"date": "2002-09-30", "symbol": "NFLX", "fillingDate": "2002-11-14", "acceptedDate": "2002-11-14 16:48:28", "period": "Q3", "revenue": 40731000, "costOfRevenue": 21496000, "grossProfit": 19235000, "grossProfitRatio": 0.4722447276030542, "researchAndDevelopmentExpenses": 0.0, "generalAndAdministrativeExpenses": 1870000.0, "sellingAndMarketingExpenses": 9299000.0, "otherExpenses": 10341000, "operatingExpenses": 21510000, "costAndExpenses": 43006000, "interestExpense": -580000.0, "depreciationAndAmortization": 1576000.0, "ebitda": -119000.0, "ebitdaratio": -0.0029216076207311385, "operatingIncome": -1695000.0, "operatingIncomeRatio": -0.041614495102010755, "totalOtherIncomeExpensesNet": 580000.0, "incomeBeforeTax": -1695000.0, "incomeBeforeTaxRatio": -0.041614495102010755, "incomeTaxExpense": 0.0, "netIncome": -1695000.0, "netIncomeRatio": -0.041614495102010755, "eps": -1.72, "epsdiluted": -1.72, "weightedAverageShsOut": 11395000, "weightedAverageShsOutDil": 11395000, "link": "https://www.sec.gov/Archives/edgar/data/1065280/000102140802014175/0001021408-02-014175-index.htm", "finalLink": "https://www.sec.gov/Archives/edgar/data/1065280/000102140802014175/d10q.htm"}]