[{"date": "2020-03-31", "symbol": "CMCSA", "fillingDate": "2020-04-30", "acceptedDate": "2020-04-30 15:24:15", "period": "Q1", "revenue": 26609000000, "costOfRevenue": 0.0, "grossProfit": 26609000000, "grossProfitRatio": 1.0, "researchAndDevelopmentExpenses": 0.0, "generalAndAdministrativeExpenses": 0.0, "sellingAndMarketingExpenses": 1938000000, "otherExpenses": 0.0, "operatingExpenses": 1938000000, "costAndExpenses": 21757000000, "interestExpense": 1212000000, "depreciationAndAmortization": 3264000000, "ebitda": 8116000000, "ebitdaratio": 0.3050095832237213, "operatingIncome": 4852000000, "operatingIncomeRatio": 0.1823443195911158, "totalOtherIncomeExpensesNet": -716000000, "incomeBeforeTax": 2924000000, "incomeBeforeTaxRatio": 0.1098876320042091, "incomeTaxExpense": -700000000, "netIncome": 2224000000, "netIncomeRatio": 0.08358074335751062, "eps": 0.0, "epsdiluted": 0.0, "weightedAverageShsOut": 0.0, "weightedAverageShsOutDil": 0.0, "link": "https://www.sec.gov/Archives/edgar/data/1166691/000116669120000017/0001166691-20-000017-index.htm", "finalLink": "https://www.sec.gov/Archives/edgar/data/1166691/000116669120000017/cmcsa-3312020x10q.htm"}, {"date": "2019-12-31", "symbol": "CMCSA", "fillingDate": "2020-01-30", "acceptedDate": "2020-01-30 16:41:57", "period": "FY", "revenue": 28398000000, "costOfRevenue": 0.0, "grossProfit": 28398000000, "grossProfitRatio": 1.0, "researchAndDevelopmentExpenses": 0.0, "generalAndAdministrativeExpenses": 0.0, "sellingAndMarketingExpenses": 1943000000, "otherExpenses": 0.0, "operatingExpenses": 1943000000, "costAndExpenses": 23151000000, "interestExpense": 1113000000, "depreciationAndAmortization": 3177000000, "ebitda": 8424000000, "ebitdaratio": 0.2966406084935559, "operatingIncome": 5247000000, "operatingIncomeRatio": 0.18476653285442637, "totalOtherIncomeExpensesNet": -73000000, "incomeBeforeTax": 4061000000, "incomeBeforeTaxRatio": 0.14300302838228043, "incomeTaxExpense": -861000000, "netIncome": 3200000000, "netIncomeRatio": 0.1126839918304106, "eps": 0.0, "epsdiluted": 0.0, "weightedAverageShsOut": 0.0, "weightedAverageShsOutDil": 0.0, "link": "https://www.sec.gov/Archives/edgar/data/1166691/000116669120000008/0001166691-20-000008-index.htm", "finalLink": "https://www.sec.gov/Archives/edgar/data/1166691/000116669120000008/cmcsa-12312019x10k.htm"}, {"date": "2019-09-30", "symbol": "CMCSA", "fillingDate": "2019-10-24", "acceptedDate": "2019-10-24 15:28:40", "period": "Q3", "revenue": 26827000000, "costOfRevenue": 0.0, "grossProfit": 26827000000, "grossProfitRatio": 1.0, "researchAndDevelopmentExpenses": 0.0, "generalAndAdministrativeExpenses": 0.0, "sellingAndMarketingExpenses": 1901000000, "otherExpenses": 1901000000, "operatingExpenses": 1901000000, "costAndExpenses": 21487000000, "interestExpense": 1167000000, "depreciationAndAmortization": 3717000000, "ebitda": 9057000000, "ebitdaratio": 0.3376076341, "operatingIncome": 5340000000, "operatingIncomeRatio": 0.199053192679, "totalOtherIncomeExpensesNet": -110000000, "incomeBeforeTax": 4063000000, "incomeBeforeTaxRatio": 0.151451895478, "incomeTaxExpense": 775000000, "netIncome": 3217000000, "netIncomeRatio": 0.119916502032, "eps": 0.71, "epsdiluted": 0.7, "weightedAverageShsOut": 4544000000, "weightedAverageShsOutDil": 4606000000, "link": "https://www.sec.gov/Archives/edgar/data/1166691/000116669119000020/0001166691-19-000020-index.htm", "finalLink": "https://www.sec.gov/Archives/edgar/data/1166691/000116669119000020/cmcsa-9302019x10q.htm"}, {"date": "2019-06-30", "symbol": "CMCSA", "fillingDate": "2019-07-25", "acceptedDate": "2019-07-25 15:37:50", "period": "Q2", "revenue": 26858000000, "costOfRevenue": 0.0, "grossProfit": 26858000000, "grossProfitRatio": 1.0, "researchAndDevelopmentExpenses": 0.0, "generalAndAdministrativeExpenses": 0.0, "sellingAndMarketingExpenses": 1885000000, "otherExpenses": 1885000000, "operatingExpenses": 1885000000, "costAndExpenses": 21502000000, "interestExpense": 1137000000, "depreciationAndAmortization": 4318000000, "ebitda": 9674000000, "ebitdaratio": 0.360190632214, "operatingIncome": 5356000000, "operatingIncomeRatio": 0.199419167473, "totalOtherIncomeExpensesNet": -55000000, "incomeBeforeTax": 4164000000, "incomeBeforeTaxRatio": 0.155037605183, "incomeTaxExpense": 961000000, "netIncome": 3125000000, "netIncomeRatio": 0.116352669596, "eps": 0.69, "epsdiluted": 0.68, "weightedAverageShsOut": 4540000000, "weightedAverageShsOutDil": 4600000000, "link": "https://www.sec.gov/Archives/edgar/data/1166691/000116669119000015/0001166691-19-000015-index.htm", "finalLink": "https://www.sec.gov/Archives/edgar/data/1166691/000116669119000015/cmcsa-6302019x10q.htm"}, {"date": "2019-03-31", "symbol": "CMCSA", "fillingDate": "2019-04-25", "acceptedDate": "2019-04-25 15:33:21", "period": "Q1", "revenue": 26859000000, "costOfRevenue": 0.0, "grossProfit": 26859000000, "grossProfitRatio": 1.0, "researchAndDevelopmentExpenses": 0.0, "generalAndAdministrativeExpenses": 0.0, "sellingAndMarketingExpenses": 1888000000, "otherExpenses": 1888000000, "operatingExpenses": 1888000000, "costAndExpenses": 21677000000, "interestExpense": 1150000000, "depreciationAndAmortization": 3320000000, "ebitda": 8502000000, "ebitdaratio": 0.316541941249, "operatingIncome": 5182000000, "operatingIncomeRatio": 0.192933467367, "totalOtherIncomeExpensesNet": 676000000, "incomeBeforeTax": 4708000000, "incomeBeforeTaxRatio": 0.175285751517, "incomeTaxExpense": 1076000000, "netIncome": 3553000000, "netIncomeRatio": 0.132283405935, "eps": 0.78, "epsdiluted": 0.77, "weightedAverageShsOut": 4534000000, "weightedAverageShsOutDil": 4594000000, "link": "https://www.sec.gov/Archives/edgar/data/1166691/000116669119000010/0001166691-19-000010-index.htm", "finalLink": "https://www.sec.gov/Archives/edgar/data/1166691/000116669119000010/cmcsa-3312019x10q.htm"}, {"date": "2018-12-31", "symbol": "CMCSA", "fillingDate": "2019-01-31", "acceptedDate": "2019-01-31 17:00:03", "period": "FY", "revenue": 27846000000, "costOfRevenue": 0.0, "grossProfit": 27846000000, "grossProfitRatio": 1.0, "researchAndDevelopmentExpenses": 0.0, "generalAndAdministrativeExpenses": 0.0, "sellingAndMarketingExpenses": 2112000000, "otherExpenses": 2112000000, "operatingExpenses": 2112000000, "costAndExpenses": 23332000000, "interestExpense": 1129000000, "depreciationAndAmortization": 3197000000, "ebitda": 7711000000, "ebitdaratio": 0.276915894563, "operatingIncome": 4514000000, "operatingIncomeRatio": 0.162105867988, "totalOtherIncomeExpensesNet": -317000000, "incomeBeforeTax": 3068000000, "incomeBeforeTaxRatio": 0.110177404295, "incomeTaxExpense": 486000000, "netIncome": 2511000000, "netIncomeRatio": 0.090174531351, "eps": 0.56, "epsdiluted": 0.55, "weightedAverageShsOut": 4584000000, "weightedAverageShsOutDil": 4640000000, "link": "https://www.sec.gov/Archives/edgar/data/1166691/000116669119000005/0001166691-19-000005-index.htm", "finalLink": "https://www.sec.gov/Archives/edgar/data/1166691/000116669119000005/cmcsa-12312018x10k.htm"}, {"date": "2018-09-30", "symbol": "CMCSA", "fillingDate": "2018-10-25", "acceptedDate": "2018-10-25 15:29:12", "period": "Q3", "revenue": 22135000000, "costOfRevenue": 0.0, "grossProfit": 22135000000, "grossProfitRatio": 1.0, "researchAndDevelopmentExpenses": 0.0, "generalAndAdministrativeExpenses": 0.0, "sellingAndMarketingExpenses": 1667000000, "otherExpenses": 1667000000, "operatingExpenses": 1667000000, "costAndExpenses": 17299000000, "interestExpense": 830000000, "depreciationAndAmortization": -2725000000, "ebitda": 2111000000, "ebitdaratio": 0.0953693245991, "operatingIncome": 4836000000, "operatingIncomeRatio": 0.218477524283, "totalOtherIncomeExpensesNet": -111000000, "incomeBeforeTax": 3895000000, "incomeBeforeTaxRatio": 0.175965665236, "incomeTaxExpense": 999000000, "netIncome": 2886000000, "netIncomeRatio": 0.130381748362, "eps": 0.63, "epsdiluted": 0.62, "weightedAverageShsOut": 4599000000, "weightedAverageShsOutDil": 4655000000, "link": "https://www.sec.gov/Archives/edgar/data/1166691/000116669118000024/0001166691-18-000024-index.htm", "finalLink": "https://www.sec.gov/Archives/edgar/data/1166691/000116669118000024/cmcsa-9302018x10q.htm"}, {"date": "2018-06-30", "symbol": "CMCSA", "fillingDate": "2018-07-26", "acceptedDate": "2018-07-26 15:29:21", "period": "Q2", "revenue": 21735000000, "costOfRevenue": 0.0, "grossProfit": 21735000000, "grossProfitRatio": 1.0, "researchAndDevelopmentExpenses": 0.0, "generalAndAdministrativeExpenses": 0.0, "sellingAndMarketingExpenses": 1653000000, "otherExpenses": 1653000000, "operatingExpenses": 1653000000, "costAndExpenses": 16721000000, "interestExpense": 806000000, "depreciationAndAmortization": 7605000000, "ebitda": 12619000000, "ebitdaratio": 0.580584311019, "operatingIncome": 5014000000, "operatingIncomeRatio": 0.230687830688, "totalOtherIncomeExpensesNet": 77000000, "incomeBeforeTax": 4285000000, "incomeBeforeTaxRatio": 0.197147458017, "incomeTaxExpense": 1077000000, "netIncome": 3216000000, "netIncomeRatio": 0.147964113182, "eps": 0.7, "epsdiluted": 0.7, "weightedAverageShsOut": 4616000000, "weightedAverageShsOutDil": 4674000000, "link": "https://www.sec.gov/Archives/edgar/data/1166691/000116669118000019/0001166691-18-000019-index.htm", "finalLink": "https://www.sec.gov/Archives/edgar/data/1166691/000116669118000019/cmcsa-6302018x10q.htm"}, {"date": "2018-03-31", "symbol": "CMCSA", "fillingDate": "2018-04-25", "acceptedDate": "2018-04-25 15:53:55", "period": "Q1", "revenue": 22791000000, "costOfRevenue": 0.0, "grossProfit": 22791000000, "grossProfitRatio": 1.0, "researchAndDevelopmentExpenses": 0.0, "generalAndAdministrativeExpenses": 0.0, "sellingAndMarketingExpenses": 1604000000, "otherExpenses": 1604000000, "operatingExpenses": 1604000000, "costAndExpenses": 18146000000, "interestExpense": 777000000, "depreciationAndAmortization": 2599000000, "ebitda": 7244000000, "ebitdaratio": 0.317844763284, "operatingIncome": 4645000000, "operatingIncomeRatio": 0.203808520907, "totalOtherIncomeExpensesNet": 126000000, "incomeBeforeTax": 3994000000, "incomeBeforeTaxRatio": 0.175244614102, "incomeTaxExpense": 818000000, "netIncome": 3118000000, "netIncomeRatio": 0.136808389276, "eps": 0.67, "epsdiluted": 0.66, "weightedAverageShsOut": 4633000000, "weightedAverageShsOutDil": 4705000000, "link": "https://www.sec.gov/Archives/edgar/data/1166691/000116669118000010/0001166691-18-000010-index.htm", "finalLink": "https://www.sec.gov/Archives/edgar/data/1166691/000116669118000010/cmcsa-3312018x10q.htm"}, {"date": "2017-12-31", "symbol": "CMCSA", "fillingDate": "2018-01-31", "acceptedDate": "2018-01-31 16:35:39", "period": "FY", "revenue": 21915000000, "costOfRevenue": 0.0, "grossProfit": 21915000000, "grossProfitRatio": 1.0, "researchAndDevelopmentExpenses": 0.0, "generalAndAdministrativeExpenses": 0.0, "sellingAndMarketingExpenses": 1569000000, "otherExpenses": 1569000000, "operatingExpenses": 1569000000, "costAndExpenses": 17808000000, "interestExpense": 807000000, "depreciationAndAmortization": 9825000000, "ebitda": 13932000000, "ebitdaratio": 0.635728952772, "operatingIncome": 4107000000, "operatingIncomeRatio": 0.187405886379, "totalOtherIncomeExpensesNet": -21000000, "incomeBeforeTax": 3422000000, "incomeBeforeTaxRatio": 0.156148756559, "incomeTaxExpense": 11613000000, "netIncome": 14985000000, "netIncomeRatio": 0.683778234086, "eps": 3.18, "epsdiluted": 3.14, "weightedAverageShsOut": 4708000000, "weightedAverageShsOutDil": 4786000000, "link": "https://www.sec.gov/Archives/edgar/data/1166691/000116669118000004/0001166691-18-000004-index.htm", "finalLink": "https://www.sec.gov/Archives/edgar/data/1166691/000116669118000004/cmcsa-12312017x10k.htm"}, {"date": "2017-09-30", "symbol": "CMCSA", "fillingDate": "2017-10-26", "acceptedDate": "2017-10-26 15:54:55", "period": "Q3", "revenue": 20983000000, "costOfRevenue": 0.0, "grossProfit": 20983000000, "grossProfitRatio": 1.0, "researchAndDevelopmentExpenses": 0.0, "generalAndAdministrativeExpenses": 0.0, "sellingAndMarketingExpenses": 1553000000, "otherExpenses": 1553000000, "operatingExpenses": 1553000000, "costAndExpenses": 16191000000, "interestExpense": 766000000, "depreciationAndAmortization": 2138000000, "ebitda": 4792000000, "ebitdaratio": 0.228375351475, "operatingIncome": 4792000000, "operatingIncomeRatio": 0.228375351475, "totalOtherIncomeExpensesNet": 27000000, "incomeBeforeTax": 4096000000, "incomeBeforeTaxRatio": 0.195205642663, "incomeTaxExpense": 1413000000, "netIncome": 2650000000, "netIncomeRatio": 0.126292713149, "eps": 0.57, "epsdiluted": 0.56, "weightedAverageShsOut": 4725000000, "weightedAverageShsOutDil": 4806000000, "link": "https://www.sec.gov/Archives/edgar/data/1166691/000116669117000031/0001166691-17-000031-index.htm", "finalLink": "https://www.sec.gov/Archives/edgar/data/1166691/000116669117000031/cmcsa-9302017x10q.htm"}, {"date": "2017-06-30", "symbol": "CMCSA", "fillingDate": "2017-07-27", "acceptedDate": "2017-07-27 15:56:05", "period": "Q2", "revenue": 21165000000, "costOfRevenue": 0.0, "grossProfit": 21165000000, "grossProfitRatio": 1.0, "researchAndDevelopmentExpenses": 0.0, "generalAndAdministrativeExpenses": 0.0, "sellingAndMarketingExpenses": 1665000000, "otherExpenses": 1665000000, "operatingExpenses": 1665000000, "costAndExpenses": 16607000000, "interestExpense": 758000000, "depreciationAndAmortization": 2541000000, "ebitda": 4558000000, "ebitdaratio": 0.215355539806, "operatingIncome": 4558000000, "operatingIncomeRatio": 0.215355539806, "totalOtherIncomeExpensesNet": 20000000, "incomeBeforeTax": 3899000000, "incomeBeforeTaxRatio": 0.184219229861, "incomeTaxExpense": 1364000000, "netIncome": 2513000000, "netIncomeRatio": 0.118733758564, "eps": 0.53, "epsdiluted": 0.52, "weightedAverageShsOut": 4738000000, "weightedAverageShsOutDil": 4820000000, "link": "https://www.sec.gov/Archives/edgar/data/1166691/000116669117000022/0001166691-17-000022-index.htm", "finalLink": "https://www.sec.gov/Archives/edgar/data/1166691/000116669117000022/cmcsa-6302017x10q.htm"}, {"date": "2017-03-31", "symbol": "CMCSA", "fillingDate": "2017-04-27", "acceptedDate": "2017-04-27 16:38:20", "period": "Q1", "revenue": 20463000000, "costOfRevenue": 0.0, "grossProfit": 20463000000, "grossProfitRatio": 1.0, "researchAndDevelopmentExpenses": 0.0, "generalAndAdministrativeExpenses": 0.0, "sellingAndMarketingExpenses": 1530000000, "otherExpenses": 1530000000, "operatingExpenses": 1530000000, "costAndExpenses": 15933000000, "interestExpense": 755000000, "depreciationAndAmortization": 2502000000, "ebitda": 4530000000, "ebitdaratio": 0.221375164932, "operatingIncome": 4530000000, "operatingIncomeRatio": 0.221375164932, "totalOtherIncomeExpensesNet": 35000000, "incomeBeforeTax": 3905000000, "incomeBeforeTaxRatio": 0.190832233788, "incomeTaxExpense": 1258000000, "netIncome": 2566000000, "netIncomeRatio": 0.125397058105, "eps": 0.54, "epsdiluted": 0.53, "weightedAverageShsOut": 4747000000, "weightedAverageShsOutDil": 4832000000, "link": "https://www.sec.gov/Archives/edgar/data/1166691/000116669117000009/0001166691-17-000009-index.htm", "finalLink": "https://www.sec.gov/Archives/edgar/data/1166691/000116669117000009/cmcsa-3312017x10q.htm"}, {"date": "2016-12-31", "symbol": "CMCSA", "fillingDate": "2017-02-03", "acceptedDate": "2017-02-03 14:34:03", "period": "FY", "revenue": 21025000000, "costOfRevenue": 0.0, "grossProfit": 21025000000, "grossProfitRatio": 1.0, "researchAndDevelopmentExpenses": 0.0, "generalAndAdministrativeExpenses": 0.0, "sellingAndMarketingExpenses": 1599000000, "otherExpenses": 1599000000, "operatingExpenses": 1599000000, "costAndExpenses": 16761000000, "interestExpense": 756000000, "depreciationAndAmortization": 9558000000, "ebitda": 13822000000, "ebitdaratio": 0.6574078478, "operatingIncome": 4264000000, "operatingIncomeRatio": 0.202806183115, "totalOtherIncomeExpensesNet": 223000000, "incomeBeforeTax": 3736000000, "incomeBeforeTaxRatio": 0.177693222354, "incomeTaxExpense": 1319000000, "netIncome": 2296000000, "netIncomeRatio": 0.10920332937, "eps": 0.96, "epsdiluted": 0.95, "weightedAverageShsOut": 2410000000, "weightedAverageShsOutDil": 2438000000, "link": "https://www.sec.gov/Archives/edgar/data/1166691/000119312517030512/0001193125-17-030512-index.htm", "finalLink": "https://www.sec.gov/Archives/edgar/data/1166691/000119312517030512/d290430d10k.htm"}, {"date": "2016-09-30", "symbol": "CMCSA", "fillingDate": "2016-10-26", "acceptedDate": "2016-10-26 16:23:25", "period": "Q3", "revenue": 21319000000, "costOfRevenue": 0.0, "grossProfit": 21319000000, "grossProfitRatio": 1.0, "researchAndDevelopmentExpenses": 0.0, "generalAndAdministrativeExpenses": 0.0, "sellingAndMarketingExpenses": 1487000000, "otherExpenses": 1487000000, "operatingExpenses": 1487000000, "costAndExpenses": 16879000000, "interestExpense": 751000000, "depreciationAndAmortization": 2395000000, "ebitda": 4440000000, "ebitdaratio": 0.208264927998, "operatingIncome": 4440000000, "operatingIncomeRatio": 0.208264927998, "totalOtherIncomeExpensesNet": -11000000, "incomeBeforeTax": 3724000000, "incomeBeforeTaxRatio": 0.174679863033, "incomeTaxExpense": 1400000000, "netIncome": 2237000000, "netIncomeRatio": 0.10492987476, "eps": 0.94, "epsdiluted": 0.92, "weightedAverageShsOut": 2419000000, "weightedAverageShsOutDil": 2446000000, "link": "https://www.sec.gov/Archives/edgar/data/1166691/000119312516747958/0001193125-16-747958-index.htm", "finalLink": "https://www.sec.gov/Archives/edgar/data/1166691/000119312516747958/d254415d10q.htm"}, {"date": "2016-06-30", "symbol": "CMCSA", "fillingDate": "2016-07-27", "acceptedDate": "2016-07-27 15:31:48", "period": "Q2", "revenue": 19269000000, "costOfRevenue": 0.0, "grossProfit": 19269000000, "grossProfitRatio": 1.0, "researchAndDevelopmentExpenses": 0.0, "generalAndAdministrativeExpenses": 0.0, "sellingAndMarketingExpenses": 1561000000, "otherExpenses": 1561000000, "operatingExpenses": 1561000000, "costAndExpenses": 15203000000, "interestExpense": 732000000, "depreciationAndAmortization": 2389000000, "ebitda": 4066000000, "ebitdaratio": 0.211012507136, "operatingIncome": 4066000000, "operatingIncomeRatio": 0.211012507136, "totalOtherIncomeExpensesNet": -15000000, "incomeBeforeTax": 3358000000, "incomeBeforeTaxRatio": 0.17426955213, "incomeTaxExpense": 1278000000, "netIncome": 2028000000, "netIncomeRatio": 0.105246769422, "eps": 0.83, "epsdiluted": 0.83, "weightedAverageShsOut": 2427000000, "weightedAverageShsOutDil": 2454000000, "link": "https://www.sec.gov/Archives/edgar/data/1166691/000119312516659869/0001193125-16-659869-index.htm", "finalLink": "https://www.sec.gov/Archives/edgar/data/1166691/000119312516659869/d193217d10q.htm"}, {"date": "2016-03-31", "symbol": "CMCSA", "fillingDate": "2016-04-27", "acceptedDate": "2016-04-27 14:41:26", "period": "Q1", "revenue": 18790000000, "costOfRevenue": 0.0, "grossProfit": 18790000000, "grossProfitRatio": 1.0, "researchAndDevelopmentExpenses": 0.0, "generalAndAdministrativeExpenses": 0.0, "sellingAndMarketingExpenses": 1467000000, "otherExpenses": 1467000000, "operatingExpenses": 1467000000, "costAndExpenses": 14701000000, "interestExpense": 703000000, "depreciationAndAmortization": 2278000000, "ebitda": 4089000000, "ebitdaratio": 0.21761575306, "operatingIncome": 4089000000, "operatingIncomeRatio": 0.21761575306, "totalOtherIncomeExpensesNet": 130000000, "incomeBeforeTax": 3535000000, "incomeBeforeTaxRatio": 0.188131985098, "incomeTaxExpense": 1311000000, "netIncome": 2134000000, "netIncomeRatio": 0.11357104843, "eps": 0.88, "epsdiluted": 0.87, "weightedAverageShsOut": 2434000000, "weightedAverageShsOutDil": 2462000000, "link": "https://www.sec.gov/Archives/edgar/data/1166691/000119312516558907/0001193125-16-558907-index.htm", "finalLink": "https://www.sec.gov/Archives/edgar/data/1166691/000119312516558907/d156977d10q.htm"}, {"date": "2015-12-31", "symbol": "CMCSA", "fillingDate": "2016-02-05", "acceptedDate": "2016-02-05 17:00:05", "period": "FY", "revenue": 19245000000, "costOfRevenue": 0.0, "grossProfit": 19245000000, "grossProfitRatio": 1.0, "researchAndDevelopmentExpenses": 0.0, "generalAndAdministrativeExpenses": 0.0, "sellingAndMarketingExpenses": 1551000000, "otherExpenses": 1551000000, "operatingExpenses": 1551000000, "costAndExpenses": 15243000000, "interestExpense": 674000000, "depreciationAndAmortization": 8680000000, "ebitda": 12682000000, "ebitdaratio": 0.658976357495, "operatingIncome": 4002000000, "operatingIncomeRatio": 0.207950116913, "totalOtherIncomeExpensesNet": -44000000, "incomeBeforeTax": 3218000000, "incomeBeforeTaxRatio": 0.167212262925, "incomeTaxExpense": 1162000000, "netIncome": 1971000000, "netIncomeRatio": 0.102416212003, "eps": 0.8, "epsdiluted": 0.79, "weightedAverageShsOut": 2486000000, "weightedAverageShsOutDil": 2518000000, "link": "https://www.sec.gov/Archives/edgar/data/1166691/000119312516452423/0001193125-16-452423-index.htm", "finalLink": "https://www.sec.gov/Archives/edgar/data/1166691/000119312516452423/d49239d10k.htm"}, {"date": "2015-09-30", "symbol": "CMCSA", "fillingDate": "2015-10-27", "acceptedDate": "2015-10-27 15:42:38", "period": "Q3", "revenue": 18669000000, "costOfRevenue": 0.0, "grossProfit": 18669000000, "grossProfitRatio": 1.0, "researchAndDevelopmentExpenses": 0.0, "generalAndAdministrativeExpenses": 0.0, "sellingAndMarketingExpenses": 1509000000, "otherExpenses": 1509000000, "operatingExpenses": 1509000000, "costAndExpenses": 14668000000, "interestExpense": 659000000, "depreciationAndAmortization": 2183000000, "ebitda": 4001000000, "ebitdaratio": 0.214312496652, "operatingIncome": 4001000000, "operatingIncomeRatio": 0.214312496652, "totalOtherIncomeExpensesNet": -53000000, "incomeBeforeTax": 3264000000, "incomeBeforeTaxRatio": 0.174835288446, "incomeTaxExpense": 1223000000, "netIncome": 1996000000, "netIncomeRatio": 0.106915207028, "eps": 0.81, "epsdiluted": 0.8, "weightedAverageShsOut": 2498000000, "weightedAverageShsOutDil": 2530000000, "link": "https://www.sec.gov/Archives/edgar/data/1166691/000119312515354626/0001193125-15-354626-index.htm", "finalLink": "https://www.sec.gov/Archives/edgar/data/1166691/000119312515354626/d98958d10q.htm"}, {"date": "2015-06-30", "symbol": "CMCSA", "fillingDate": "2015-07-23", "acceptedDate": "2015-07-23 13:10:08", "period": "Q2", "revenue": 18743000000, "costOfRevenue": 0.0, "grossProfit": 18743000000, "grossProfitRatio": 1.0, "researchAndDevelopmentExpenses": 0.0, "generalAndAdministrativeExpenses": 0.0, "sellingAndMarketingExpenses": 1528000000, "otherExpenses": 1528000000, "operatingExpenses": 1528000000, "costAndExpenses": 14638000000, "interestExpense": 713000000, "depreciationAndAmortization": 2161000000, "ebitda": 4105000000, "ebitdaratio": 0.21901509897, "operatingIncome": 4105000000, "operatingIncomeRatio": 0.21901509897, "totalOtherIncomeExpensesNet": 315000000, "incomeBeforeTax": 3488000000, "incomeBeforeTaxRatio": 0.18609614256, "incomeTaxExpense": 1313000000, "netIncome": 2137000000, "netIncomeRatio": 0.114015899269, "eps": 0.85, "epsdiluted": 0.84, "weightedAverageShsOut": 2510000000, "weightedAverageShsOutDil": 2544000000, "link": "https://www.sec.gov/Archives/edgar/data/1166691/000119312515260886/0001193125-15-260886-index.htm", "finalLink": "https://www.sec.gov/Archives/edgar/data/1166691/000119312515260886/d948790d10q.htm"}, {"date": "2015-03-31", "symbol": "CMCSA", "fillingDate": "2015-05-04", "acceptedDate": "2015-05-04 16:13:35", "period": "Q1", "revenue": 17853000000, "costOfRevenue": 0.0, "grossProfit": 17853000000, "grossProfitRatio": 1.0, "researchAndDevelopmentExpenses": 0.0, "generalAndAdministrativeExpenses": 0.0, "sellingAndMarketingExpenses": 1355000000, "otherExpenses": 1355000000, "operatingExpenses": 1355000000, "costAndExpenses": 13963000000, "interestExpense": 656000000, "depreciationAndAmortization": 2066000000, "ebitda": 3890000000, "ebitdaratio": 0.217890550608, "operatingIncome": 3890000000, "operatingIncomeRatio": 0.217890550608, "totalOtherIncomeExpensesNet": 102000000, "incomeBeforeTax": 3402000000, "incomeBeforeTaxRatio": 0.19055620904, "incomeTaxExpense": 1261000000, "netIncome": 2059000000, "netIncomeRatio": 0.115330756736, "eps": 0.82, "epsdiluted": 0.81, "weightedAverageShsOut": 2520000000, "weightedAverageShsOutDil": 2556000000, "link": "https://www.sec.gov/Archives/edgar/data/1166691/000119312515169012/0001193125-15-169012-index.htm", "finalLink": "https://www.sec.gov/Archives/edgar/data/1166691/000119312515169012/d915216d10q.htm"}, {"date": "2014-12-31", "symbol": "CMCSA", "fillingDate": "2015-02-27", "acceptedDate": "2015-02-27 13:16:44", "period": "FY", "revenue": 17732000000, "costOfRevenue": 0.0, "grossProfit": 17732000000, "grossProfitRatio": 1.0, "researchAndDevelopmentExpenses": 0.0, "generalAndAdministrativeExpenses": 0.0, "sellingAndMarketingExpenses": 1330000000, "otherExpenses": 1330000000, "operatingExpenses": 1330000000, "costAndExpenses": 13945000000, "interestExpense": 664000000, "depreciationAndAmortization": 8019000000, "ebitda": 11806000000, "ebitdaratio": 0.665801939995, "operatingIncome": 3787000000, "operatingIncomeRatio": 0.213568689375, "totalOtherIncomeExpensesNet": -65000000, "incomeBeforeTax": 3110000000, "incomeBeforeTaxRatio": 0.175389127002, "incomeTaxExpense": 1114000000, "netIncome": 1925000000, "netIncomeRatio": 0.108560794045, "eps": 0.75, "epsdiluted": 0.74, "weightedAverageShsOut": 2583000000, "weightedAverageShsOutDil": 2620000000, "link": "https://www.sec.gov/Archives/edgar/data/1166691/000119312515068526/0001193125-15-068526-index.htm", "finalLink": "https://www.sec.gov/Archives/edgar/data/1166691/000119312515068526/d817352d10k.htm"}, {"date": "2014-09-30", "symbol": "CMCSA", "fillingDate": "2014-10-23", "acceptedDate": "2014-10-23 13:21:38", "period": "Q3", "revenue": 16791000000, "costOfRevenue": 0.0, "grossProfit": 16791000000, "grossProfitRatio": 1.0, "researchAndDevelopmentExpenses": 0.0, "generalAndAdministrativeExpenses": 0.0, "sellingAndMarketingExpenses": 1296000000, "otherExpenses": 1296000000, "operatingExpenses": 1296000000, "costAndExpenses": 13046000000, "interestExpense": 663000000, "depreciationAndAmortization": 1959000000, "ebitda": 3745000000, "ebitdaratio": 0.223036150319, "operatingIncome": 3745000000, "operatingIncomeRatio": 0.223036150319, "totalOtherIncomeExpensesNet": -96000000, "incomeBeforeTax": 3040000000, "incomeBeforeTaxRatio": 0.181049371687, "incomeTaxExpense": 407000000, "netIncome": 2592000000, "netIncomeRatio": 0.154368411649, "eps": 1.0, "epsdiluted": 0.99, "weightedAverageShsOut": 2592000000, "weightedAverageShsOutDil": 2629000000, "link": "https://www.sec.gov/Archives/edgar/data/1166691/000119312514379913/0001193125-14-379913-index.htm", "finalLink": "https://www.sec.gov/Archives/edgar/data/1166691/000119312514379913/d792357d10q.htm"}, {"date": "2014-06-30", "symbol": "CMCSA", "fillingDate": "2014-07-24", "acceptedDate": "2014-07-24 16:09:57", "period": "Q2", "revenue": 16844000000, "costOfRevenue": 0.0, "grossProfit": 16844000000, "grossProfitRatio": 1.0, "researchAndDevelopmentExpenses": 0.0, "generalAndAdministrativeExpenses": 0.0, "sellingAndMarketingExpenses": 1242000000, "otherExpenses": 1242000000, "operatingExpenses": 1242000000, "costAndExpenses": 13040000000, "interestExpense": 648000000, "depreciationAndAmortization": 2000000000, "ebitda": 3804000000, "ebitdaratio": 0.225837093327, "operatingIncome": 3804000000, "operatingIncomeRatio": 0.225837093327, "totalOtherIncomeExpensesNet": -39000000, "incomeBeforeTax": 3259000000, "incomeBeforeTaxRatio": 0.193481358347, "incomeTaxExpense": 1234000000, "netIncome": 1992000000, "netIncomeRatio": 0.118261695559, "eps": 0.77, "epsdiluted": 0.76, "weightedAverageShsOut": 2598000000, "weightedAverageShsOutDil": 2636000000, "link": "https://www.sec.gov/Archives/edgar/data/1166691/000119312514278903/0001193125-14-278903-index.htm", "finalLink": "https://www.sec.gov/Archives/edgar/data/1166691/000119312514278903/d740350d10q.htm"}, {"date": "2014-03-31", "symbol": "CMCSA", "fillingDate": "2014-04-22", "acceptedDate": "2014-04-22 14:05:05", "period": "Q1", "revenue": 17408000000, "costOfRevenue": 0.0, "grossProfit": 17408000000, "grossProfitRatio": 1.0, "researchAndDevelopmentExpenses": 0.0, "generalAndAdministrativeExpenses": 0.0, "sellingAndMarketingExpenses": 1210000000, "otherExpenses": 1210000000, "operatingExpenses": 1210000000, "costAndExpenses": 13840000000, "interestExpense": 642000000, "depreciationAndAmortization": 1970000000, "ebitda": 3568000000, "ebitdaratio": 0.204963235294, "operatingIncome": 3568000000, "operatingIncomeRatio": 0.204963235294, "totalOtherIncomeExpensesNet": -15000000, "incomeBeforeTax": 3056000000, "incomeBeforeTaxRatio": 0.175551470588, "incomeTaxExpense": 1118000000, "netIncome": 1871000000, "netIncomeRatio": 0.107479319853, "eps": 0.72, "epsdiluted": 0.71, "weightedAverageShsOut": 2603000000, "weightedAverageShsOutDil": 2645000000, "link": "https://www.sec.gov/Archives/edgar/data/1166691/000119312514152328/0001193125-14-152328-index.htm", "finalLink": "https://www.sec.gov/Archives/edgar/data/1166691/000119312514152328/d706957d10q.htm"}, {"date": "2013-12-31", "symbol": "CMCSA", "fillingDate": "2014-02-12", "acceptedDate": "2014-02-12 12:49:52", "period": "FY", "revenue": 16926000000, "costOfRevenue": 0.0, "grossProfit": 16926000000, "grossProfitRatio": 1.0, "researchAndDevelopmentExpenses": 0.0, "generalAndAdministrativeExpenses": 0.0, "sellingAndMarketingExpenses": 2199000000, "otherExpenses": 1232000000, "operatingExpenses": 1232000000, "costAndExpenses": 13279000000, "interestExpense": 646000000, "depreciationAndAmortization": 16120000000, "ebitda": 19767000000, "ebitdaratio": 1.16784828075, "operatingIncome": 3647000000, "operatingIncomeRatio": 0.215467328371, "totalOtherIncomeExpensesNet": -402000000, "incomeBeforeTax": 2954000000, "incomeBeforeTaxRatio": 0.174524400331, "incomeTaxExpense": 986000000, "netIncome": 1913000000, "netIncomeRatio": 0.113021387215, "eps": 0.74, "epsdiluted": 0.72, "weightedAverageShsOut": 2625000000, "weightedAverageShsOutDil": 2665000000, "link": "https://www.sec.gov/Archives/edgar/data/1166691/000119312514047522/0001193125-14-047522-index.htm", "finalLink": "https://www.sec.gov/Archives/edgar/data/1166691/000119312514047522/d666576d10k.htm"}, {"date": "2013-09-30", "symbol": "CMCSA", "fillingDate": "2013-10-30", "acceptedDate": "2013-10-30 12:35:30", "period": "Q3", "revenue": 16151000000, "costOfRevenue": 0.0, "grossProfit": 16151000000, "grossProfitRatio": 1.0, "researchAndDevelopmentExpenses": 0.0, "generalAndAdministrativeExpenses": 0.0, "sellingAndMarketingExpenses": 1283000000, "otherExpenses": 1283000000, "operatingExpenses": 1283000000, "costAndExpenses": 12737000000, "interestExpense": 639000000, "depreciationAndAmortization": 1916000000, "ebitda": 3414000000, "ebitdaratio": 0.211380100303, "operatingIncome": 3414000000, "operatingIncomeRatio": 0.211380100303, "totalOtherIncomeExpensesNet": -310000000, "incomeBeforeTax": 2799000000, "incomeBeforeTaxRatio": 0.173301962727, "incomeTaxExpense": 1021000000, "netIncome": 1732000000, "netIncomeRatio": 0.107237941923, "eps": 0.66, "epsdiluted": 0.65, "weightedAverageShsOut": 2629000000, "weightedAverageShsOutDil": 2668000000, "link": "https://www.sec.gov/Archives/edgar/data/1166691/000119312513417832/0001193125-13-417832-index.htm", "finalLink": "https://www.sec.gov/Archives/edgar/data/1166691/000119312513417832/d614600d10q.htm"}, {"date": "2013-06-30", "symbol": "CMCSA", "fillingDate": "2013-07-31", "acceptedDate": "2013-07-31 15:22:26", "period": "Q2", "revenue": 16270000000, "costOfRevenue": 0.0, "grossProfit": 16270000000, "grossProfitRatio": 1.0, "researchAndDevelopmentExpenses": 0.0, "generalAndAdministrativeExpenses": 0.0, "sellingAndMarketingExpenses": 1307000000, "otherExpenses": 1307000000, "operatingExpenses": 1307000000, "costAndExpenses": 12835000000, "interestExpense": 636000000, "depreciationAndAmortization": 1990000000, "ebitda": 3435000000, "ebitdaratio": 0.211124769514, "operatingIncome": 3435000000, "operatingIncomeRatio": 0.211124769514, "totalOtherIncomeExpensesNet": -43000000, "incomeBeforeTax": 2792000000, "incomeBeforeTaxRatio": 0.171604179471, "incomeTaxExpense": 1048000000, "netIncome": 1734000000, "netIncomeRatio": 0.106576521205, "eps": 0.65, "epsdiluted": 0.65, "weightedAverageShsOut": 2633000000, "weightedAverageShsOutDil": 2672000000, "link": "https://www.sec.gov/Archives/edgar/data/1166691/000119312513312420/0001193125-13-312420-index.htm", "finalLink": "https://www.sec.gov/Archives/edgar/data/1166691/000119312513312420/d566565d10q.htm"}, {"date": "2013-03-31", "symbol": "CMCSA", "fillingDate": "2013-05-01", "acceptedDate": "2013-05-01 14:46:29", "period": "Q1", "revenue": 15310000000, "costOfRevenue": 0.0, "grossProfit": 15310000000, "grossProfitRatio": 1.0, "researchAndDevelopmentExpenses": 0.0, "generalAndAdministrativeExpenses": 0.0, "sellingAndMarketingExpenses": 1147000000, "otherExpenses": 1147000000, "operatingExpenses": 1147000000, "costAndExpenses": 12243000000, "interestExpense": 653000000, "depreciationAndAmortization": 1967000000, "ebitda": 3067000000, "ebitdaratio": 0.200326583932, "operatingIncome": 3067000000, "operatingIncomeRatio": 0.200326583932, "totalOtherIncomeExpensesNet": 73000000, "incomeBeforeTax": 2570000000, "incomeBeforeTaxRatio": 0.167864141084, "incomeTaxExpense": 925000000, "netIncome": 1437000000, "netIncomeRatio": 0.0938602220771, "eps": 0.55, "epsdiluted": 0.54, "weightedAverageShsOut": 2634000000, "weightedAverageShsOutDil": 2675000000, "link": "https://www.sec.gov/Archives/edgar/data/1166691/000119312513191930/0001193125-13-191930-index.htm", "finalLink": "https://www.sec.gov/Archives/edgar/data/1166691/000119312513191930/d525898d10q.htm"}, {"date": "2012-12-31", "symbol": "CMCSA", "fillingDate": "2013-02-21", "acceptedDate": "2013-02-20 18:48:53", "period": "FY", "revenue": 15937000000, "costOfRevenue": 0.0, "grossProfit": 15937000000, "grossProfitRatio": 1.0, "researchAndDevelopmentExpenses": 0.0, "generalAndAdministrativeExpenses": 0.0, "sellingAndMarketingExpenses": 4807000000, "otherExpenses": -31160000000, "operatingExpenses": -27126000000, "costAndExpenses": 12643000000, "interestExpense": 623000000, "depreciationAndAmortization": 17252000000, "ebitda": 20546000000, "ebitdaratio": 1.28920122984, "operatingIncome": 3294000000, "operatingIncomeRatio": 0.206688837297, "totalOtherIncomeExpensesNet": -151000000, "incomeBeforeTax": 2585000000, "incomeBeforeTaxRatio": 0.162201167095, "incomeTaxExpense": 778000000, "netIncome": 1518000000, "netIncomeRatio": 0.0952500470603, "eps": 0.58, "epsdiluted": 0.56, "weightedAverageShsOut": 2678000000, "weightedAverageShsOutDil": 2717000000, "link": "https://www.sec.gov/Archives/edgar/data/1166691/000119312513067658/0001193125-13-067658-index.htm", "finalLink": "https://www.sec.gov/Archives/edgar/data/1166691/000119312513067658/d458593d10k.htm"}, {"date": "2012-09-30", "symbol": "CMCSA", "fillingDate": "2012-10-26", "acceptedDate": "2012-10-26 13:29:22", "period": "Q3", "revenue": 16544000000, "costOfRevenue": 0.0, "grossProfit": 16544000000, "grossProfitRatio": 1.0, "researchAndDevelopmentExpenses": 0.0, "generalAndAdministrativeExpenses": 0.0, "sellingAndMarketingExpenses": 0.0, "otherExpenses": 11536000000, "operatingExpenses": 11536000000, "costAndExpenses": 13496000000, "interestExpense": 633000000, "depreciationAndAmortization": 1960000000, "ebitda": 3048000000, "ebitdaratio": 0.184235976789, "operatingIncome": 3048000000, "operatingIncomeRatio": 0.184235976789, "totalOtherIncomeExpensesNet": 1335000000, "incomeBeforeTax": 4383000000, "incomeBeforeTaxRatio": 0.264929883946, "incomeTaxExpense": 1405000000, "netIncome": 2113000000, "netIncomeRatio": 0.127720019342, "eps": 0.79, "epsdiluted": 0.78, "weightedAverageShsOut": 2687000000, "weightedAverageShsOutDil": 2724000000, "link": "https://www.sec.gov/Archives/edgar/data/1166691/000119312512437120/0001193125-12-437120-index.htm", "finalLink": "https://www.sec.gov/Archives/edgar/data/1166691/000119312512437120/d422555d10q.htm"}, {"date": "2012-06-30", "symbol": "CMCSA", "fillingDate": "2012-08-01", "acceptedDate": "2012-08-01 16:21:28", "period": "Q2", "revenue": 15211000000, "costOfRevenue": 0.0, "grossProfit": 15211000000, "grossProfitRatio": 1.0, "researchAndDevelopmentExpenses": 0.0, "generalAndAdministrativeExpenses": 0.0, "sellingAndMarketingExpenses": 0.0, "otherExpenses": 10207000000, "operatingExpenses": 10207000000, "costAndExpenses": 12132000000, "interestExpense": 625000000, "depreciationAndAmortization": 1925000000, "ebitda": 3079000000, "ebitdaratio": 0.202419301821, "operatingIncome": 3079000000, "operatingIncomeRatio": 0.202419301821, "totalOtherIncomeExpensesNet": -47000000, "incomeBeforeTax": 2444000000, "incomeBeforeTaxRatio": 0.160673197028, "incomeTaxExpense": 811000000, "netIncome": 1348000000, "netIncomeRatio": 0.0886200775754, "eps": 0.5, "epsdiluted": 0.49, "weightedAverageShsOut": 2697000000, "weightedAverageShsOutDil": 2733000000, "link": "https://www.sec.gov/Archives/edgar/data/1166691/000119312512328850/0001193125-12-328850-index.htm", "finalLink": "https://www.sec.gov/Archives/edgar/data/1166691/000119312512328850/d366945d10q.htm"}, {"date": "2012-03-31", "symbol": "CMCSA", "fillingDate": "2012-05-02", "acceptedDate": "2012-05-02 13:55:44", "period": "Q1", "revenue": 14878000000, "costOfRevenue": 0.0, "grossProfit": 14878000000, "grossProfitRatio": 1.0, "researchAndDevelopmentExpenses": 0.0, "generalAndAdministrativeExpenses": 0.0, "sellingAndMarketingExpenses": 0.0, "otherExpenses": 10190000000, "operatingExpenses": 10190000000, "costAndExpenses": 12120000000, "interestExpense": 640000000, "depreciationAndAmortization": 1930000000, "ebitda": 2758000000, "ebitdaratio": 0.185374378277, "operatingIncome": 2758000000, "operatingIncomeRatio": 0.185374378277, "totalOtherIncomeExpensesNet": -16000000, "incomeBeforeTax": 2197000000, "incomeBeforeTaxRatio": 0.147667697271, "incomeTaxExpense": 750000000, "netIncome": 1224000000, "netIncomeRatio": 0.0822691221938, "eps": 0.45, "epsdiluted": 0.45, "weightedAverageShsOut": 2708000000, "weightedAverageShsOutDil": 2744000000, "link": "https://www.sec.gov/Archives/edgar/data/1166691/000119312512203863/0001193125-12-203863-index.htm", "finalLink": "https://www.sec.gov/Archives/edgar/data/1166691/000119312512203863/d316803d10q.htm"}, {"date": "2011-12-31", "symbol": "CMCSA", "fillingDate": "2012-02-23", "acceptedDate": "2012-02-23 07:06:40", "period": "FY", "revenue": 15042000000, "costOfRevenue": 0.0, "grossProfit": 15042000000, "grossProfitRatio": 1.0, "researchAndDevelopmentExpenses": 0.0, "generalAndAdministrativeExpenses": 0.0, "sellingAndMarketingExpenses": 0.0, "otherExpenses": 10126000000, "operatingExpenses": 10126000000, "costAndExpenses": 12124000000, "interestExpense": 642000000, "depreciationAndAmortization": 14423000000, "ebitda": 17341000000, "ebitdaratio": 1.15283871826, "operatingIncome": 2918000000, "operatingIncomeRatio": 0.193990160883, "totalOtherIncomeExpensesNet": -51000000, "incomeBeforeTax": 2386000000, "incomeBeforeTaxRatio": 0.158622523601, "incomeTaxExpense": 801000000, "netIncome": 1287000000, "netIncomeRatio": 0.0855604307938, "eps": 0.47, "epsdiluted": 0.47, "weightedAverageShsOut": 2746000000, "weightedAverageShsOutDil": 2778000000, "link": "https://www.sec.gov/Archives/edgar/data/1166691/000119312512073905/0001193125-12-073905-index.htm", "finalLink": "https://www.sec.gov/Archives/edgar/data/1166691/000119312512073905/d262998d10k.htm"}, {"date": "2011-09-30", "symbol": "CMCSA", "fillingDate": "2011-11-02", "acceptedDate": "2011-11-02 16:31:53", "period": "Q3", "revenue": 14339000000, "costOfRevenue": 0.0, "grossProfit": 14339000000, "grossProfitRatio": 1.0, "researchAndDevelopmentExpenses": 0.0, "generalAndAdministrativeExpenses": 0.0, "sellingAndMarketingExpenses": 0.0, "otherExpenses": 9765000000, "operatingExpenses": 9765000000, "costAndExpenses": 11698000000, "interestExpense": 637000000, "depreciationAndAmortization": 1933000000, "ebitda": 2641000000, "ebitdaratio": 0.18418299742, "operatingIncome": 2641000000, "operatingIncomeRatio": 0.18418299742, "totalOtherIncomeExpensesNet": -12000000, "incomeBeforeTax": 1805000000, "incomeBeforeTaxRatio": 0.125880465862, "incomeTaxExpense": 639000000, "netIncome": 908000000, "netIncomeRatio": 0.0633238022177, "eps": 0.33, "epsdiluted": 0.33, "weightedAverageShsOut": 2757000000, "weightedAverageShsOutDil": 2789000000, "link": "https://www.sec.gov/Archives/edgar/data/1166691/000119312511292853/0001193125-11-292853-index.htm", "finalLink": "https://www.sec.gov/Archives/edgar/data/1166691/000119312511292853/d233978d10q.htm"}, {"date": "2011-06-30", "symbol": "CMCSA", "fillingDate": "2011-08-03", "acceptedDate": "2011-08-03 15:25:19", "period": "Q2", "revenue": 14333000000, "costOfRevenue": 0.0, "grossProfit": 14333000000, "grossProfitRatio": 1.0, "researchAndDevelopmentExpenses": 0.0, "generalAndAdministrativeExpenses": 0.0, "sellingAndMarketingExpenses": 0.0, "otherExpenses": 17594000000, "operatingExpenses": 17594000000, "costAndExpenses": 11395000000, "interestExpense": 621000000, "depreciationAndAmortization": 1863000000, "ebitda": 2938000000, "ebitdaratio": 0.204981511198, "operatingIncome": 2938000000, "operatingIncomeRatio": 0.204981511198, "totalOtherIncomeExpensesNet": -34000000, "incomeBeforeTax": 2381000000, "incomeBeforeTaxRatio": 0.166120142329, "incomeTaxExpense": 1014000000, "netIncome": 1022000000, "netIncomeRatio": 0.0713039838136, "eps": 0.37, "epsdiluted": 0.36, "weightedAverageShsOut": 2765000000, "weightedAverageShsOutDil": 2799000000, "link": "https://www.sec.gov/Archives/edgar/data/1166691/000119312511208040/0001193125-11-208040-index.htm", "finalLink": "https://www.sec.gov/Archives/edgar/data/1166691/000119312511208040/d10q.htm"}, {"date": "2011-03-31", "symbol": "CMCSA", "fillingDate": "2011-05-05", "acceptedDate": "2011-05-04 19:37:11", "period": "Q1", "revenue": 12128000000, "costOfRevenue": 0.0, "grossProfit": 12128000000, "grossProfitRatio": 1.0, "researchAndDevelopmentExpenses": 0.0, "generalAndAdministrativeExpenses": 0.0, "sellingAndMarketingExpenses": 0.0, "otherExpenses": 8062000000, "operatingExpenses": 8062000000, "costAndExpenses": 9904000000, "interestExpense": 605000000, "depreciationAndAmortization": 1842000000, "ebitda": 2224000000, "ebitdaratio": 0.183377308707, "operatingIncome": 2224000000, "operatingIncomeRatio": 0.183377308707, "totalOtherIncomeExpensesNet": -36000000, "incomeBeforeTax": 1635000000, "incomeBeforeTaxRatio": 0.134812005277, "incomeTaxExpense": 596000000, "netIncome": 943000000, "netIncomeRatio": 0.0777539577836, "eps": 0.34, "epsdiluted": 0.34, "weightedAverageShsOut": 2772000000, "weightedAverageShsOutDil": 2805000000, "link": "https://www.sec.gov/Archives/edgar/data/1166691/000119312511126626/0001193125-11-126626-index.htm", "finalLink": "https://www.sec.gov/Archives/edgar/data/1166691/000119312511126626/d10q.htm"}, {"date": "2010-12-31", "symbol": "CMCSA", "fillingDate": "2011-02-25", "acceptedDate": "2011-02-25 15:02:27", "period": "FY", "revenue": 9721000000, "costOfRevenue": 0.0, "grossProfit": 9721000000, "grossProfitRatio": 1.0, "researchAndDevelopmentExpenses": 0.0, "generalAndAdministrativeExpenses": 2106000000, "sellingAndMarketingExpenses": 0.0, "otherExpenses": 3899000000, "operatingExpenses": 6005000000, "costAndExpenses": 7708000000, "interestExpense": 544000000, "depreciationAndAmortization": 6616000000, "ebitda": 8629000000, "ebitdaratio": 0.887665877996, "operatingIncome": 2013000000, "operatingIncomeRatio": 0.207077461167, "totalOtherIncomeExpensesNet": 202000000, "incomeBeforeTax": 1706000000, "incomeBeforeTaxRatio": 0.175496348112, "incomeTaxExpense": 673000000, "netIncome": 1018000000, "netIncomeRatio": 0.104721736447, "eps": 0.36, "epsdiluted": 0.36, "weightedAverageShsOut": 2808000000, "weightedAverageShsOutDil": 2820000000, "link": "https://www.sec.gov/Archives/edgar/data/1166691/000119312511047243/0001193125-11-047243-index.htm", "finalLink": "https://www.sec.gov/Archives/edgar/data/1166691/000119312511047243/d10k.htm"}, {"date": "2010-09-30", "symbol": "CMCSA", "fillingDate": "2010-10-27", "acceptedDate": "2010-10-27 15:25:46", "period": "Q3", "revenue": 9489000000, "costOfRevenue": 0.0, "grossProfit": 9489000000, "grossProfitRatio": 1.0, "researchAndDevelopmentExpenses": 0.0, "generalAndAdministrativeExpenses": 2119000000, "sellingAndMarketingExpenses": 0.0, "otherExpenses": 3792000000, "operatingExpenses": 5911000000, "costAndExpenses": 7535000000, "interestExpense": 545000000, "depreciationAndAmortization": 3792000000, "ebitda": 1954000000, "ebitdaratio": 0.205922647276, "operatingIncome": 1954000000, "operatingIncomeRatio": 0.205922647276, "totalOtherIncomeExpensesNet": -24000000, "incomeBeforeTax": 1454000000, "incomeBeforeTaxRatio": 0.153230055854, "incomeTaxExpense": 584000000, "netIncome": 867000000, "netIncomeRatio": 0.0913689535251, "eps": 0.31, "epsdiluted": 0.31, "weightedAverageShsOut": 2816000000, "weightedAverageShsOutDil": 2826000000, "link": "https://www.sec.gov/Archives/edgar/data/1166691/000119312510237886/0001193125-10-237886-index.htm", "finalLink": "https://www.sec.gov/Archives/edgar/data/1166691/000119312510237886/d10q.htm"}, {"date": "2010-06-30", "symbol": "CMCSA", "fillingDate": "2010-07-28", "acceptedDate": "2010-07-28 13:10:57", "period": "Q2", "revenue": 9525000000, "costOfRevenue": 0.0, "grossProfit": 9525000000, "grossProfitRatio": 1.0, "researchAndDevelopmentExpenses": 0.0, "generalAndAdministrativeExpenses": 1961000000, "sellingAndMarketingExpenses": 0.0, "otherExpenses": 3827000000, "operatingExpenses": 5788000000, "costAndExpenses": 7447000000, "interestExpense": 543000000, "depreciationAndAmortization": 3827000000, "ebitda": 2078000000, "ebitdaratio": 0.218162729659, "operatingIncome": 2078000000, "operatingIncomeRatio": 0.218162729659, "totalOtherIncomeExpensesNet": -35000000, "incomeBeforeTax": 1474000000, "incomeBeforeTaxRatio": 0.154750656168, "incomeTaxExpense": 588000000, "netIncome": 884000000, "netIncomeRatio": 0.0928083989501, "eps": 0.31, "epsdiluted": 0.31, "weightedAverageShsOut": 2823000000, "weightedAverageShsOutDil": 2830000000, "link": "https://www.sec.gov/Archives/edgar/data/1166691/000119312510168718/0001193125-10-168718-index.htm", "finalLink": "https://www.sec.gov/Archives/edgar/data/1166691/000119312510168718/d10q.htm"}, {"date": "2010-03-31", "symbol": "CMCSA", "fillingDate": "2010-04-28", "acceptedDate": "2010-04-28 15:07:49", "period": "Q1", "revenue": 9202000000, "costOfRevenue": 0.0, "grossProfit": 9202000000, "grossProfitRatio": 1.0, "researchAndDevelopmentExpenses": 0.0, "generalAndAdministrativeExpenses": 1905000000, "sellingAndMarketingExpenses": 0.0, "otherExpenses": 3732000000, "operatingExpenses": 5637000000, "costAndExpenses": 7267000000, "interestExpense": 524000000, "depreciationAndAmortization": 3732000000, "ebitda": 1935000000, "ebitdaratio": 0.210280373832, "operatingIncome": 1935000000, "operatingIncomeRatio": 0.210280373832, "totalOtherIncomeExpensesNet": -10000000, "incomeBeforeTax": 1470000000, "incomeBeforeTaxRatio": 0.159747880895, "incomeTaxExpense": 591000000, "netIncome": 866000000, "netIncomeRatio": 0.0941099760922, "eps": 0.31, "epsdiluted": 0.31, "weightedAverageShsOut": 2823000000, "weightedAverageShsOutDil": 2830000000, "link": "https://www.sec.gov/Archives/edgar/data/1166691/000119312510096460/0001193125-10-096460-index.htm", "finalLink": "https://www.sec.gov/Archives/edgar/data/1166691/000119312510096460/d10q.htm"}, {"date": "2009-12-31", "symbol": "CMCSA", "fillingDate": "2010-02-23", "acceptedDate": "2010-02-23 15:47:53", "period": "FY", "revenue": 9181000000, "costOfRevenue": 0.0, "grossProfit": 9181000000, "grossProfitRatio": 1.0, "researchAndDevelopmentExpenses": 0.0, "generalAndAdministrativeExpenses": 1976000000, "sellingAndMarketingExpenses": 0.0, "otherExpenses": 9000000.0, "operatingExpenses": 1976000000, "costAndExpenses": 1976000000, "interestExpense": 520000000, "depreciationAndAmortization": 3796000000, "ebitda": 5613000000, "ebitdaratio": 0.6113713103147805, "operatingIncome": 1817000000, "operatingIncomeRatio": 0.19790872453981048, "totalOtherIncomeExpensesNet": 9000000.0, "incomeBeforeTax": 1350000000, "incomeBeforeTaxRatio": 0.14704280579457576, "incomeTaxExpense": -390000000, "netIncome": 1740000000, "netIncomeRatio": 0.18952183857967542, "eps": 0.0, "epsdiluted": 0.0, "weightedAverageShsOut": 2823000000, "weightedAverageShsOutDil": 2830000000, "link": "https://www.sec.gov/Archives/edgar/data/1166691/000119312510037551/0001193125-10-037551-index.htm", "finalLink": "https://www.sec.gov/Archives/edgar/data/1166691/000119312510037551/d10k.htm"}, {"date": "2009-09-30", "symbol": "CMCSA", "fillingDate": "2009-11-04", "acceptedDate": "2009-11-04 11:37:13", "period": "Q3", "revenue": 8802000000, "costOfRevenue": 0.0, "grossProfit": 8802000000, "grossProfitRatio": 1.0, "researchAndDevelopmentExpenses": 0.0, "generalAndAdministrativeExpenses": 1986000000, "sellingAndMarketingExpenses": 0.0, "otherExpenses": 2000000.0, "operatingExpenses": 1986000000, "costAndExpenses": 1986000000, "interestExpense": 707000000, "depreciationAndAmortization": 3490000000, "ebitda": 5201000000, "ebitdaratio": 0.5908884344467167, "operatingIncome": 1711000000, "operatingIncomeRatio": 0.19438763917291524, "totalOtherIncomeExpensesNet": 2000000.0, "incomeBeforeTax": 1137000000, "incomeBeforeTaxRatio": 0.12917518745739603, "incomeTaxExpense": -203000000, "netIncome": 1340000000, "netIncomeRatio": 0.1522381276982504, "eps": 0.93, "epsdiluted": 0.93, "weightedAverageShsOut": 2823000000, "weightedAverageShsOutDil": 2830000000, "link": "https://www.sec.gov/Archives/edgar/data/1166691/000119312509223314/0001193125-09-223314-index.htm", "finalLink": "https://www.sec.gov/Archives/edgar/data/1166691/000119312509223314/d10q.htm"}, {"date": "2009-06-30", "symbol": "CMCSA", "fillingDate": "2009-08-06", "acceptedDate": "2009-08-06 12:17:45", "period": "Q2", "revenue": 8938000000, "costOfRevenue": 0.0, "grossProfit": 8938000000, "grossProfitRatio": 1.0, "researchAndDevelopmentExpenses": 0.0, "generalAndAdministrativeExpenses": 1858000000, "sellingAndMarketingExpenses": 0.0, "otherExpenses": 12000000, "operatingExpenses": 1858000000, "costAndExpenses": 1858000000, "interestExpense": 551000000, "depreciationAndAmortization": 3545000000, "ebitda": 5420000000, "ebitdaratio": 0.6063996419780712, "operatingIncome": 1875000000, "operatingIncomeRatio": 0.20977847393152832, "totalOtherIncomeExpensesNet": 12000000, "incomeBeforeTax": 1380000000, "incomeBeforeTaxRatio": 0.15439695681360482, "incomeTaxExpense": -424000000, "netIncome": 1804000000, "netIncomeRatio": 0.2018348623853211, "eps": 0.6, "epsdiluted": 0.6, "weightedAverageShsOut": 2823000000, "weightedAverageShsOutDil": 2830000000, "link": "https://www.sec.gov/Archives/edgar/data/1166691/000119312509166759/0001193125-09-166759-index.htm", "finalLink": "https://www.sec.gov/Archives/edgar/data/1166691/000119312509166759/d10q.htm"}, {"date": "2009-03-31", "symbol": "CMCSA", "fillingDate": "2009-04-30", "acceptedDate": "2009-04-30 11:54:17", "period": "Q1", "revenue": 8835000000, "costOfRevenue": 0.0, "grossProfit": 8835000000, "grossProfitRatio": 1.0, "researchAndDevelopmentExpenses": 0.0, "generalAndAdministrativeExpenses": 1826000000, "sellingAndMarketingExpenses": 0.0, "otherExpenses": -1000000.0, "operatingExpenses": 1826000000, "costAndExpenses": 1826000000, "interestExpense": 570000000, "depreciationAndAmortization": 3565000000, "ebitda": 5376000000, "ebitdaratio": 0.6084889643463497, "operatingIncome": 1811000000, "operatingIncomeRatio": 0.20498019241652518, "totalOtherIncomeExpensesNet": -1000000.0, "incomeBeforeTax": 1239000000, "incomeBeforeTaxRatio": 0.1402376910016978, "incomeTaxExpense": -461000000, "netIncome": 1700000000, "netIncomeRatio": 0.19241652518392757, "eps": 0.27, "epsdiluted": 0.27, "weightedAverageShsOut": 6296296296, "weightedAverageShsOutDil": 6296296296, "link": "https://www.sec.gov/Archives/edgar/data/1166691/000119312509093618/0001193125-09-093618-index.htm", "finalLink": "https://www.sec.gov/Archives/edgar/data/1166691/000119312509093618/d10q.htm"}, {"date": "2008-12-31", "symbol": "CMCSA", "fillingDate": "2009-02-20", "acceptedDate": "2009-02-20 13:52:07", "period": "FY", "revenue": 8765000000, "costOfRevenue": 0.0, "grossProfit": 8765000000, "grossProfitRatio": 1.0, "researchAndDevelopmentExpenses": 0.0, "generalAndAdministrativeExpenses": 1216000000, "sellingAndMarketingExpenses": 0.0, "otherExpenses": -590000000, "operatingExpenses": 1216000000, "costAndExpenses": 1216000000, "interestExpense": 599000000, "depreciationAndAmortization": -3836000000, "ebitda": -2079000000, "ebitdaratio": -0.2371933827723902, "operatingIncome": 1757000000, "operatingIncomeRatio": 0.2004563605248146, "totalOtherIncomeExpensesNet": -590000000, "incomeBeforeTax": 581000000, "incomeBeforeTaxRatio": 0.06628636622932116, "incomeTaxExpense": -169000000, "netIncome": 412000000, "netIncomeRatio": 0.04700513405590417, "eps": 0.87, "epsdiluted": 0.87, "weightedAverageShsOut": 2927586206, "weightedAverageShsOutDil": 2927586206, "link": "https://www.sec.gov/Archives/edgar/data/1166691/000119312509033975/0001193125-09-033975-index.htm", "finalLink": "https://www.sec.gov/Archives/edgar/data/1166691/000119312509033975/d10k.htm"}, {"date": "2008-09-30", "symbol": "CMCSA", "fillingDate": "2008-10-29", "acceptedDate": "2008-10-29 16:36:26", "period": "Q3", "revenue": 8549000000, "costOfRevenue": 0.0, "grossProfit": 8549000000, "grossProfitRatio": 1.0, "researchAndDevelopmentExpenses": 0.0, "generalAndAdministrativeExpenses": 2217000000, "sellingAndMarketingExpenses": 0.0, "otherExpenses": 12000000, "operatingExpenses": 2217000000, "costAndExpenses": 2217000000, "interestExpense": 601000000, "depreciationAndAmortization": 3095000000, "ebitda": 4765000000, "ebitdaratio": 0.5573751315943385, "operatingIncome": 1670000000, "operatingIncomeRatio": 0.19534448473505672, "totalOtherIncomeExpensesNet": 12000000, "incomeBeforeTax": 1157000000, "incomeBeforeTaxRatio": 0.13533746637033572, "incomeTaxExpense": -401000000, "netIncome": 771000000, "netIncomeRatio": 0.09018598666510703, "eps": 0.72, "epsdiluted": 0.72, "weightedAverageShsOut": 2965277777, "weightedAverageShsOutDil": 2965277777, "link": "https://www.sec.gov/Archives/edgar/data/1166691/000119312508219067/0001193125-08-219067-index.htm", "finalLink": "https://www.sec.gov/Archives/edgar/data/1166691/000119312508219067/d10q.htm"}, {"date": "2008-06-30", "symbol": "CMCSA", "fillingDate": "2008-07-30", "acceptedDate": "2008-07-30 16:19:24", "period": "Q2", "revenue": 8553000000, "costOfRevenue": 0.0, "grossProfit": 8553000000, "grossProfitRatio": 1.0, "researchAndDevelopmentExpenses": 0.0, "generalAndAdministrativeExpenses": 2111000000, "sellingAndMarketingExpenses": 0.0, "otherExpenses": 25000000, "operatingExpenses": 2111000000, "costAndExpenses": 2111000000, "interestExpense": 618000000, "depreciationAndAmortization": 3091000000, "ebitda": 4841000000, "ebitdaratio": 0.5660002338360809, "operatingIncome": 1750000000, "operatingIncomeRatio": 0.20460657079387348, "totalOtherIncomeExpensesNet": 25000000, "incomeBeforeTax": 1074000000, "incomeBeforeTaxRatio": 0.12556997544721152, "incomeTaxExpense": -455000000, "netIncome": 632000000, "netIncomeRatio": 0.07389220156670175, "eps": 0.46, "epsdiluted": 0.46, "weightedAverageShsOut": 2965217391, "weightedAverageShsOutDil": 2965217391, "link": "https://www.sec.gov/Archives/edgar/data/1166691/000119312508161385/0001193125-08-161385-index.htm", "finalLink": "https://www.sec.gov/Archives/edgar/data/1166691/000119312508161385/d10q.htm"}, {"date": "2008-03-31", "symbol": "CMCSA", "fillingDate": "2008-05-01", "acceptedDate": "2008-05-01 14:08:35", "period": "Q1", "revenue": 8389000000, "costOfRevenue": 0.0, "grossProfit": 8389000000, "grossProfitRatio": 1.0, "researchAndDevelopmentExpenses": 0.0, "generalAndAdministrativeExpenses": 2108000000, "sellingAndMarketingExpenses": 0.0, "otherExpenses": 268000000, "operatingExpenses": 2108000000, "costAndExpenses": 2108000000, "interestExpense": 621000000, "depreciationAndAmortization": 3107000000, "ebitda": 4662000000, "ebitdaratio": 0.5557277387054476, "operatingIncome": 1555000000, "operatingIncomeRatio": 0.18536178328763858, "totalOtherIncomeExpensesNet": 268000000, "incomeBeforeTax": 1246000000, "incomeBeforeTaxRatio": 0.14852783406842293, "incomeTaxExpense": -508000000, "netIncome": 732000000, "netIncomeRatio": 0.08725712242221957, "eps": 0.24, "epsdiluted": 0.24, "weightedAverageShsOut": 3050000000, "weightedAverageShsOutDil": 3050000000, "link": "https://www.sec.gov/Archives/edgar/data/1166691/000119312508098880/0001193125-08-098880-index.htm", "finalLink": "https://www.sec.gov/Archives/edgar/data/1166691/000119312508098880/d10q.htm"}, {"date": "2007-12-31", "symbol": "CMCSA", "fillingDate": "2008-02-20", "acceptedDate": "2008-02-20 11:54:03", "period": "FY", "revenue": 8014000000, "costOfRevenue": 0.0, "grossProfit": 8014000000, "grossProfitRatio": 1.0, "researchAndDevelopmentExpenses": 0.0, "generalAndAdministrativeExpenses": 2029000000, "sellingAndMarketingExpenses": 0.0, "otherExpenses": 9000000.0, "operatingExpenses": 2029000000, "costAndExpenses": 2029000000, "interestExpense": 600000000, "depreciationAndAmortization": 1339000000, "ebitda": 2797000000, "ebitdaratio": 0.3490142251060644, "operatingIncome": 1458000000, "operatingIncomeRatio": 0.18193161966558521, "totalOtherIncomeExpensesNet": 9000000.0, "incomeBeforeTax": 996000000, "incomeBeforeTaxRatio": 0.12428250561517344, "incomeTaxExpense": -400000000, "netIncome": 602000000, "netIncomeRatio": 0.07511854255053656, "eps": 0.84, "epsdiluted": 0.84, "weightedAverageShsOut": 3079761904, "weightedAverageShsOutDil": 3079761904, "link": "https://www.sec.gov/Archives/edgar/data/1166691/000119312508034239/0001193125-08-034239-index.htm", "finalLink": "https://www.sec.gov/Archives/edgar/data/1166691/000119312508034239/d10k.htm"}, {"date": "2007-09-30", "symbol": "CMCSA", "fillingDate": "2007-10-26", "acceptedDate": "2007-10-26 13:42:42", "period": "Q3", "revenue": 7781000000, "costOfRevenue": 0.0, "grossProfit": 7781000000, "grossProfitRatio": 1.0, "researchAndDevelopmentExpenses": 0.0, "generalAndAdministrativeExpenses": 2093000000, "sellingAndMarketingExpenses": 0.0, "otherExpenses": -1000000.0, "operatingExpenses": 2093000000, "costAndExpenses": 2093000000, "interestExpense": 571000000, "depreciationAndAmortization": 1291000000, "ebitda": 2682000000, "ebitdaratio": 0.34468577303688475, "operatingIncome": 1391000000, "operatingIncomeRatio": 0.17876879578460353, "totalOtherIncomeExpensesNet": -1000000.0, "incomeBeforeTax": 965000000, "incomeBeforeTaxRatio": 0.12402004883691042, "incomeTaxExpense": -421000000, "netIncome": 560000000, "netIncomeRatio": 0.07197018378100502, "eps": 0.64, "epsdiluted": 0.64, "weightedAverageShsOut": 3101562500, "weightedAverageShsOutDil": 3101562500, "link": "https://www.sec.gov/Archives/edgar/data/1166691/000119312507226766/0001193125-07-226766-index.htm", "finalLink": "https://www.sec.gov/Archives/edgar/data/1166691/000119312507226766/d10q.htm"}, {"date": "2007-06-30", "symbol": "CMCSA", "fillingDate": "2007-07-27", "acceptedDate": "2007-07-27 14:47:03", "period": "Q2", "revenue": 7712000000, "costOfRevenue": 0.0, "grossProfit": 7712000000, "grossProfitRatio": 1.0, "researchAndDevelopmentExpenses": 0.0, "generalAndAdministrativeExpenses": 1946000000, "sellingAndMarketingExpenses": 0.0, "otherExpenses": 1000000.0, "operatingExpenses": 1946000000, "costAndExpenses": 1946000000, "interestExpense": 550000000, "depreciationAndAmortization": 1252000000, "ebitda": 2720000000, "ebitdaratio": 0.35269709543568467, "operatingIncome": 1468000000, "operatingIncomeRatio": 0.19035269709543567, "totalOtherIncomeExpensesNet": 1000000.0, "incomeBeforeTax": 1029000000, "incomeBeforeTaxRatio": 0.13342842323651452, "incomeTaxExpense": -453000000, "netIncome": 588000000, "netIncomeRatio": 0.0762448132780083, "eps": 0.46, "epsdiluted": 0.46, "weightedAverageShsOut": 3097826086, "weightedAverageShsOutDil": 3097826086, "link": "https://www.sec.gov/Archives/edgar/data/1166691/000119312507164027/0001193125-07-164027-index.htm", "finalLink": "https://www.sec.gov/Archives/edgar/data/1166691/000119312507164027/d10q.htm"}, {"date": "2007-03-31", "symbol": "CMCSA", "fillingDate": "2007-04-27", "acceptedDate": "2007-04-27 12:01:27", "period": "Q1", "revenue": 7388000000, "costOfRevenue": 0.0, "grossProfit": 7388000000, "grossProfitRatio": 1.0, "researchAndDevelopmentExpenses": 0.0, "generalAndAdministrativeExpenses": 1866000000, "sellingAndMarketingExpenses": 0.0, "otherExpenses": 513000000, "operatingExpenses": 1866000000, "costAndExpenses": 1866000000, "interestExpense": 568000000, "depreciationAndAmortization": 1225000000, "ebitda": 2486000000, "ebitdaratio": 0.33649160801299405, "operatingIncome": 1261000000, "operatingIncomeRatio": 0.1706821873308067, "totalOtherIncomeExpensesNet": 513000000, "incomeBeforeTax": 1359000000, "incomeBeforeTaxRatio": 0.1839469409853817, "incomeTaxExpense": -526000000, "netIncome": 837000000, "netIncomeRatio": 0.11329182458040064, "eps": 0.27, "epsdiluted": 0.27, "weightedAverageShsOut": 3100000000, "weightedAverageShsOutDil": 3100000000, "link": "https://www.sec.gov/Archives/edgar/data/1166691/000119312507093032/0001193125-07-093032-index.htm", "finalLink": "https://www.sec.gov/Archives/edgar/data/1166691/000119312507093032/d10q.htm"}, {"date": "2006-12-31", "symbol": "CMCSA", "fillingDate": "2007-02-26", "acceptedDate": "2007-02-26 12:08:01", "period": "FY", "revenue": 7031000000, "costOfRevenue": 0.0, "grossProfit": 7031000000, "grossProfitRatio": 1.0, "researchAndDevelopmentExpenses": 0.0, "generalAndAdministrativeExpenses": 1986000000, "sellingAndMarketingExpenses": 0.0, "otherExpenses": -21000000, "operatingExpenses": 1986000000, "costAndExpenses": 1986000000, "interestExpense": 562000000, "depreciationAndAmortization": 1080000000, "ebitda": 2298000000, "ebitdaratio": 0.32683828758355854, "operatingIncome": 1218000000, "operatingIncomeRatio": 0.17323282605603754, "totalOtherIncomeExpensesNet": -21000000, "incomeBeforeTax": 652000000, "incomeBeforeTaxRatio": 0.09273218603328118, "incomeTaxExpense": -221000000, "netIncome": 390000000, "netIncomeRatio": 0.05546863888493813, "eps": 0.71, "epsdiluted": 0.71, "weightedAverageShsOut": 3567605633, "weightedAverageShsOutDil": 3567605633, "link": "https://www.sec.gov/Archives/edgar/data/1166691/000119312507039301/0001193125-07-039301-index.htm", "finalLink": "https://www.sec.gov/Archives/edgar/data/1166691/000119312507039301/d10k.htm"}, {"date": "2006-09-30", "symbol": "CMCSA", "fillingDate": "2006-10-31", "acceptedDate": "2006-10-30 21:10:38", "period": "Q3", "revenue": 5806000000, "costOfRevenue": 0.0, "grossProfit": 5806000000, "grossProfitRatio": 1.0, "researchAndDevelopmentExpenses": 0.0, "generalAndAdministrativeExpenses": 1538000000, "sellingAndMarketingExpenses": 0.0, "otherExpenses": 97000000, "operatingExpenses": 1538000000, "costAndExpenses": 1538000000, "interestExpense": 530000000, "depreciationAndAmortization": 858000000, "ebitda": 1980000000, "ebitdaratio": 0.3410265242852222, "operatingIncome": 1122000000, "operatingIncomeRatio": 0.1932483637616259, "totalOtherIncomeExpensesNet": 97000000, "incomeBeforeTax": 1484000000, "incomeBeforeTaxRatio": 0.2555976575955908, "incomeTaxExpense": -600000000, "netIncome": 1217000000, "netIncomeRatio": 0.20961074750258354, "eps": 0.85, "epsdiluted": 0.85, "weightedAverageShsOut": 2521176470, "weightedAverageShsOutDil": 2521176470, "link": "https://www.sec.gov/Archives/edgar/data/1166691/000119312506218354/0001193125-06-218354-index.htm", "finalLink": "https://www.sec.gov/Archives/edgar/data/1166691/000119312506218354/d10q.htm"}, {"date": "2006-06-30", "symbol": "CMCSA", "fillingDate": "2006-07-28", "acceptedDate": "2006-07-28 10:59:54", "period": "Q2", "revenue": 6228000000, "costOfRevenue": 0.0, "grossProfit": 6228000000, "grossProfitRatio": 1.0, "researchAndDevelopmentExpenses": 0.0, "generalAndAdministrativeExpenses": 1486000000, "sellingAndMarketingExpenses": 0.0, "otherExpenses": 85000000, "operatingExpenses": 1486000000, "costAndExpenses": 1486000000, "interestExpense": 496000000, "depreciationAndAmortization": 958000000, "ebitda": 2187000000, "ebitdaratio": 0.3511560693641618, "operatingIncome": 1229000000, "operatingIncomeRatio": 0.19733461785484907, "totalOtherIncomeExpensesNet": 85000000, "incomeBeforeTax": 818000000, "incomeBeforeTaxRatio": 0.1313423249839435, "incomeTaxExpense": -362000000, "netIncome": 460000000, "netIncomeRatio": 0.07385998715478484, "eps": 0.44, "epsdiluted": 0.44, "weightedAverageShsOut": 2104545454, "weightedAverageShsOutDil": 2104545454, "link": "https://www.sec.gov/Archives/edgar/data/1166691/000119312506155589/0001193125-06-155589-index.htm", "finalLink": "https://www.sec.gov/Archives/edgar/data/1166691/000119312506155589/d10q.htm"}, {"date": "2006-03-31", "symbol": "CMCSA", "fillingDate": "2006-04-28", "acceptedDate": "2006-04-28 11:43:23", "period": "Q1", "revenue": 5901000000, "costOfRevenue": 0.0, "grossProfit": 5901000000, "grossProfitRatio": 1.0, "researchAndDevelopmentExpenses": 0.0, "generalAndAdministrativeExpenses": 1504000000, "sellingAndMarketingExpenses": 0.0, "otherExpenses": 12000000, "operatingExpenses": 1504000000, "costAndExpenses": 1504000000, "interestExpense": 476000000, "depreciationAndAmortization": 932000000, "ebitda": 1982000000, "ebitdaratio": 0.33587527537705475, "operatingIncome": 1050000000, "operatingIncomeRatio": 0.17793594306049823, "totalOtherIncomeExpensesNet": 12000000, "incomeBeforeTax": 640000000, "incomeBeforeTaxRatio": 0.10845619386544654, "incomeTaxExpense": -164000000, "netIncome": 466000000, "netIncomeRatio": 0.07896966615827826, "eps": 0.22, "epsdiluted": 0.22, "weightedAverageShsOut": 2118181818, "weightedAverageShsOutDil": 2118181818, "link": "https://www.sec.gov/Archives/edgar/data/1166691/000119312506092286/0001193125-06-092286-index.htm", "finalLink": "https://www.sec.gov/Archives/edgar/data/1166691/000119312506092286/d10q.htm"}, {"date": "2005-12-31", "symbol": "CMCSA", "fillingDate": "2006-02-22", "acceptedDate": "2006-02-22 16:05:46", "period": "FY", "revenue": 5716000000, "costOfRevenue": 0.0, "grossProfit": 5716000000, "grossProfitRatio": 1.0, "researchAndDevelopmentExpenses": 0.0, "generalAndAdministrativeExpenses": 1500000000, "sellingAndMarketingExpenses": 0.0, "otherExpenses": 5000000.0, "operatingExpenses": 1500000000, "costAndExpenses": 1500000000, "interestExpense": 462000000, "depreciationAndAmortization": -2679000000, "ebitda": -1786000000, "ebitdaratio": -0.31245626312106367, "operatingIncome": 893000000, "operatingIncomeRatio": 0.15622813156053184, "totalOtherIncomeExpensesNet": 5000000.0, "incomeBeforeTax": 464000000, "incomeBeforeTaxRatio": 0.08117564730580826, "incomeTaxExpense": -319000000, "netIncome": 133000000, "netIncomeRatio": 0.023268019594121763, "eps": 0.42, "epsdiluted": 0.42, "weightedAverageShsOut": 2209523809, "weightedAverageShsOutDil": 2209523809, "link": "https://www.sec.gov/Archives/edgar/data/1166691/000119312506036698/0001193125-06-036698-index.htm", "finalLink": "https://www.sec.gov/Archives/edgar/data/1166691/000119312506036698/d10k.htm"}, {"date": "2005-09-30", "symbol": "CMCSA", "fillingDate": "2005-11-03", "acceptedDate": "2005-11-03 13:59:57", "period": "Q3", "revenue": 10941000000, "costOfRevenue": 0.0, "grossProfit": 10941000000, "grossProfitRatio": 1.0, "researchAndDevelopmentExpenses": 0.0, "generalAndAdministrativeExpenses": 2848000000, "sellingAndMarketingExpenses": 0.0, "otherExpenses": -91000000, "operatingExpenses": 2848000000, "costAndExpenses": 2848000000, "interestExpense": 867000000, "depreciationAndAmortization": 914000000, "ebitda": 2663000000, "ebitdaratio": 0.24339639886664838, "operatingIncome": 1749000000, "operatingIncomeRatio": 0.1598574170551138, "totalOtherIncomeExpensesNet": -91000000, "incomeBeforeTax": 645000000, "incomeBeforeTaxRatio": 0.05895256375102824, "incomeTaxExpense": -283000000, "netIncome": 365000000, "netIncomeRatio": 0.033360753130426836, "eps": 0.36, "epsdiluted": 0.36, "weightedAverageShsOut": 2208333333, "weightedAverageShsOutDil": 2208333333, "link": "https://www.sec.gov/Archives/edgar/data/1166691/000119312505215451/0001193125-05-215451-index.htm", "finalLink": "https://www.sec.gov/Archives/edgar/data/1166691/000119312505215451/d10q.htm"}, {"date": "2005-06-30", "symbol": "CMCSA", "fillingDate": "2005-08-02", "acceptedDate": "2005-08-02 17:19:28", "period": "Q2", "revenue": 235000000, "costOfRevenue": 0.0, "grossProfit": 235000000, "grossProfitRatio": 1.0, "researchAndDevelopmentExpenses": 0.0, "generalAndAdministrativeExpenses": 69000000, "sellingAndMarketingExpenses": 0.0, "otherExpenses": 138000000, "operatingExpenses": 69000000, "costAndExpenses": 69000000, "interestExpense": 23000000, "depreciationAndAmortization": 891000000, "ebitda": 1073000000, "ebitdaratio": 4.56595744680851, "operatingIncome": 182000000, "operatingIncomeRatio": 0.774468085106383, "totalOtherIncomeExpensesNet": 138000000, "incomeBeforeTax": 481000000, "incomeBeforeTaxRatio": 2.046808510638298, "incomeTaxExpense": -191000000, "netIncome": 287000000, "netIncomeRatio": 1.221276595744681, "eps": 0.19, "epsdiluted": 0.19, "weightedAverageShsOut": 2263157894, "weightedAverageShsOutDil": 2263157894, "link": "https://www.sec.gov/Archives/edgar/data/1166691/000104746905020515/0001047469-05-020515-index.htm", "finalLink": "https://www.sec.gov/Archives/edgar/data/1166691/000104746905020515/a2161512z10-q.htm"}, {"date": "2005-03-31", "symbol": "CMCSA", "fillingDate": "2005-05-05", "acceptedDate": "2005-05-05 15:15:05", "period": "Q1", "revenue": 5363000000, "costOfRevenue": 0.0, "grossProfit": 5363000000, "grossProfitRatio": 1.0, "researchAndDevelopmentExpenses": 0.0, "generalAndAdministrativeExpenses": 1376000000, "sellingAndMarketingExpenses": 0.0, "otherExpenses": -108000000, "operatingExpenses": 1376000000, "costAndExpenses": 1376000000, "interestExpense": 444000000, "depreciationAndAmortization": 874000000, "ebitda": 1740000000, "ebitdaratio": 0.324445273168003, "operatingIncome": 866000000, "operatingIncomeRatio": 0.16147678538131643, "totalOtherIncomeExpensesNet": -108000000, "incomeBeforeTax": 290000000, "incomeBeforeTaxRatio": 0.05407421219466716, "incomeTaxExpense": -140000000, "netIncome": 143000000, "netIncomeRatio": 0.02666418049599105, "eps": 0.06, "epsdiluted": 0.06, "weightedAverageShsOut": 2383333333, "weightedAverageShsOutDil": 2383333333, "link": "https://www.sec.gov/Archives/edgar/data/1166691/000104746905013486/0001047469-05-013486-index.htm", "finalLink": "https://www.sec.gov/Archives/edgar/data/1166691/000104746905013486/a2157164z10-q.htm"}, {"date": "2004-12-31", "symbol": "CMCSA", "fillingDate": "2005-02-23", "acceptedDate": "2005-02-23 09:28:10", "period": "FY", "revenue": 416000000, "costOfRevenue": 0.0, "grossProfit": 416000000, "grossProfitRatio": 1.0, "researchAndDevelopmentExpenses": 0.0, "generalAndAdministrativeExpenses": 168000000, "sellingAndMarketingExpenses": 0.0, "otherExpenses": 0.0, "operatingExpenses": 168000000, "costAndExpenses": 168000000, "interestExpense": 289000000, "depreciationAndAmortization": -2480000000, "ebitda": -2234000000, "ebitdaratio": -5.3701923076923075, "operatingIncome": 246000000, "operatingIncomeRatio": 0.5913461538461539, "totalOtherIncomeExpensesNet": 0.0, "incomeBeforeTax": 955000000, "incomeBeforeTaxRatio": 2.295673076923077, "incomeTaxExpense": 15000000, "netIncome": 970000000, "netIncomeRatio": 2.331730769230769, "eps": 0.0, "epsdiluted": 0.0, "weightedAverageShsOut": 0.0, "weightedAverageShsOutDil": 0.0, "link": "https://www.sec.gov/Archives/edgar/data/1166691/000104746905004437/0001047469-05-004437-index.htm", "finalLink": "https://www.sec.gov/Archives/edgar/data/1166691/000104746905004437/a2141960z10-k.htm"}, {"date": "2004-09-30", "symbol": "CMCSA", "fillingDate": "2004-10-29", "acceptedDate": "2004-10-29 17:16:44", "period": "Q3", "revenue": 5098000000, "costOfRevenue": 0.0, "grossProfit": 5098000000, "grossProfitRatio": 1.0, "researchAndDevelopmentExpenses": 0.0, "generalAndAdministrativeExpenses": 1467000000, "sellingAndMarketingExpenses": 0.0, "otherExpenses": 0.0, "operatingExpenses": 1467000000, "costAndExpenses": 1467000000, "interestExpense": 44000000, "depreciationAndAmortization": 869000000, "ebitda": 1490000000, "ebitdaratio": 0.292271479011377, "operatingIncome": 621000000, "operatingIncomeRatio": 0.12181247548058062, "totalOtherIncomeExpensesNet": 63000000, "incomeBeforeTax": 354000000, "incomeBeforeTaxRatio": 0.06943899568458219, "incomeTaxExpense": -270000000, "netIncome": 624000000, "netIncomeRatio": 0.1224009415457042, "eps": 0.0, "epsdiluted": 0.0, "weightedAverageShsOut": 0.0, "weightedAverageShsOutDil": 0.0, "link": "https://www.sec.gov/Archives/edgar/data/1166691/000095015904000944/0000950159-04-000944-index.htm", "finalLink": "https://www.sec.gov/Archives/edgar/data/1166691/000095015904000944/comcast10qsep2004.htm"}, {"date": "2004-06-30", "symbol": "CMCSA", "fillingDate": "2004-07-30", "acceptedDate": "2004-07-30 14:59:18", "period": "Q2", "revenue": 5066000000, "costOfRevenue": 0.0, "grossProfit": 5066000000, "grossProfitRatio": 1.0, "researchAndDevelopmentExpenses": 0.0, "generalAndAdministrativeExpenses": 1375000000, "sellingAndMarketingExpenses": 0.0, "otherExpenses": 0.0, "operatingExpenses": 1375000000, "costAndExpenses": 1375000000, "interestExpense": 131000000, "depreciationAndAmortization": 813000000, "ebitda": 1610000000, "ebitdaratio": 0.3178049743387288, "operatingIncome": 797000000, "operatingIncomeRatio": 0.1573233320173707, "totalOtherIncomeExpensesNet": 12000000, "incomeBeforeTax": 381000000, "incomeBeforeTaxRatio": 0.07520726411369917, "incomeTaxExpense": -339000000, "netIncome": 720000000, "netIncomeRatio": 0.1421239636794315, "eps": 0.0, "epsdiluted": 0.0, "weightedAverageShsOut": 0.0, "weightedAverageShsOutDil": 0.0, "link": "https://www.sec.gov/Archives/edgar/data/1166691/000095015904000712/0000950159-04-000712-index.htm", "finalLink": "https://www.sec.gov/Archives/edgar/data/1166691/000095015904000712/comcast10qjun2004.htm"}, {"date": "2004-03-31", "symbol": "CMCSA", "fillingDate": "2004-05-05", "acceptedDate": "2004-05-05 15:40:12", "period": "Q1", "revenue": 4908000000, "costOfRevenue": 0.0, "grossProfit": 4908000000, "grossProfitRatio": 1.0, "researchAndDevelopmentExpenses": 0.0, "generalAndAdministrativeExpenses": 1360000000, "sellingAndMarketingExpenses": 0.0, "otherExpenses": 0.0, "operatingExpenses": 1360000000, "costAndExpenses": 1360000000, "interestExpense": 94000000, "depreciationAndAmortization": 798000000, "ebitda": 1403000000, "ebitdaratio": 0.2858598207008965, "operatingIncome": 605000000, "operatingIncomeRatio": 0.1232681336593317, "totalOtherIncomeExpensesNet": 7000000.0, "incomeBeforeTax": 280000000, "incomeBeforeTaxRatio": 0.05704971475142624, "incomeTaxExpense": -199000000, "netIncome": 479000000, "netIncomeRatio": 0.0975957620211899, "eps": 0.0, "epsdiluted": 0.0, "weightedAverageShsOut": 0.0, "weightedAverageShsOutDil": 0.0, "link": "https://www.sec.gov/Archives/edgar/data/1166691/000095015904000476/0000950159-04-000476-index.htm", "finalLink": "https://www.sec.gov/Archives/edgar/data/1166691/000095015904000476/comcast10qmar2004.htm"}]