[{"date": "2020-02-02", "symbol": "LULU", "fillingDate": "2020-03-26", "acceptedDate": "2020-03-26 16:18:13", "period": "FY", "revenue": 3979296000, "costOfRevenue": 586665000, "grossProfit": 3392631000, "grossProfitRatio": 0.8525706557139755, "researchAndDevelopmentExpenses": 0.0, "generalAndAdministrativeExpenses": 394339000, "sellingAndMarketingExpenses": 0.0, "otherExpenses": 2129000.0, "operatingExpenses": 394339000, "costAndExpenses": 981004000, "interestExpense": 0.0, "depreciationAndAmortization": 47489000, "ebitda": 463976000, "ebitdaratio": 0.116597508705, "operatingIncome": 416487000, "operatingIncomeRatio": 0.104663488215, "totalOtherIncomeExpensesNet": 2129000.0, "incomeBeforeTax": 418616000, "incomeBeforeTaxRatio": 0.105198507475, "incomeTaxExpense": 120595000, "netIncome": 298021000, "netIncomeRatio": 0.0748928956278, "eps": 2.28, "epsdiluted": 2.28, "weightedAverageShsOut": 130393000, "weightedAverageShsOutDil": 130955000, "link": "https://www.sec.gov/Archives/edgar/data/1397187/000139718720000012/0001397187-20-000012-index.htm", "finalLink": "https://www.sec.gov/Archives/edgar/data/1397187/000139718720000012/lulu-20200202x10k.htm"}, {"date": "2019-11-03", "symbol": "LULU", "fillingDate": "2019-12-11", "acceptedDate": "2019-12-11 16:34:24", "period": "Q3", "revenue": 916138000, "costOfRevenue": 411094000, "grossProfit": 505044000, "grossProfitRatio": 0.5512750262515036, "researchAndDevelopmentExpenses": 0.0, "generalAndAdministrativeExpenses": 329215000, "sellingAndMarketingExpenses": 0.0, "otherExpenses": 1925000.0, "operatingExpenses": 329215000, "costAndExpenses": 740309000, "interestExpense": 0.0, "depreciationAndAmortization": 44022000, "ebitda": 219851000, "ebitdaratio": 0.2399758551659248, "operatingIncome": 175829000, "operatingIncomeRatio": 0.19192414243269026, "totalOtherIncomeExpensesNet": 1925000.0, "incomeBeforeTax": 177754000, "incomeBeforeTaxRatio": 0.1940253542588562, "incomeTaxExpense": 51772000, "netIncome": 125982000, "netIncomeRatio": 0.13751421729040822, "eps": 0.97, "epsdiluted": 0.96, "weightedAverageShsOut": 130420000, "weightedAverageShsOutDil": 130975000, "link": "https://www.sec.gov/Archives/edgar/data/1397187/000139718719000072/0001397187-19-000072-index.htm", "finalLink": "https://www.sec.gov/Archives/edgar/data/1397187/000139718719000072/lulu-20191103x10q.htm"}, {"date": "2019-08-04", "symbol": "LULU", "fillingDate": "2019-09-05", "acceptedDate": "2019-09-05 16:17:05", "period": "Q2", "revenue": 883352000, "costOfRevenue": 397556000, "grossProfit": 485796000, "grossProfitRatio": 0.5499461143462628, "researchAndDevelopmentExpenses": 0.0, "generalAndAdministrativeExpenses": 317814000, "sellingAndMarketingExpenses": 0.0, "otherExpenses": 1850000.0, "operatingExpenses": 317814000, "costAndExpenses": 715370000, "interestExpense": 0.0, "depreciationAndAmortization": 37599000, "ebitda": 205581000, "ebitdaratio": 0.232728289515, "operatingIncome": 167982000, "operatingIncomeRatio": 0.190164283321, "totalOtherIncomeExpensesNet": 1850000.0, "incomeBeforeTax": 169832000, "incomeBeforeTaxRatio": 0.192258578687, "incomeTaxExpense": 44842000, "netIncome": 124990000, "netIncomeRatio": 0.141495123122, "eps": 0.96, "epsdiluted": 0.95, "weightedAverageShsOut": 130489000, "weightedAverageShsOutDil": 131060000, "link": "https://www.sec.gov/Archives/edgar/data/1397187/000139718719000064/0001397187-19-000064-index.htm", "finalLink": "https://www.sec.gov/Archives/edgar/data/1397187/000139718719000064/lulu-20190804x10q.htm"}, {"date": "2019-05-05", "symbol": "LULU", "fillingDate": "2019-06-12", "acceptedDate": "2019-06-12 16:16:36", "period": "Q1", "revenue": 782315000, "costOfRevenue": 360595000, "grossProfit": 421720000, "grossProfitRatio": 0.5390667442142871, "researchAndDevelopmentExpenses": 0.0, "generalAndAdministrativeExpenses": 292908000, "sellingAndMarketingExpenses": 0.0, "otherExpenses": 2379000.0, "operatingExpenses": 292908000, "costAndExpenses": 653503000, "interestExpense": 0.0, "depreciationAndAmortization": 32823000, "ebitda": 161635000, "ebitdaratio": 0.206611147683, "operatingIncome": 128812000, "operatingIncomeRatio": 0.164654902437, "totalOtherIncomeExpensesNet": 2379000.0, "incomeBeforeTax": 131191000, "incomeBeforeTaxRatio": 0.167695876981, "incomeTaxExpense": 34588000, "netIncome": 96603000, "netIncomeRatio": 0.123483507283, "eps": 0.74, "epsdiluted": 0.74, "weightedAverageShsOut": 130694000, "weightedAverageShsOutDil": 131337000, "link": "https://www.sec.gov/Archives/edgar/data/1397187/000139718719000044/0001397187-19-000044-index.htm", "finalLink": "https://www.sec.gov/Archives/edgar/data/1397187/000139718719000044/lulu-20190505x10q.htm"}, {"date": "2019-02-03", "symbol": "LULU", "fillingDate": "2019-03-27", "acceptedDate": "2019-03-27 16:14:50", "period": "FY", "revenue": 1167458000, "costOfRevenue": 498875000, "grossProfit": 668583000, "grossProfitRatio": 0.5726827003626683, "researchAndDevelopmentExpenses": 0.0, "generalAndAdministrativeExpenses": 337163000, "sellingAndMarketingExpenses": 0.0, "otherExpenses": 2861000.0, "operatingExpenses": 337163000, "costAndExpenses": 836038000, "interestExpense": 0.0, "depreciationAndAmortization": 35369000, "ebitda": 366789000, "ebitdaratio": 0.314177469339, "operatingIncome": 331420000, "operatingIncomeRatio": 0.28388173279, "totalOtherIncomeExpensesNet": 2861000.0, "incomeBeforeTax": 334281000, "incomeBeforeTaxRatio": 0.286332356282, "incomeTaxExpense": 115816000, "netIncome": 218465000, "netIncomeRatio": 0.187128787502, "eps": 1.65, "epsdiluted": 1.64, "weightedAverageShsOut": 133413000, "weightedAverageShsOutDil": 133971000, "link": "https://www.sec.gov/Archives/edgar/data/1397187/000139718719000011/0001397187-19-000011-index.htm", "finalLink": "https://www.sec.gov/Archives/edgar/data/1397187/000139718719000011/lulu-20190203x10k.htm"}, {"date": "2018-10-28", "symbol": "LULU", "fillingDate": "2018-12-06", "acceptedDate": "2018-12-06 16:15:01", "period": "Q3", "revenue": 747655000, "costOfRevenue": 340878000, "grossProfit": 406777000, "grossProfitRatio": 0.5440704603058898, "researchAndDevelopmentExpenses": 0.0, "generalAndAdministrativeExpenses": 270874000, "sellingAndMarketingExpenses": 0.0, "otherExpenses": 2044000.0, "operatingExpenses": 270874000, "costAndExpenses": 611752000, "interestExpense": 0.0, "depreciationAndAmortization": 31686000, "ebitda": 167589000, "ebitdaratio": 0.224152851248, "operatingIncome": 135903000, "operatingIncomeRatio": 0.181772341521, "totalOtherIncomeExpensesNet": 2044000.0, "incomeBeforeTax": 137947000, "incomeBeforeTaxRatio": 0.18450622279, "incomeTaxExpense": 43534000, "netIncome": 94413000, "netIncomeRatio": 0.126278831814, "eps": 0.71, "epsdiluted": 0.71, "weightedAverageShsOut": 133964000, "weightedAverageShsOutDil": 134512000, "link": "https://www.sec.gov/Archives/edgar/data/1397187/000139718718000053/0001397187-18-000053-index.htm", "finalLink": "https://www.sec.gov/Archives/edgar/data/1397187/000139718718000053/lulu-20181028x10q.htm"}, {"date": "2018-07-29", "symbol": "LULU", "fillingDate": "2018-08-30", "acceptedDate": "2018-08-30 16:18:30", "period": "Q2", "revenue": 723500000, "costOfRevenue": 327306000, "grossProfit": 396194000, "grossProfitRatio": 0.5476074637180374, "researchAndDevelopmentExpenses": 0.0, "generalAndAdministrativeExpenses": 261986000, "sellingAndMarketingExpenses": 0.0, "otherExpenses": 1591000.0, "operatingExpenses": 261986000, "costAndExpenses": 589292000, "interestExpense": 0.0, "depreciationAndAmortization": 28656000, "ebitda": 162864000, "ebitdaratio": 0.225105736006, "operatingIncome": 134208000, "operatingIncomeRatio": 0.185498272287, "totalOtherIncomeExpensesNet": 1591000.0, "incomeBeforeTax": 135799000, "incomeBeforeTaxRatio": 0.187697304768, "incomeTaxExpense": 40029000, "netIncome": 95770000, "netIncomeRatio": 0.132370421562, "eps": 0.72, "epsdiluted": 0.71, "weightedAverageShsOut": 134744000, "weightedAverageShsOutDil": 135230000, "link": "https://www.sec.gov/Archives/edgar/data/1397187/000139718718000047/0001397187-18-000047-index.htm", "finalLink": "https://www.sec.gov/Archives/edgar/data/1397187/000139718718000047/lulu-20180729x10q.htm"}, {"date": "2018-04-29", "symbol": "LULU", "fillingDate": "2018-05-31", "acceptedDate": "2018-05-31 16:16:09", "period": "Q1", "revenue": 649706000, "costOfRevenue": 304973000, "grossProfit": 344733000, "grossProfitRatio": 0.5305984553013209, "researchAndDevelopmentExpenses": 0.0, "generalAndAdministrativeExpenses": 240428000, "sellingAndMarketingExpenses": 0.0, "otherExpenses": 2918000.0, "operatingExpenses": 240428000, "costAndExpenses": 545401000, "interestExpense": 0.0, "depreciationAndAmortization": 26773000, "ebitda": 131078000, "ebitdaratio": 0.201749714486, "operatingIncome": 104305000, "operatingIncomeRatio": 0.160541845081, "totalOtherIncomeExpensesNet": 2918000.0, "incomeBeforeTax": 107223000, "incomeBeforeTaxRatio": 0.165033107282, "incomeTaxExpense": 32070000, "netIncome": 75153000, "netIncomeRatio": 0.11567231948, "eps": 0.55, "epsdiluted": 0.55, "weightedAverageShsOut": 135502000, "weightedAverageShsOutDil": 135931000, "link": "https://www.sec.gov/Archives/edgar/data/1397187/000139718718000030/0001397187-18-000030-index.htm", "finalLink": "https://www.sec.gov/Archives/edgar/data/1397187/000139718718000030/lulu-20180429x10q.htm"}, {"date": "2018-01-28", "symbol": "LULU", "fillingDate": "2018-03-27", "acceptedDate": "2018-03-27 16:17:01", "period": "FY", "revenue": 928802000, "costOfRevenue": 406291000, "grossProfit": 522511000, "grossProfitRatio": 0.5625644647621344, "researchAndDevelopmentExpenses": 0.0, "generalAndAdministrativeExpenses": 264232000, "sellingAndMarketingExpenses": 0.0, "otherExpenses": 1226000.0, "operatingExpenses": 264232000, "costAndExpenses": 670523000, "interestExpense": 0.0, "depreciationAndAmortization": 28106000, "ebitda": 284384000, "ebitdaratio": 0.306183664549, "operatingIncome": 256278000, "operatingIncomeRatio": 0.27592317846, "totalOtherIncomeExpensesNet": 1226000.0, "incomeBeforeTax": 257504000, "incomeBeforeTaxRatio": 0.277243158391, "incomeTaxExpense": 137743000, "netIncome": 119761000, "netIncomeRatio": 0.128941367482, "eps": 0.88, "epsdiluted": 0.88, "weightedAverageShsOut": 135988000, "weightedAverageShsOutDil": 136198000, "link": "https://www.sec.gov/Archives/edgar/data/1397187/000139718718000013/0001397187-18-000013-index.htm", "finalLink": "https://www.sec.gov/Archives/edgar/data/1397187/000139718718000013/lulu-20180128x10k.htm"}, {"date": "2017-10-29", "symbol": "LULU", "fillingDate": "2017-12-06", "acceptedDate": "2017-12-06 16:16:39", "period": "Q3", "revenue": 619018000, "costOfRevenue": 297056000, "grossProfit": 321962000, "grossProfitRatio": 0.5201173471530715, "researchAndDevelopmentExpenses": 0.0, "generalAndAdministrativeExpenses": 215367000, "sellingAndMarketingExpenses": 0.0, "otherExpenses": 1052000.0, "operatingExpenses": 215367000, "costAndExpenses": 512423000, "interestExpense": 0.0, "depreciationAndAmortization": 28560000, "ebitda": 114148000, "ebitdaratio": 0.184401745991, "operatingIncome": 85588000, "operatingIncomeRatio": 0.13826415387, "totalOtherIncomeExpensesNet": 1052000.0, "incomeBeforeTax": 86640000, "incomeBeforeTaxRatio": 0.139963619798, "incomeTaxExpense": 27696000, "netIncome": 58944000, "netIncomeRatio": 0.0952217867655, "eps": 0.43, "epsdiluted": 0.44, "weightedAverageShsOut": 136191000, "weightedAverageShsOutDil": 136357000, "link": "https://www.sec.gov/Archives/edgar/data/1397187/000139718717000048/0001397187-17-000048-index.htm", "finalLink": "https://www.sec.gov/Archives/edgar/data/1397187/000139718717000048/lulu-20171029x10q.htm"}, {"date": "2017-07-30", "symbol": "LULU", "fillingDate": "2017-08-31", "acceptedDate": "2017-08-31 16:18:29", "period": "Q2", "revenue": 581054000, "costOfRevenue": 283632000, "grossProfit": 297422000, "grossProfitRatio": 0.5118663669813821, "researchAndDevelopmentExpenses": 0.0, "generalAndAdministrativeExpenses": 225524000, "sellingAndMarketingExpenses": 0.0, "otherExpenses": 812000.0, "operatingExpenses": 225524000, "costAndExpenses": 509156000, "interestExpense": 0.0, "depreciationAndAmortization": 28406000, "ebitda": 97118000, "ebitdaratio": 0.167141091878, "operatingIncome": 68712000, "operatingIncomeRatio": 0.118254069329, "totalOtherIncomeExpensesNet": 812000.0, "incomeBeforeTax": 69524000, "incomeBeforeTaxRatio": 0.119651529806, "incomeTaxExpense": 20813000, "netIncome": 48711000, "netIncomeRatio": 0.0838321395258, "eps": 0.36, "epsdiluted": 0.35, "weightedAverageShsOut": 136604000, "weightedAverageShsOutDil": 136747000, "link": "https://www.sec.gov/Archives/edgar/data/1397187/000139718717000039/0001397187-17-000039-index.htm", "finalLink": "https://www.sec.gov/Archives/edgar/data/1397187/000139718717000039/lulu-20170730x10q.htm"}, {"date": "2017-04-30", "symbol": "LULU", "fillingDate": "2017-06-01", "acceptedDate": "2017-06-01 16:15:30", "period": "Q1", "revenue": 520307000, "costOfRevenue": 263412000, "grossProfit": 256895000, "grossProfitRatio": 0.4937373512176465, "researchAndDevelopmentExpenses": 0.0, "generalAndAdministrativeExpenses": 199141000, "sellingAndMarketingExpenses": 0.0, "otherExpenses": 907000.0, "operatingExpenses": 199141000, "costAndExpenses": 462553000, "interestExpense": 0.0, "depreciationAndAmortization": 23163000, "ebitda": 68586000, "ebitdaratio": 0.131818330332, "operatingIncome": 45423000, "operatingIncomeRatio": 0.0873003822743, "totalOtherIncomeExpensesNet": 907000.0, "incomeBeforeTax": 46330000, "incomeBeforeTaxRatio": 0.0890435838841, "incomeTaxExpense": 15084000, "netIncome": 31246000, "netIncomeRatio": 0.0600530071669, "eps": 0.23, "epsdiluted": 0.23, "weightedAverageShsOut": 137037000, "weightedAverageShsOutDil": 137192000, "link": "https://www.sec.gov/Archives/edgar/data/1397187/000139718717000027/0001397187-17-000027-index.htm", "finalLink": "https://www.sec.gov/Archives/edgar/data/1397187/000139718717000027/lulu-20170430x10q.htm"}, {"date": "2017-01-29", "symbol": "LULU", "fillingDate": "2017-03-29", "acceptedDate": "2017-03-29 16:13:26", "period": "FY", "revenue": 789940000, "costOfRevenue": 362041000, "grossProfit": 427899000, "grossProfitRatio": 0.5416854444641365, "researchAndDevelopmentExpenses": 0.0, "generalAndAdministrativeExpenses": 231270000, "sellingAndMarketingExpenses": 0.0, "otherExpenses": 857000.0, "operatingExpenses": 231270000, "costAndExpenses": 593311000, "interestExpense": 0.0, "depreciationAndAmortization": 24056000, "ebitda": 220685000, "ebitdaratio": 0.279369319189, "operatingIncome": 196629000, "operatingIncomeRatio": 0.248916373395, "totalOtherIncomeExpensesNet": 857000.0, "incomeBeforeTax": 197486000, "incomeBeforeTaxRatio": 0.250001265919, "incomeTaxExpense": 61351000, "netIncome": 136135000, "netIncomeRatio": 0.172335873611, "eps": 0.99, "epsdiluted": 0.99, "weightedAverageShsOut": 137086000, "weightedAverageShsOutDil": 137302000, "link": "https://www.sec.gov/Archives/edgar/data/1397187/000139718717000008/0001397187-17-000008-index.htm", "finalLink": "https://www.sec.gov/Archives/edgar/data/1397187/000139718717000008/lulu-20170129x10k.htm"}, {"date": "2016-10-30", "symbol": "LULU", "fillingDate": "2016-12-07", "acceptedDate": "2016-12-07 16:13:19", "period": "Q3", "revenue": 544416000, "costOfRevenue": 265990000, "grossProfit": 278426000, "grossProfitRatio": 0.5114214130370893, "researchAndDevelopmentExpenses": 0.0, "generalAndAdministrativeExpenses": 185451000, "sellingAndMarketingExpenses": 0.0, "otherExpenses": 628000.0, "operatingExpenses": 185451000, "costAndExpenses": 451441000, "interestExpense": 0.0, "depreciationAndAmortization": 23958000, "ebitda": 116933000, "ebitdaratio": 0.214786119438, "operatingIncome": 92975000, "operatingIncomeRatio": 0.170779330512, "totalOtherIncomeExpensesNet": 628000.0, "incomeBeforeTax": 93603000, "incomeBeforeTaxRatio": 0.171932860166, "incomeTaxExpense": 25318000, "netIncome": 68285000, "netIncomeRatio": 0.125427981544, "eps": 0.5, "epsdiluted": 0.5, "weightedAverageShsOut": 137095000, "weightedAverageShsOutDil": 137321000, "link": "https://www.sec.gov/Archives/edgar/data/1397187/000139718716000134/0001397187-16-000134-index.htm", "finalLink": "https://www.sec.gov/Archives/edgar/data/1397187/000139718716000134/lulu-20161030x10q.htm"}, {"date": "2016-07-31", "symbol": "LULU", "fillingDate": "2016-09-01", "acceptedDate": "2016-09-01 16:14:16", "period": "Q2", "revenue": 514520000, "costOfRevenue": 260359000, "grossProfit": 254161000, "grossProfitRatio": 0.49397691051854153, "researchAndDevelopmentExpenses": 0.0, "generalAndAdministrativeExpenses": 180202000, "sellingAndMarketingExpenses": 0.0, "otherExpenses": 578000.0, "operatingExpenses": 180202000, "costAndExpenses": 440561000, "interestExpense": 0.0, "depreciationAndAmortization": 20498000, "ebitda": 94457000, "ebitdaratio": 0.183582756744, "operatingIncome": 73959000, "operatingIncomeRatio": 0.143743683433, "totalOtherIncomeExpensesNet": 578000.0, "incomeBeforeTax": 74537000, "incomeBeforeTaxRatio": 0.144867060561, "incomeTaxExpense": 20912000, "netIncome": 53625000, "netIncomeRatio": 0.104223353805, "eps": 0.39, "epsdiluted": 0.39, "weightedAverageShsOut": 137071000, "weightedAverageShsOutDil": 137309000, "link": "https://www.sec.gov/Archives/edgar/data/1397187/000139718716000127/0001397187-16-000127-index.htm", "finalLink": "https://www.sec.gov/Archives/edgar/data/1397187/000139718716000127/lulu-20160731x10q.htm"}, {"date": "2016-05-01", "symbol": "LULU", "fillingDate": "2016-06-08", "acceptedDate": "2016-06-08 08:27:13", "period": "Q1", "revenue": 495516000, "costOfRevenue": 256385000, "grossProfit": 239131000, "grossProfitRatio": 0.4825898659175486, "researchAndDevelopmentExpenses": 0.0, "generalAndAdministrativeExpenses": 181542000, "sellingAndMarketingExpenses": 0.0, "otherExpenses": -486000.0, "operatingExpenses": 181542000, "costAndExpenses": 437927000, "interestExpense": 0.0, "depreciationAndAmortization": 19185000, "ebitda": 76774000, "ebitdaratio": 0.154937479314, "operatingIncome": 57589000, "operatingIncomeRatio": 0.116220263321, "totalOtherIncomeExpensesNet": -486000.0, "incomeBeforeTax": 57103000, "incomeBeforeTaxRatio": 0.115239467545, "incomeTaxExpense": 11767000, "netIncome": 45336000, "netIncomeRatio": 0.0914925047829, "eps": 0.33, "epsdiluted": 0.33, "weightedAverageShsOut": 137263000, "weightedAverageShsOutDil": 137496000, "link": "https://www.sec.gov/Archives/edgar/data/1397187/000139718716000108/0001397187-16-000108-index.htm", "finalLink": "https://www.sec.gov/Archives/edgar/data/1397187/000139718716000108/lulu-20160501x10q.htm"}, {"date": "2016-01-31", "symbol": "LULU", "fillingDate": "2016-03-30", "acceptedDate": "2016-03-30 08:25:20", "period": "FY", "revenue": 704276000, "costOfRevenue": 349809000, "grossProfit": 354467000, "grossProfitRatio": 0.5033069421647195, "researchAndDevelopmentExpenses": 0.0, "generalAndAdministrativeExpenses": 188184000, "sellingAndMarketingExpenses": 0.0, "otherExpenses": 938000.0, "operatingExpenses": 188184000, "costAndExpenses": 537993000, "interestExpense": 0.0, "depreciationAndAmortization": 20885000, "ebitda": 187168000, "ebitdaratio": 0.265759446581, "operatingIncome": 166283000, "operatingIncomeRatio": 0.236104879337, "totalOtherIncomeExpensesNet": 938000.0, "incomeBeforeTax": 167221000, "incomeBeforeTaxRatio": 0.237436743549, "incomeTaxExpense": 49805000, "netIncome": 117416000, "netIncomeRatio": 0.166718729589, "eps": 0.85, "epsdiluted": 0.84, "weightedAverageShsOut": 140365000, "weightedAverageShsOutDil": 140610000, "link": "https://www.sec.gov/Archives/edgar/data/1397187/000139718716000089/0001397187-16-000089-index.htm", "finalLink": "https://www.sec.gov/Archives/edgar/data/1397187/000139718716000089/lulu-20160131x10k.htm"}, {"date": "2015-11-01", "symbol": "LULU", "fillingDate": "2015-12-09", "acceptedDate": "2015-12-09 08:23:13", "period": "Q3", "revenue": 479693000, "costOfRevenue": 254896000, "grossProfit": 224797000, "grossProfitRatio": 0.46862680923007005, "researchAndDevelopmentExpenses": 0.0, "generalAndAdministrativeExpenses": 156619000, "sellingAndMarketingExpenses": 0.0, "otherExpenses": -1519000.0, "operatingExpenses": 156619000, "costAndExpenses": 411515000, "interestExpense": 0.0, "depreciationAndAmortization": 19707000, "ebitda": 87885000, "ebitdaratio": 0.183210928656, "operatingIncome": 68178000, "operatingIncomeRatio": 0.142128402958, "totalOtherIncomeExpensesNet": -2890000.0, "incomeBeforeTax": 65288000, "incomeBeforeTaxRatio": 0.136103716335, "incomeTaxExpense": 12135000, "netIncome": 53153000, "netIncomeRatio": 0.110806286521, "eps": 0.38, "epsdiluted": 0.38, "weightedAverageShsOut": 141198000, "weightedAverageShsOutDil": 141470000, "link": "https://www.sec.gov/Archives/edgar/data/1397187/000139718715000071/0001397187-15-000071-index.htm", "finalLink": "https://www.sec.gov/Archives/edgar/data/1397187/000139718715000071/lulu-20151101x10q.htm"}, {"date": "2015-08-02", "symbol": "LULU", "fillingDate": "2015-09-10", "acceptedDate": "2015-09-10 08:21:52", "period": "Q2", "revenue": 453010000, "costOfRevenue": 240985000, "grossProfit": 212025000, "grossProfitRatio": 0.468036025694797, "researchAndDevelopmentExpenses": 0.0, "generalAndAdministrativeExpenses": 145446000, "sellingAndMarketingExpenses": 0.0, "otherExpenses": 0.0, "operatingExpenses": 145446000, "costAndExpenses": 386431000, "interestExpense": 0.0, "depreciationAndAmortization": 16695000, "ebitda": 83274000, "ebitdaratio": 0.18382375665, "operatingIncome": 66579000, "operatingIncomeRatio": 0.146970265557, "totalOtherIncomeExpensesNet": 842000.0, "incomeBeforeTax": 67421000, "incomeBeforeTaxRatio": 0.148828944173, "incomeTaxExpense": 19753000, "netIncome": 47668000, "netIncomeRatio": 0.10522505022, "eps": 0.33, "epsdiluted": 0.33, "weightedAverageShsOut": 141656000, "weightedAverageShsOutDil": 141977000, "link": "https://www.sec.gov/Archives/edgar/data/1397187/000139718715000060/0001397187-15-000060-index.htm", "finalLink": "https://www.sec.gov/Archives/edgar/data/1397187/000139718715000060/lulu-20150802x10q.htm"}, {"date": "2015-05-03", "symbol": "LULU", "fillingDate": "2015-06-09", "acceptedDate": "2015-06-09 08:25:08", "period": "Q1", "revenue": 423544000, "costOfRevenue": 217667000, "grossProfit": 205877000, "grossProfitRatio": 0.4860817294070982, "researchAndDevelopmentExpenses": 0.0, "generalAndAdministrativeExpenses": 137841000, "sellingAndMarketingExpenses": 0.0, "otherExpenses": 0.0, "operatingExpenses": 137841000, "costAndExpenses": 355508000, "interestExpense": 0.0, "depreciationAndAmortization": 16096000, "ebitda": 84132000, "ebitdaratio": 0.198638158019, "operatingIncome": 68036000, "operatingIncomeRatio": 0.160635022571, "totalOtherIncomeExpensesNet": 529000.0, "incomeBeforeTax": 68565000, "incomeBeforeTaxRatio": 0.161884007329, "incomeTaxExpense": 20755000, "netIncome": 47810000, "netIncomeRatio": 0.112880834105, "eps": 0.34, "epsdiluted": 0.34, "weightedAverageShsOut": 141967000, "weightedAverageShsOutDil": 142337000, "link": "https://www.sec.gov/Archives/edgar/data/1397187/000139718715000045/0001397187-15-000045-index.htm", "finalLink": "https://www.sec.gov/Archives/edgar/data/1397187/000139718715000045/lulu-20150503x10q.htm"}, {"date": "2015-02-01", "symbol": "LULU", "fillingDate": "2015-03-26", "acceptedDate": "2015-03-26 08:31:40", "period": "FY", "revenue": 602491000, "costOfRevenue": 292450000, "grossProfit": 310041000, "grossProfitRatio": 0.5145985583187135, "researchAndDevelopmentExpenses": 0.0, "generalAndAdministrativeExpenses": 152853000, "sellingAndMarketingExpenses": 0.0, "otherExpenses": 1755000.0, "operatingExpenses": 152853000, "costAndExpenses": 445303000, "interestExpense": 0.0, "depreciationAndAmortization": 16655000, "ebitda": 173843000, "ebitdaratio": 0.288540409732, "operatingIncome": 157188000, "operatingIncomeRatio": 0.260896843272, "totalOtherIncomeExpensesNet": 1755000.0, "incomeBeforeTax": 158943000, "incomeBeforeTaxRatio": 0.263809749855, "incomeTaxExpense": 48090000, "netIncome": 110853000, "netIncomeRatio": 0.183991130158, "eps": 0.77, "epsdiluted": 0.78, "weightedAverageShsOut": 143935000, "weightedAverageShsOutDil": 144298000, "link": "https://www.sec.gov/Archives/edgar/data/1397187/000139718715000016/0001397187-15-000016-index.htm", "finalLink": "https://www.sec.gov/Archives/edgar/data/1397187/000139718715000016/lulu-20150201x10k.htm"}, {"date": "2014-11-02", "symbol": "LULU", "fillingDate": "2014-12-11", "acceptedDate": "2014-12-10 20:35:18", "period": "Q3", "revenue": 419396000, "costOfRevenue": 208308000, "grossProfit": 211088000, "grossProfitRatio": 0.5033142900742973, "researchAndDevelopmentExpenses": 0.0, "generalAndAdministrativeExpenses": 129932000, "sellingAndMarketingExpenses": 0.0, "otherExpenses": 1814000.0, "operatingExpenses": 129932000, "costAndExpenses": 338240000, "interestExpense": 0.0, "depreciationAndAmortization": 15612000, "ebitda": 96768000, "ebitdaratio": 0.230731814323, "operatingIncome": 81156000, "operatingIncomeRatio": 0.193506852712, "totalOtherIncomeExpensesNet": 1814000.0, "incomeBeforeTax": 82970000, "incomeBeforeTaxRatio": 0.197832120478, "incomeTaxExpense": 22519000, "netIncome": 60451000, "netIncomeRatio": 0.144138236893, "eps": 0.42, "epsdiluted": 0.42, "weightedAverageShsOut": 144581000, "weightedAverageShsOutDil": 144949000, "link": "https://www.sec.gov/Archives/edgar/data/1397187/000139718714000077/0001397187-14-000077-index.htm", "finalLink": "https://www.sec.gov/Archives/edgar/data/1397187/000139718714000077/lulu-20141102x10q.htm"}, {"date": "2014-08-03", "symbol": "LULU", "fillingDate": "2014-09-11", "acceptedDate": "2014-09-11 06:02:38", "period": "Q2", "revenue": 390708000, "costOfRevenue": 193401000, "grossProfit": 197307000, "grossProfitRatio": 0.50499861789367, "researchAndDevelopmentExpenses": 0.0, "generalAndAdministrativeExpenses": 129419000, "sellingAndMarketingExpenses": 0.0, "otherExpenses": 1890000.0, "operatingExpenses": 129419000, "costAndExpenses": 322820000, "interestExpense": 0.0, "depreciationAndAmortization": 13637000, "ebitda": 81525000, "ebitdaratio": 0.208659663995, "operatingIncome": 67888000, "operatingIncomeRatio": 0.173756360249, "totalOtherIncomeExpensesNet": 1890000.0, "incomeBeforeTax": 69778000, "incomeBeforeTaxRatio": 0.178593732404, "incomeTaxExpense": 21030000, "netIncome": 48748000, "netIncomeRatio": 0.124768369217, "eps": 0.34, "epsdiluted": 0.33, "weightedAverageShsOut": 145282000, "weightedAverageShsOutDil": 145715000, "link": "https://www.sec.gov/Archives/edgar/data/1397187/000139718714000058/0001397187-14-000058-index.htm", "finalLink": "https://www.sec.gov/Archives/edgar/data/1397187/000139718714000058/lulu-20140803x10q.htm"}, {"date": "2014-05-04", "symbol": "LULU", "fillingDate": "2014-06-12", "acceptedDate": "2014-06-12 06:05:50", "period": "Q1", "revenue": 384618000, "costOfRevenue": 188874000, "grossProfit": 195744000, "grossProfitRatio": 0.508930939269613, "researchAndDevelopmentExpenses": 0.0, "generalAndAdministrativeExpenses": 125943000, "sellingAndMarketingExpenses": 0.0, "otherExpenses": 1643000.0, "operatingExpenses": 125943000, "costAndExpenses": 314817000, "interestExpense": 0.0, "depreciationAndAmortization": 12460000, "ebitda": 82261000, "ebitdaratio": 0.213877145635, "operatingIncome": 69801000, "operatingIncomeRatio": 0.181481365927, "totalOtherIncomeExpensesNet": 1643000.0, "incomeBeforeTax": 71444000, "incomeBeforeTaxRatio": 0.185753136879, "incomeTaxExpense": 52463000, "netIncome": 18981000, "netIncomeRatio": 0.0493502644182, "eps": 0.13, "epsdiluted": 0.13, "weightedAverageShsOut": 145383000, "weightedAverageShsOutDil": 145861000, "link": "https://www.sec.gov/Archives/edgar/data/1397187/000139718714000039/0001397187-14-000039-index.htm", "finalLink": "https://www.sec.gov/Archives/edgar/data/1397187/000139718714000039/lulu-20140504x10q.htm"}, {"date": "2014-02-02", "symbol": "LULU", "fillingDate": "2014-03-27", "acceptedDate": "2014-03-27 08:45:48", "period": "FY", "revenue": 520993000, "costOfRevenue": 242203000, "grossProfit": 278790000, "grossProfitRatio": 0.5351127558335717, "researchAndDevelopmentExpenses": 0.0, "generalAndAdministrativeExpenses": 124643000, "sellingAndMarketingExpenses": 0.0, "otherExpenses": 1519000.0, "operatingExpenses": 124643000, "costAndExpenses": 366846000, "interestExpense": 0.0, "depreciationAndAmortization": 12345000, "ebitda": 166492000, "ebitdaratio": 0.319566673641, "operatingIncome": 154147000, "operatingIncomeRatio": 0.295871537621, "totalOtherIncomeExpensesNet": 1519000.0, "incomeBeforeTax": 155666000, "incomeBeforeTaxRatio": 0.298787123819, "incomeTaxExpense": 45974000, "netIncome": 109692000, "netIncomeRatio": 0.210544095602, "eps": 0.76, "epsdiluted": 0.75, "weightedAverageShsOut": 144913000, "weightedAverageShsOutDil": 146043000, "link": "https://www.sec.gov/Archives/edgar/data/1397187/000139718714000021/0001397187-14-000021-index.htm", "finalLink": "https://www.sec.gov/Archives/edgar/data/1397187/000139718714000021/lulu-20140202x10k.htm"}, {"date": "2013-11-03", "symbol": "LULU", "fillingDate": "2013-12-12", "acceptedDate": "2013-12-12 08:45:56", "period": "Q3", "revenue": 379900000, "costOfRevenue": 175293000, "grossProfit": 204607000, "grossProfitRatio": 0.5385812055804159, "researchAndDevelopmentExpenses": 0.0, "generalAndAdministrativeExpenses": 112271000, "sellingAndMarketingExpenses": 0.0, "otherExpenses": 1453000.0, "operatingExpenses": 112271000, "costAndExpenses": 287564000, "interestExpense": 0.0, "depreciationAndAmortization": 12916000, "ebitda": 105252000, "ebitdaratio": 0.277051855752, "operatingIncome": 92336000, "operatingIncomeRatio": 0.243053435115, "totalOtherIncomeExpensesNet": 1453000.0, "incomeBeforeTax": 93789000, "incomeBeforeTaxRatio": 0.246878125823, "incomeTaxExpense": 27677000, "netIncome": 66112000, "netIncomeRatio": 0.174024743354, "eps": 0.45, "epsdiluted": 0.45, "weightedAverageShsOut": 144806000, "weightedAverageShsOutDil": 145967000, "link": "https://www.sec.gov/Archives/edgar/data/1397187/000139718713000047/0001397187-13-000047-index.htm", "finalLink": "https://www.sec.gov/Archives/edgar/data/1397187/000139718713000047/lulu-20131103x10q.htm"}, {"date": "2013-08-04", "symbol": "LULU", "fillingDate": "2013-09-12", "acceptedDate": "2013-09-12 08:45:34", "period": "Q2", "revenue": 344513000, "costOfRevenue": 158559000, "grossProfit": 185954000, "grossProfitRatio": 0.5397590221559129, "researchAndDevelopmentExpenses": 0.0, "generalAndAdministrativeExpenses": 106968000, "sellingAndMarketingExpenses": 0.0, "otherExpenses": 1295000.0, "operatingExpenses": 106968000, "costAndExpenses": 265527000, "interestExpense": 0.0, "depreciationAndAmortization": 12078000, "ebitda": 91064000, "ebitdaratio": 0.26432674529, "operatingIncome": 78986000, "operatingIncomeRatio": 0.229268561709, "totalOtherIncomeExpensesNet": 1295000.0, "incomeBeforeTax": 80281000, "incomeBeforeTaxRatio": 0.23302749098, "incomeTaxExpense": 23817000, "netIncome": 56464000, "netIncomeRatio": 0.163895121519, "eps": 0.39, "epsdiluted": 0.39, "weightedAverageShsOut": 144650000, "weightedAverageShsOutDil": 145901000, "link": "https://www.sec.gov/Archives/edgar/data/1397187/000139718713000022/0001397187-13-000022-index.htm", "finalLink": "https://www.sec.gov/Archives/edgar/data/1397187/000139718713000022/lulu-201384x10q.htm"}, {"date": "2013-05-05", "symbol": "LULU", "fillingDate": "2013-06-10", "acceptedDate": "2013-06-10 16:30:44", "period": "Q1", "revenue": 345782000, "costOfRevenue": 175057000, "grossProfit": 170725000, "grossProfitRatio": 0.49373593767171225, "researchAndDevelopmentExpenses": 0.0, "generalAndAdministrativeExpenses": 104836000, "sellingAndMarketingExpenses": 0.0, "otherExpenses": 1501000.0, "operatingExpenses": 104836000, "costAndExpenses": 279893000, "interestExpense": 0.0, "depreciationAndAmortization": 11729000, "ebitda": 77618000, "ebitdaratio": 0.224470909417, "operatingIncome": 65889000, "operatingIncomeRatio": 0.19055069379, "totalOtherIncomeExpensesNet": 1501000.0, "incomeBeforeTax": 67390000, "incomeBeforeTaxRatio": 0.194891579087, "incomeTaxExpense": 20111000, "netIncome": 47279000, "netIncomeRatio": 0.136730656888, "eps": 0.33, "epsdiluted": 0.32, "weightedAverageShsOut": 144482000, "weightedAverageShsOutDil": 145849000, "link": "https://www.sec.gov/Archives/edgar/data/1397187/000119312513253430/0001193125-13-253430-index.htm", "finalLink": "https://www.sec.gov/Archives/edgar/data/1397187/000119312513253430/d534167d10q.htm"}, {"date": "2013-02-03", "symbol": "LULU", "fillingDate": "2013-03-21", "acceptedDate": "2013-03-21 08:50:22", "period": "FY", "revenue": 485489000, "costOfRevenue": 210982000, "grossProfit": 274507000, "grossProfitRatio": 0.565423727417099, "researchAndDevelopmentExpenses": 0.0, "generalAndAdministrativeExpenses": 121932000, "sellingAndMarketingExpenses": 0.0, "otherExpenses": 1457000.0, "operatingExpenses": 121932000, "costAndExpenses": 332914000, "interestExpense": 0.0, "depreciationAndAmortization": 12038000, "ebitda": 164613000, "ebitdaratio": 0.339066384614, "operatingIncome": 152575000, "operatingIncomeRatio": 0.314270766176, "totalOtherIncomeExpensesNet": 1457000.0, "incomeBeforeTax": 154032000, "incomeBeforeTaxRatio": 0.317271864038, "incomeTaxExpense": 44657000, "netIncome": 109375000, "netIncomeRatio": 0.225288317552, "eps": 0.76, "epsdiluted": 0.74, "weightedAverageShsOut": 144000000, "weightedAverageShsOutDil": 145806000, "link": "https://www.sec.gov/Archives/edgar/data/1397187/000119312513118393/0001193125-13-118393-index.htm", "finalLink": "https://www.sec.gov/Archives/edgar/data/1397187/000119312513118393/d475380d10k.htm"}, {"date": "2012-10-28", "symbol": "LULU", "fillingDate": "2012-12-06", "acceptedDate": "2012-12-06 08:48:06", "period": "Q3", "revenue": 1453202000, "costOfRevenue": 651864000, "grossProfit": 801338000, "grossProfitRatio": 0.5514291887844911, "researchAndDevelopmentExpenses": 0.0, "generalAndAdministrativeExpenses": 434221000, "sellingAndMarketingExpenses": 0.0, "otherExpenses": 1424000.0, "operatingExpenses": 434221000, "costAndExpenses": 1086085000, "interestExpense": 0.0, "depreciationAndAmortization": 11483000, "ebitda": 378600000, "ebitdaratio": 0.260528130294, "operatingIncome": 367117000, "operatingIncomeRatio": 0.252626269438, "totalOtherIncomeExpensesNet": 1424000.0, "incomeBeforeTax": 372693000, "incomeBeforeTaxRatio": 0.256463313428, "incomeTaxExpense": 105961000, "netIncome": 57316000, "netIncomeRatio": 0.0394411788588, "eps": 0.4, "epsdiluted": 0.4, "weightedAverageShsOut": 143903000, "weightedAverageShsOutDil": 145750000, "link": "https://www.sec.gov/Archives/edgar/data/1397187/000119312512492935/0001193125-12-492935-index.htm", "finalLink": "https://www.sec.gov/Archives/edgar/data/1397187/000119312512492935/d423946d10q.htm"}, {"date": "2012-07-29", "symbol": "LULU", "fillingDate": "2012-09-07", "acceptedDate": "2012-09-07 08:46:07", "period": "Q2", "revenue": 282635000, "costOfRevenue": 126880000, "grossProfit": 155755000, "grossProfitRatio": 0.5510817839262653, "researchAndDevelopmentExpenses": 0.0, "generalAndAdministrativeExpenses": 85567000, "sellingAndMarketingExpenses": 0.0, "otherExpenses": 1166000.0, "operatingExpenses": 85567000, "costAndExpenses": 212447000, "interestExpense": 0.0, "depreciationAndAmortization": 19479000, "ebitda": 89667000, "ebitdaratio": 0.217784291956, "operatingIncome": 70188000, "operatingIncomeRatio": 0.252058212351, "totalOtherIncomeExpensesNet": 1166000.0, "incomeBeforeTax": 71354000, "incomeBeforeTaxRatio": 0.255711000417, "incomeTaxExpense": 13652000, "netIncome": 103865000, "netIncomeRatio": 0.20415730535850124, "eps": 0.72, "epsdiluted": 0.71, "weightedAverageShsOut": 143826000, "weightedAverageShsOutDil": 145698000, "link": "https://www.sec.gov/Archives/edgar/data/1397187/000119312512383973/0001193125-12-383973-index.htm", "finalLink": "https://www.sec.gov/Archives/edgar/data/1397187/000119312512383973/d391957d10q.htm"}, {"date": "2012-04-29", "symbol": "LULU", "fillingDate": "2012-06-07", "acceptedDate": "2012-06-07 08:45:08", "period": "Q1", "revenue": 285698000, "costOfRevenue": 128434000, "grossProfit": 157264000, "grossProfitRatio": 0.5504553759564296, "researchAndDevelopmentExpenses": 0.0, "generalAndAdministrativeExpenses": 84199000, "sellingAndMarketingExpenses": 0.0, "otherExpenses": 910000.0, "operatingExpenses": 84199000, "costAndExpenses": 212633000, "interestExpense": 0.0, "depreciationAndAmortization": 9798000.0, "ebitda": 82863000, "ebitdaratio": 0.2900370321108303, "operatingIncome": 73065000, "operatingIncomeRatio": 0.25574207729840603, "totalOtherIncomeExpensesNet": 910000.0, "incomeBeforeTax": 73975000, "incomeBeforeTaxRatio": 0.25892725885375467, "incomeTaxExpense": 27001000, "netIncome": 46974000, "netIncomeRatio": 0.1644183718471953, "eps": 0.0, "epsdiluted": 0.0, "weightedAverageShsOut": 143826000, "weightedAverageShsOutDil": 145698000, "link": "https://www.sec.gov/Archives/edgar/data/1397187/000119312512262708/0001193125-12-262708-index.htm", "finalLink": "https://www.sec.gov/Archives/edgar/data/1397187/000119312512262708/d336449d10q.htm"}, {"date": "2012-01-29", "symbol": "LULU", "fillingDate": "2012-03-22", "acceptedDate": "2012-03-22 08:45:47", "period": "FY", "revenue": 371520000, "costOfRevenue": 162502000, "grossProfit": 209018000, "grossProfitRatio": 0.5626022825150732, "researchAndDevelopmentExpenses": 0.0, "generalAndAdministrativeExpenses": 92951000, "sellingAndMarketingExpenses": 0.0, "otherExpenses": 380000.0, "operatingExpenses": 92951000, "costAndExpenses": 255453000, "interestExpense": 0.0, "depreciationAndAmortization": 9371000.0, "ebitda": 125438000, "ebitdaratio": 0.33763458225667525, "operatingIncome": 116067000, "operatingIncomeRatio": 0.3124111757105943, "totalOtherIncomeExpensesNet": 380000.0, "incomeBeforeTax": 116447000, "incomeBeforeTaxRatio": 0.31343400086132644, "incomeTaxExpense": 42559000, "netIncome": 73888000, "netIncomeRatio": 0.19888027562446167, "eps": 0.0, "epsdiluted": 0.0, "weightedAverageShsOut": 143826000, "weightedAverageShsOutDil": 145698000, "link": "https://www.sec.gov/Archives/edgar/data/1397187/000119312512126444/0001193125-12-126444-index.htm", "finalLink": "https://www.sec.gov/Archives/edgar/data/1397187/000119312512126444/d277556d10k.htm"}, {"date": "2011-10-30", "symbol": "LULU", "fillingDate": "2011-12-01", "acceptedDate": "2011-12-01 08:46:01", "period": "Q3", "revenue": 230216000, "costOfRevenue": 101721000, "grossProfit": 128495000, "grossProfitRatio": 0.5581497376376968, "researchAndDevelopmentExpenses": 0.0, "generalAndAdministrativeExpenses": 68774000, "sellingAndMarketingExpenses": 0.0, "otherExpenses": 619000.0, "operatingExpenses": 68774000, "costAndExpenses": 170495000, "interestExpense": 0.0, "depreciationAndAmortization": 7327000.0, "ebitda": 67048000, "ebitdaratio": 0.2912395315703513, "operatingIncome": 59721000, "operatingIncomeRatio": 0.2594128991903256, "totalOtherIncomeExpensesNet": 619000.0, "incomeBeforeTax": 60340000, "incomeBeforeTaxRatio": 0.26210167842374116, "incomeTaxExpense": 21398000, "netIncome": 38942000, "netIncomeRatio": 0.16915418563436077, "eps": 0.0, "epsdiluted": 0.0, "weightedAverageShsOut": 143826000, "weightedAverageShsOutDil": 145698000, "link": "https://www.sec.gov/Archives/edgar/data/1397187/000119312511326722/0001193125-11-326722-index.htm", "finalLink": "https://www.sec.gov/Archives/edgar/data/1397187/000119312511326722/d248821d10q.htm"}, {"date": "2011-07-31", "symbol": "LULU", "fillingDate": "2011-09-09", "acceptedDate": "2011-09-09 08:45:59", "period": "Q2", "revenue": 212323000, "costOfRevenue": 90250000, "grossProfit": 122073000, "grossProfitRatio": 0.5749400677270008, "researchAndDevelopmentExpenses": 0.0, "generalAndAdministrativeExpenses": 62590000, "sellingAndMarketingExpenses": 0.0, "otherExpenses": 597000.0, "operatingExpenses": 62590000, "costAndExpenses": 152840000, "interestExpense": 0.0, "depreciationAndAmortization": 7520000.0, "ebitda": 67003000, "ebitdaratio": 0.31557108744695583, "operatingIncome": 59483000, "operatingIncomeRatio": 0.28015335126199237, "totalOtherIncomeExpensesNet": 597000.0, "incomeBeforeTax": 60080000, "incomeBeforeTaxRatio": 0.2829651050522082, "incomeTaxExpense": 21462000, "netIncome": 38618000, "netIncomeRatio": 0.18188326276474992, "eps": 0.0, "epsdiluted": 0.0, "weightedAverageShsOut": 143826000, "weightedAverageShsOutDil": 145698000, "link": "https://www.sec.gov/Archives/edgar/data/1397187/000095012311083597/0000950123-11-083597-index.htm", "finalLink": "https://www.sec.gov/Archives/edgar/data/1397187/000095012311083597/o71936e10vq.htm"}, {"date": "2011-05-01", "symbol": "LULU", "fillingDate": "2011-06-10", "acceptedDate": "2011-06-10 08:45:56", "period": "Q1", "revenue": 186780000, "costOfRevenue": 77096000, "grossProfit": 109684000, "grossProfitRatio": 0.5872363208052254, "researchAndDevelopmentExpenses": 0.0, "generalAndAdministrativeExpenses": 57997000, "sellingAndMarketingExpenses": 0.0, "otherExpenses": 904000.0, "operatingExpenses": 57997000, "costAndExpenses": 135093000, "interestExpense": 0.0, "depreciationAndAmortization": 6041000.0, "ebitda": 57728000, "ebitdaratio": 0.30906949352179036, "operatingIncome": 51687000, "operatingIncomeRatio": 0.27672663026019917, "totalOtherIncomeExpensesNet": 904000.0, "incomeBeforeTax": 52591000, "incomeBeforeTaxRatio": 0.2815665488810365, "incomeTaxExpense": 19075000, "netIncome": 33516000, "netIncomeRatio": 0.17944105364600063, "eps": 0.0, "epsdiluted": 0.0, "weightedAverageShsOut": 70860000, "weightedAverageShsOutDil": 70860000, "link": "https://www.sec.gov/Archives/edgar/data/1397187/000095012311058122/0000950123-11-058122-index.htm", "finalLink": "https://www.sec.gov/Archives/edgar/data/1397187/000095012311058122/o70622e10vq.htm"}, {"date": "2011-01-30", "symbol": "LULU", "fillingDate": "2011-03-17", "acceptedDate": "2011-03-17 08:48:56", "period": "FY", "revenue": 245399000, "costOfRevenue": 101939000, "grossProfit": 143460000, "grossProfitRatio": 0.5845989592459627, "researchAndDevelopmentExpenses": 0.0, "generalAndAdministrativeExpenses": 70390000, "sellingAndMarketingExpenses": 0.0, "otherExpenses": 541000.0, "operatingExpenses": 70390000, "costAndExpenses": 172329000, "interestExpense": 0.0, "depreciationAndAmortization": 6198000.0, "ebitda": 77496000, "ebitdaratio": 0.3157959078887852, "operatingIncome": 71298000, "operatingIncomeRatio": 0.29053908125134986, "totalOtherIncomeExpensesNet": 541000.0, "incomeBeforeTax": 71839000, "incomeBeforeTaxRatio": 0.29274365421211984, "incomeTaxExpense": 16873000, "netIncome": 54966000, "netIncomeRatio": 0.2239862428127254, "eps": 0.0, "epsdiluted": 0.0, "weightedAverageShsOut": 70786000, "weightedAverageShsOutDil": 70786000, "link": "https://www.sec.gov/Archives/edgar/data/1397187/000095012311026220/0000950123-11-026220-index.htm", "finalLink": "https://www.sec.gov/Archives/edgar/data/1397187/000095012311026220/o67665e10vk.htm"}, {"date": "2010-10-31", "symbol": "LULU", "fillingDate": "2010-12-09", "acceptedDate": "2010-12-09 08:45:47", "period": "Q3", "revenue": 175800000, "costOfRevenue": 78968000, "grossProfit": 96832000, "grossProfitRatio": 0.5508077360637088, "researchAndDevelopmentExpenses": 0.0, "generalAndAdministrativeExpenses": 54456000, "sellingAndMarketingExpenses": 0.0, "otherExpenses": 91000.0, "operatingExpenses": 54456000, "costAndExpenses": 133424000, "interestExpense": 0.0, "depreciationAndAmortization": 6426000.0, "ebitda": 48802000, "ebitdaratio": 0.2775995449374289, "operatingIncome": 42376000, "operatingIncomeRatio": 0.2410466439135381, "totalOtherIncomeExpensesNet": 91000.0, "incomeBeforeTax": 42467000, "incomeBeforeTaxRatio": 0.24156427758816837, "incomeTaxExpense": 16531000, "netIncome": 25936000, "netIncomeRatio": 0.14753128555176337, "eps": 0.0, "epsdiluted": 0.0, "weightedAverageShsOut": 70708000, "weightedAverageShsOutDil": 70708000, "link": "https://www.sec.gov/Archives/edgar/data/1397187/000095012310112239/0000950123-10-112239-index.htm", "finalLink": "https://www.sec.gov/Archives/edgar/data/1397187/000095012310112239/o65878e10vq.htm"}, {"date": "2010-08-01", "symbol": "LULU", "fillingDate": "2010-09-10", "acceptedDate": "2010-09-10 08:45:52", "period": "Q2", "revenue": 152208000, "costOfRevenue": 71910000, "grossProfit": 80298000, "grossProfitRatio": 0.527554399243141, "researchAndDevelopmentExpenses": 0.0, "generalAndAdministrativeExpenses": 46055000, "sellingAndMarketingExpenses": 0.0, "otherExpenses": 2093000.0, "operatingExpenses": 46055000, "costAndExpenses": 117965000, "interestExpense": 0.0, "depreciationAndAmortization": 6602000.0, "ebitda": 40845000, "ebitdaratio": 0.26834988962472406, "operatingIncome": 34243000, "operatingIncomeRatio": 0.22497503416377587, "totalOtherIncomeExpensesNet": 2093000.0, "incomeBeforeTax": 36336000, "incomeBeforeTaxRatio": 0.23872595395774204, "incomeTaxExpense": 14629000, "netIncome": 21707000, "netIncomeRatio": 0.1426140544518028, "eps": 0.0, "epsdiluted": 0.0, "weightedAverageShsOut": 70599000, "weightedAverageShsOutDil": 70599000, "link": "https://www.sec.gov/Archives/edgar/data/1397187/000095012310085088/0000950123-10-085088-index.htm", "finalLink": "https://www.sec.gov/Archives/edgar/data/1397187/000095012310085088/o62988e10vq.htm"}, {"date": "2010-05-02", "symbol": "LULU", "fillingDate": "2010-06-10", "acceptedDate": "2010-06-10 08:45:51", "period": "Q1", "revenue": 138297000, "costOfRevenue": 63940000, "grossProfit": 74357000, "grossProfitRatio": 0.5376616990968712, "researchAndDevelopmentExpenses": 0.0, "generalAndAdministrativeExpenses": 41883000, "sellingAndMarketingExpenses": 0.0, "otherExpenses": 161000.0, "operatingExpenses": 41883000, "costAndExpenses": 105823000, "interestExpense": 0.0, "depreciationAndAmortization": 5388000.0, "ebitda": 37862000, "ebitdaratio": 0.273773111491934, "operatingIncome": 32474000, "operatingIncomeRatio": 0.23481348113118866, "totalOtherIncomeExpensesNet": 161000.0, "incomeBeforeTax": 32635000, "incomeBeforeTaxRatio": 0.2359776423205131, "incomeTaxExpense": 13047000, "netIncome": 19588000, "netIncomeRatio": 0.14163720109619152, "eps": 0.28, "epsdiluted": 0.28, "weightedAverageShsOut": 70599000, "weightedAverageShsOutDil": 70599000, "link": "https://www.sec.gov/Archives/edgar/data/1397187/000095012310057113/0000950123-10-057113-index.htm", "finalLink": "https://www.sec.gov/Archives/edgar/data/1397187/000095012310057113/o62747e10vq.htm"}, {"date": "2010-01-31", "symbol": "LULU", "fillingDate": "2010-03-25", "acceptedDate": "2010-03-25 08:51:12", "period": "FY", "revenue": 160606000, "costOfRevenue": 74046000, "grossProfit": 86560000, "grossProfitRatio": 0.538958693946677, "researchAndDevelopmentExpenses": 0.0, "generalAndAdministrativeExpenses": 44746000, "sellingAndMarketingExpenses": 0.0, "otherExpenses": 66000.0, "operatingExpenses": 44746000, "costAndExpenses": 118792000, "interestExpense": 0.0, "depreciationAndAmortization": 5596000.0, "ebitda": 47031000, "ebitdaratio": 0.2928346388055241, "operatingIncome": 41435000, "operatingIncomeRatio": 0.25799160678928557, "totalOtherIncomeExpensesNet": 66000.0, "incomeBeforeTax": 41501000, "incomeBeforeTaxRatio": 0.258402550340585, "incomeTaxExpense": 13050000, "netIncome": 28451000, "netIncomeRatio": 0.17714780269728403, "eps": 0.83, "epsdiluted": 0.83, "weightedAverageShsOut": 70251000, "weightedAverageShsOutDil": 70251000, "link": "https://www.sec.gov/Archives/edgar/data/1397187/000095012310028033/0000950123-10-028033-index.htm", "finalLink": "https://www.sec.gov/Archives/edgar/data/1397187/000095012310028033/o60149e10vk.htm"}, {"date": "2009-11-01", "symbol": "LULU", "fillingDate": "2009-12-09", "acceptedDate": "2009-12-09 16:17:25", "period": "Q3", "revenue": 112891000, "costOfRevenue": 56553000, "grossProfit": 56338000, "grossProfitRatio": 0.49904775402822193, "researchAndDevelopmentExpenses": 0.0, "generalAndAdministrativeExpenses": 35412000, "sellingAndMarketingExpenses": 0.0, "otherExpenses": 98000.0, "operatingExpenses": 35412000, "costAndExpenses": 91965000, "interestExpense": 0.0, "depreciationAndAmortization": 5684000.0, "ebitda": 26610000, "ebitdaratio": 0.23571409589781295, "operatingIncome": 20926000, "operatingIncomeRatio": 0.18536464377142553, "totalOtherIncomeExpensesNet": -3000.0, "incomeBeforeTax": 20923000, "incomeBeforeTaxRatio": 0.18533806946523637, "incomeTaxExpense": 6855000.0, "netIncome": 14068000, "netIncomeRatio": 0.12461577982301512, "eps": 0.42, "epsdiluted": 0.42, "weightedAverageShsOut": 70205000, "weightedAverageShsOutDil": 70205000, "link": "https://www.sec.gov/Archives/edgar/data/1397187/000095012309069556/0000950123-09-069556-index.htm", "finalLink": "https://www.sec.gov/Archives/edgar/data/1397187/000095012309069556/o58041e10vq.htm"}, {"date": "2009-08-02", "symbol": "LULU", "fillingDate": "2009-09-10", "acceptedDate": "2009-09-10 08:45:22", "period": "Q2", "revenue": 97721000, "costOfRevenue": 52482000, "grossProfit": 45239000, "grossProfitRatio": 0.46294041198923463, "researchAndDevelopmentExpenses": 0.0, "generalAndAdministrativeExpenses": 30907000, "sellingAndMarketingExpenses": 0.0, "otherExpenses": -78000.0, "operatingExpenses": 30907000, "costAndExpenses": 83389000, "interestExpense": 0.0, "depreciationAndAmortization": 5274000.0, "ebitda": 19606000, "ebitdaratio": 0.20063241268509327, "operatingIncome": 14332000, "operatingIncomeRatio": 0.14666243693781275, "totalOtherIncomeExpensesNet": 23000.0, "incomeBeforeTax": 14355000, "incomeBeforeTaxRatio": 0.14689780088210314, "incomeTaxExpense": 5111000.0, "netIncome": 9244000.0, "netIncomeRatio": 0.09459583917479354, "eps": 0.22, "epsdiluted": 0.22, "weightedAverageShsOut": 70176000, "weightedAverageShsOutDil": 70176000, "link": "https://www.sec.gov/Archives/edgar/data/1397187/000095012309042269/0000950123-09-042269-index.htm", "finalLink": "https://www.sec.gov/Archives/edgar/data/1397187/000095012309042269/o56960e10vq.htm"}, {"date": "2009-05-03", "symbol": "LULU", "fillingDate": "2009-06-11", "acceptedDate": "2009-06-11 08:45:54", "period": "Q1", "revenue": 81680000, "costOfRevenue": 46731000, "grossProfit": 34949000, "grossProfitRatio": 0.4278770812928501, "researchAndDevelopmentExpenses": 0.0, "generalAndAdministrativeExpenses": 25096000, "sellingAndMarketingExpenses": 0.0, "otherExpenses": 78000.0, "operatingExpenses": 25096000, "costAndExpenses": 71827000, "interestExpense": 0.0, "depreciationAndAmortization": 4278000.0, "ebitda": 14131000, "ebitdaratio": 0.17300440744368267, "operatingIncome": 9853000.0, "operatingIncomeRatio": 0.12062928501469147, "totalOtherIncomeExpensesNet": 78000.0, "incomeBeforeTax": 9931000.0, "incomeBeforeTaxRatio": 0.12158423114593536, "incomeTaxExpense": 3413000.0, "netIncome": 6518000.0, "netIncomeRatio": 0.07979921645445641, "eps": 0.09, "epsdiluted": 0.09, "weightedAverageShsOut": 70131000, "weightedAverageShsOutDil": 70131000, "link": "https://www.sec.gov/Archives/edgar/data/1397187/000095012309013148/0000950123-09-013148-index.htm", "finalLink": "https://www.sec.gov/Archives/edgar/data/1397187/000095012309013148/o55723e10vq.htm"}, {"date": "2009-02-01", "symbol": "LULU", "fillingDate": "2009-03-27", "acceptedDate": "2009-03-27 06:07:38", "period": "FY", "revenue": 353488000, "costOfRevenue": 174421000, "grossProfit": 179067000, "grossProfitRatio": 0.5065716516543701, "researchAndDevelopmentExpenses": 0.0, "generalAndAdministrativeExpenses": 118098000, "sellingAndMarketingExpenses": 0.0, "otherExpenses": 821000.0, "operatingExpenses": 118098000, "costAndExpenses": 292519000, "interestExpense": 0.0, "depreciationAndAmortization": 4720526000, "ebitda": 4777090000, "ebitdaratio": 13.51415040963201, "operatingIncome": 56564000, "operatingIncomeRatio": 0.16001674738604987, "totalOtherIncomeExpensesNet": 821000.0, "incomeBeforeTax": 57386000, "incomeBeforeTaxRatio": 0.1623421445706785, "incomeTaxExpense": 16884000, "netIncome": 39363000, "netIncomeRatio": 0.11135597247997103, "eps": 0.59, "epsdiluted": 0.59, "weightedAverageShsOut": 68710746, "weightedAverageShsOutDil": 68710746, "link": "https://www.sec.gov/Archives/edgar/data/1397187/000090956709000292/0000909567-09-000292-index.htm", "finalLink": "https://www.sec.gov/Archives/edgar/data/1397187/000090956709000292/o54371e10vk.htm"}, {"date": "2008-11-02", "symbol": "LULU", "fillingDate": "2008-12-11", "acceptedDate": "2008-12-11 08:34:34", "period": "Q3", "revenue": 87140816000, "costOfRevenue": 45211875000, "grossProfit": 41928941000, "grossProfitRatio": 0.48116305222572164, "researchAndDevelopmentExpenses": 0.0, "generalAndAdministrativeExpenses": 28898401000, "sellingAndMarketingExpenses": 0.0, "otherExpenses": -123247000, "operatingExpenses": 28898401000, "costAndExpenses": 74110276000, "interestExpense": 0.0, "depreciationAndAmortization": 3903516000, "ebitda": 16934056000, "ebitdaratio": 0.19432978456387187, "operatingIncome": 13030540000, "operatingIncomeRatio": 0.14953428941955282, "totalOtherIncomeExpensesNet": -123247000, "incomeBeforeTax": 13153787000, "incomeBeforeTaxRatio": 0.1509486323837041, "incomeTaxExpense": 4403245000, "netIncome": 8800683000, "netIncomeRatio": 0.10099380983533594, "eps": 0.44, "epsdiluted": 0.44, "weightedAverageShsOut": 68315742000, "weightedAverageShsOutDil": 68315742000, "link": "https://www.sec.gov/Archives/edgar/data/1397187/000090956708001271/0000909567-08-001271-index.htm", "finalLink": "https://www.sec.gov/Archives/edgar/data/1397187/000090956708001271/o41997e10vq.htm"}, {"date": "2008-08-03", "symbol": "LULU", "fillingDate": "2008-09-11", "acceptedDate": "2008-09-11 07:46:20", "period": "Q2", "revenue": 84256955000, "costOfRevenue": 40302554000, "grossProfit": 43954401000, "grossProfitRatio": 0.5216708935185231, "researchAndDevelopmentExpenses": 0.0, "generalAndAdministrativeExpenses": 28185223000, "sellingAndMarketingExpenses": 0.0, "otherExpenses": -35128000, "operatingExpenses": 28185223000, "costAndExpenses": 68487777000, "interestExpense": 0.0, "depreciationAndAmortization": 3817848000, "ebitda": 19587026000, "ebitdaratio": 0.2324677648272478, "operatingIncome": 15769178000, "operatingIncomeRatio": 0.18715580215306854, "totalOtherIncomeExpensesNet": -35128000, "incomeBeforeTax": 15804306000, "incomeBeforeTaxRatio": 0.18757271729081593, "incomeTaxExpense": 3415346000, "netIncome": 11147537000, "netIncomeRatio": 0.13230405727337285, "eps": 0.31, "epsdiluted": 0.31, "weightedAverageShsOut": 67892456000, "weightedAverageShsOutDil": 67892456000, "link": "https://www.sec.gov/Archives/edgar/data/1397187/000090956708001001/0000909567-08-001001-index.htm", "finalLink": "https://www.sec.gov/Archives/edgar/data/1397187/000090956708001001/o41682e10vq.htm"}, {"date": "2008-05-04", "symbol": "LULU", "fillingDate": "2008-06-02", "acceptedDate": "2008-06-02 16:25:19", "period": "Q1", "revenue": 78167494000, "costOfRevenue": 36645025000, "grossProfit": 41522469000, "grossProfitRatio": 0.5311986719185343, "researchAndDevelopmentExpenses": 0.0, "generalAndAdministrativeExpenses": 29801720000, "sellingAndMarketingExpenses": 0.0, "otherExpenses": -453508000, "operatingExpenses": 29801720000, "costAndExpenses": 66446745000, "interestExpense": 0.0, "depreciationAndAmortization": 3381060000, "ebitda": 15101809000, "ebitdaratio": 0.19319807028737546, "operatingIncome": 11720749000, "operatingIncomeRatio": 0.1499440291638363, "totalOtherIncomeExpensesNet": -453508000, "incomeBeforeTax": 12174257000, "incomeBeforeTaxRatio": 0.15574577585920818, "incomeTaxExpense": 3753231000, "netIncome": 8476390000, "netIncomeRatio": 0.10843880961566965, "eps": 0.13, "epsdiluted": 0.13, "weightedAverageShsOut": 67678349000, "weightedAverageShsOutDil": 67678349000, "link": "https://www.sec.gov/Archives/edgar/data/1397187/000094523408000267/0000945234-08-000267-index.htm", "finalLink": "https://www.sec.gov/Archives/edgar/data/1397187/000094523408000267/o40857e10vq.htm"}, {"date": "2008-02-03", "symbol": "LULU", "fillingDate": "2008-04-08", "acceptedDate": "2008-04-08 08:01:54", "period": "FY", "revenue": 274713000, "costOfRevenue": 128411000, "grossProfit": 146302000, "grossProfitRatio": 0.5325630749181873, "researchAndDevelopmentExpenses": 0.0, "generalAndAdministrativeExpenses": 96177000, "sellingAndMarketingExpenses": 0.0, "otherExpenses": 0.0, "operatingExpenses": 96177000, "costAndExpenses": 224588000, "interestExpense": 854000.0, "depreciationAndAmortization": -3027488000, "ebitda": -2977363000, "ebitdaratio": -10.838085565663073, "operatingIncome": 50125000, "operatingIncomeRatio": 0.18246315245365163, "totalOtherIncomeExpensesNet": 0.0, "incomeBeforeTax": 50979000, "incomeBeforeTaxRatio": 0.18557185135031834, "incomeTaxExpense": 20471000, "netIncome": 30842000, "netIncomeRatio": 0.11226989621896306, "eps": 0.0, "epsdiluted": 0.0, "weightedAverageShsOut": 65981081000, "weightedAverageShsOutDil": 65981081000, "link": "https://www.sec.gov/Archives/edgar/data/1397187/000090956708000415/0000909567-08-000415-index.htm", "finalLink": "https://www.sec.gov/Archives/edgar/data/1397187/000090956708000415/o39896e10vk.htm"}, {"date": "2007-10-31", "symbol": "LULU", "fillingDate": "2007-11-29", "acceptedDate": "2007-11-29 09:30:36", "period": "Q3", "revenue": 66150279000, "costOfRevenue": 30269860000, "grossProfit": 35880419000, "grossProfitRatio": 0.542407674501267, "researchAndDevelopmentExpenses": 0.0, "generalAndAdministrativeExpenses": 24050692000, "sellingAndMarketingExpenses": 0.0, "otherExpenses": -418889000, "operatingExpenses": 24050692000, "costAndExpenses": 54320552000, "interestExpense": 0.0, "depreciationAndAmortization": 2125247000, "ebitda": 13954974000, "ebitdaratio": 0.21095865672766095, "operatingIncome": 11829727000, "operatingIncomeRatio": 0.17883109759824292, "totalOtherIncomeExpensesNet": -418889000, "incomeBeforeTax": 12248616000, "incomeBeforeTaxRatio": 0.18516348207692368, "incomeTaxExpense": 4763397000, "netIncome": 7569376000, "netIncomeRatio": 0.11442697014172835, "eps": 0.25, "epsdiluted": 0.25, "weightedAverageShsOut": 65981081000, "weightedAverageShsOutDil": 65981081000, "link": "https://www.sec.gov/Archives/edgar/data/1397187/000094523407000693/0000945234-07-000693-index.htm", "finalLink": "https://www.sec.gov/Archives/edgar/data/1397187/000094523407000693/o38413e10vq.htm"}]