[{"date": "2019-12-31", "symbol": "XEL", "fillingDate": "2020-02-21", "acceptedDate": "2020-02-21 15:32:33", "period": "FY", "revenue": 2798000000, "costOfRevenue": 284000000, "grossProfit": 2514000000, "grossProfitRatio": 0.8984989278055754, "researchAndDevelopmentExpenses": 0.0, "generalAndAdministrativeExpenses": 0.0, "sellingAndMarketingExpenses": 0.0, "otherExpenses": 2348000000, "operatingExpenses": 2348000000, "costAndExpenses": 2632000000, "interestExpense": 0.0, "depreciationAndAmortization": 453000000, "ebitda": 903000000, "ebitdaratio": 0.32273052180128664, "operatingIncome": 450000000, "operatingIncomeRatio": 0.16082916368834882, "totalOtherIncomeExpensesNet": 140000000, "incomeBeforeTax": 299000000, "incomeBeforeTaxRatio": 0.10686204431736955, "incomeTaxExpense": 0.0, "netIncome": 292000000, "netIncomeRatio": 0.1043602573266619, "eps": 2.64, "epsdiluted": 2.64, "weightedAverageShsOut": 519000000, "weightedAverageShsOutDil": 520000000, "link": "https://www.sec.gov/Archives/edgar/data/72903/000007290320000011/0000072903-20-000011-index.htm", "finalLink": "https://www.sec.gov/Archives/edgar/data/72903/000007290320000011/xcel1231201910-k.htm"}, {"date": "2019-09-30", "symbol": "XEL", "fillingDate": "2019-10-25", "acceptedDate": "2019-10-25 12:25:36", "period": "Q3", "revenue": 3013000000, "costOfRevenue": 64000000, "grossProfit": 2949000000, "grossProfitRatio": 0.97875871224693, "researchAndDevelopmentExpenses": 0.0, "generalAndAdministrativeExpenses": 0.0, "sellingAndMarketingExpenses": 0.0, "otherExpenses": 714000000, "operatingExpenses": 714000000, "costAndExpenses": 2255000000, "interestExpense": 199000000, "depreciationAndAmortization": 482000000, "ebitda": 1240000000, "ebitdaratio": 0.411549950216, "operatingIncome": 758000000, "operatingIncomeRatio": 0.251576501825, "totalOtherIncomeExpensesNet": 137000000, "incomeBeforeTax": 599000000, "incomeBeforeTaxRatio": 0.198805177564, "incomeTaxExpense": 72000000, "netIncome": 527000000, "netIncomeRatio": 0.174908728842, "eps": 1.02, "epsdiluted": 1.01, "weightedAverageShsOut": 517000000, "weightedAverageShsOutDil": 518000000, "link": "https://www.sec.gov/Archives/edgar/data/72903/000007290319000074/0000072903-19-000074-index.htm", "finalLink": "https://www.sec.gov/Archives/edgar/data/72903/000007290319000074/xcel09301910-q.htm"}, {"date": "2019-06-30", "symbol": "XEL", "fillingDate": "2019-08-01", "acceptedDate": "2019-08-01 16:33:06", "period": "Q2", "revenue": 2577000000, "costOfRevenue": 591000000, "grossProfit": 1986000000, "grossProfitRatio": 0.770663562281723, "researchAndDevelopmentExpenses": 0.0, "generalAndAdministrativeExpenses": 0.0, "sellingAndMarketingExpenses": 0.0, "otherExpenses": 684000000, "operatingExpenses": 684000000, "costAndExpenses": 2167000000, "interestExpense": 190000000, "depreciationAndAmortization": 470000000, "ebitda": 880000000, "ebitdaratio": 0.341482343811, "operatingIncome": 410000000, "operatingIncomeRatio": 0.159099728366, "totalOtherIncomeExpensesNet": 142000000, "incomeBeforeTax": 262000000, "incomeBeforeTaxRatio": 0.101668606907, "incomeTaxExpense": 24000000, "netIncome": 238000000, "netIncomeRatio": 0.0923554520761, "eps": 0.46, "epsdiluted": 0.46, "weightedAverageShsOut": 515000000, "weightedAverageShsOutDil": 517000000, "link": "https://www.sec.gov/Archives/edgar/data/72903/000007290319000047/0000072903-19-000047-index.htm", "finalLink": "https://www.sec.gov/Archives/edgar/data/72903/000007290319000047/xcel06301910-q.htm"}, {"date": "2019-03-31", "symbol": "XEL", "fillingDate": "2019-04-26", "acceptedDate": "2019-04-26 16:27:38", "period": "Q1", "revenue": 3141000000, "costOfRevenue": 489000000, "grossProfit": 2652000000, "grossProfitRatio": 0.8443170964660937, "researchAndDevelopmentExpenses": 0.0, "generalAndAdministrativeExpenses": 0.0, "sellingAndMarketingExpenses": 0.0, "otherExpenses": 684000000, "operatingExpenses": 684000000, "costAndExpenses": 2655000000, "interestExpense": 189000000, "depreciationAndAmortization": 469000000, "ebitda": 955000000, "ebitdaratio": 0.304043298313, "operatingIncome": 486000000, "operatingIncomeRatio": 0.154727793696, "totalOtherIncomeExpensesNet": 150000000, "incomeBeforeTax": 340000000, "incomeBeforeTaxRatio": 0.108245781598, "incomeTaxExpense": 25000000, "netIncome": 315000000, "netIncomeRatio": 0.100286532951, "eps": 0.61, "epsdiluted": 0.61, "weightedAverageShsOut": 515000000, "weightedAverageShsOutDil": 516000000, "link": "https://www.sec.gov/Archives/edgar/data/72903/000007290319000019/0000072903-19-000019-index.htm", "finalLink": "https://www.sec.gov/Archives/edgar/data/72903/000007290319000019/xcel03311910-q.htm"}, {"date": "2018-12-31", "symbol": "XEL", "fillingDate": "2019-02-22", "acceptedDate": "2019-02-22 13:40:24", "period": "FY", "revenue": 2880000000, "costOfRevenue": 947000000, "grossProfit": 1933000000, "grossProfitRatio": 0.6711805555555556, "researchAndDevelopmentExpenses": 0.0, "generalAndAdministrativeExpenses": 0.0, "sellingAndMarketingExpenses": 0.0, "otherExpenses": 681000000, "operatingExpenses": 681000000, "costAndExpenses": 2541000000, "interestExpense": 177000000, "depreciationAndAmortization": 476000000, "ebitda": 815000000, "ebitdaratio": 0.282986111111, "operatingIncome": 339000000, "operatingIncomeRatio": 0.117708333333, "totalOtherIncomeExpensesNet": 139000000, "incomeBeforeTax": 208000000, "incomeBeforeTaxRatio": 0.0722222222222, "incomeTaxExpense": -6000000.0, "netIncome": 214000000, "netIncomeRatio": 0.0743055555556, "eps": 0.42, "epsdiluted": 0.42, "weightedAverageShsOut": 511000000, "weightedAverageShsOutDil": 511000000, "link": "https://www.sec.gov/Archives/edgar/data/72903/000007290319000010/0000072903-19-000010-index.htm", "finalLink": "https://www.sec.gov/Archives/edgar/data/72903/000007290319000010/xcel1231201810-k.htm"}, {"date": "2018-09-30", "symbol": "XEL", "fillingDate": "2018-10-26", "acceptedDate": "2018-10-26 16:31:58", "period": "Q3", "revenue": 3048000000, "costOfRevenue": 2907000000, "grossProfit": 141000000, "grossProfitRatio": 0.04625984251968504, "researchAndDevelopmentExpenses": 0.0, "generalAndAdministrativeExpenses": 0.0, "sellingAndMarketingExpenses": 0.0, "otherExpenses": 680000000, "operatingExpenses": 680000000, "costAndExpenses": 2352000000, "interestExpense": 177000000, "depreciationAndAmortization": 474000000, "ebitda": 1170000000, "ebitdaratio": 0.383858267717, "operatingIncome": 696000000, "operatingIncomeRatio": 0.228346456693, "totalOtherIncomeExpensesNet": 135000000, "incomeBeforeTax": 564000000, "incomeBeforeTaxRatio": 0.185039370079, "incomeTaxExpense": 73000000, "netIncome": 491000000, "netIncomeRatio": 0.161089238845, "eps": 0.96, "epsdiluted": 0.96, "weightedAverageShsOut": 510000000, "weightedAverageShsOutDil": 510000000, "link": "https://www.sec.gov/Archives/edgar/data/72903/000007290318000056/0000072903-18-000056-index.htm", "finalLink": "https://www.sec.gov/Archives/edgar/data/72903/000007290318000056/xcel09301810-q.htm"}, {"date": "2018-06-30", "symbol": "XEL", "fillingDate": "2018-07-27", "acceptedDate": "2018-07-27 15:15:19", "period": "Q2", "revenue": 2658000000, "costOfRevenue": 113000000, "grossProfit": 2545000000, "grossProfitRatio": 0.9574868322046651, "researchAndDevelopmentExpenses": 0.0, "generalAndAdministrativeExpenses": 0.0, "sellingAndMarketingExpenses": 0.0, "otherExpenses": 609000000, "operatingExpenses": 609000000, "costAndExpenses": 2208000000, "interestExpense": 175000000, "depreciationAndAmortization": 413000000, "ebitda": 863000000, "ebitdaratio": 0.324680210685, "operatingIncome": 450000000, "operatingIncomeRatio": 0.169300225734, "totalOtherIncomeExpensesNet": 137000000, "incomeBeforeTax": 320000000, "incomeBeforeTaxRatio": 0.120391271633, "incomeTaxExpense": 55000000, "netIncome": 265000000, "netIncomeRatio": 0.0996990218209, "eps": 0.52, "epsdiluted": 0.52, "weightedAverageShsOut": 509000000, "weightedAverageShsOutDil": 510000000, "link": "https://www.sec.gov/Archives/edgar/data/72903/000007290318000042/0000072903-18-000042-index.htm", "finalLink": "https://www.sec.gov/Archives/edgar/data/72903/000007290318000042/xcel06301810-q.htm"}, {"date": "2018-03-31", "symbol": "XEL", "fillingDate": "2018-04-27", "acceptedDate": "2018-04-27 13:27:46", "period": "Q1", "revenue": 2951000000, "costOfRevenue": 383000000, "grossProfit": 2568000000, "grossProfitRatio": 0.870213486953575, "researchAndDevelopmentExpenses": 0.0, "generalAndAdministrativeExpenses": 0.0, "sellingAndMarketingExpenses": 0.0, "otherExpenses": 614000000, "operatingExpenses": 614000000, "costAndExpenses": 2471000000, "interestExpense": 171000000, "depreciationAndAmortization": 418000000, "ebitda": 898000000, "ebitdaratio": 0.30430362589, "operatingIncome": 480000000, "operatingIncomeRatio": 0.162656726533, "totalOtherIncomeExpensesNet": 145000000, "incomeBeforeTax": 350000000, "incomeBeforeTaxRatio": 0.118603863097, "incomeTaxExpense": 59000000, "netIncome": 291000000, "netIncomeRatio": 0.0986106404609, "eps": 0.57, "epsdiluted": 0.57, "weightedAverageShsOut": 509000000, "weightedAverageShsOutDil": 509000000, "link": "https://www.sec.gov/Archives/edgar/data/72903/000007290318000017/0000072903-18-000017-index.htm", "finalLink": "https://www.sec.gov/Archives/edgar/data/72903/000007290318000017/xcel03311810-q.htm"}, {"date": "2017-12-31", "symbol": "XEL", "fillingDate": "2018-02-23", "acceptedDate": "2018-02-23 16:43:58", "period": "FY", "revenue": 2795753000, "costOfRevenue": 857000000, "grossProfit": 1938753000, "grossProfitRatio": 0.6934636214286455, "researchAndDevelopmentExpenses": 0.0, "generalAndAdministrativeExpenses": 0.0, "sellingAndMarketingExpenses": 0.0, "otherExpenses": 599291000, "operatingExpenses": 599291000, "costAndExpenses": 2370023000, "interestExpense": 165068000, "depreciationAndAmortization": 408001000, "ebitda": 833731000, "ebitdaratio": 0.298213397249, "operatingIncome": 425730000, "operatingIncomeRatio": 0.152277400758, "totalOtherIncomeExpensesNet": 545000000, "incomeBeforeTax": 307482000, "incomeBeforeTaxRatio": 0.109981818852, "incomeTaxExpense": 118156000, "netIncome": 189326000, "netIncomeRatio": 0.0677191440016, "eps": 0.37, "epsdiluted": 0.37, "weightedAverageShsOut": 509000000, "weightedAverageShsOutDil": 509000000, "link": "https://www.sec.gov/Archives/edgar/data/72903/000007290318000009/0000072903-18-000009-index.htm", "finalLink": "https://www.sec.gov/Archives/edgar/data/72903/000007290318000009/xcel1231201710-k.htm"}, {"date": "2017-09-30", "symbol": "XEL", "fillingDate": "2017-10-27", "acceptedDate": "2017-10-27 15:06:10", "period": "Q3", "revenue": 3016897000, "costOfRevenue": 72449000, "grossProfit": 2944448000, "grossProfitRatio": 0.9759855904924828, "researchAndDevelopmentExpenses": 0.0, "generalAndAdministrativeExpenses": 0.0, "sellingAndMarketingExpenses": 0.0, "otherExpenses": 601898000, "operatingExpenses": 601898000, "costAndExpenses": 2198538000, "interestExpense": 167803000, "depreciationAndAmortization": 406207000, "ebitda": 1224566000, "ebitdaratio": 0.40590248855, "operatingIncome": 818359000, "operatingIncomeRatio": 0.271258514958, "totalOtherIncomeExpensesNet": 133571000, "incomeBeforeTax": 696932000, "incomeBeforeTaxRatio": 0.231009543912, "incomeTaxExpense": 204791000, "netIncome": 492141000, "netIncomeRatio": 0.163128207559, "eps": 0.97, "epsdiluted": 0.96, "weightedAverageShsOut": 508468000, "weightedAverageShsOutDil": 509052000, "link": "https://www.sec.gov/Archives/edgar/data/72903/000007290317000064/0000072903-17-000064-index.htm", "finalLink": "https://www.sec.gov/Archives/edgar/data/72903/000007290317000064/xcel09301710-q.htm"}, {"date": "2017-06-30", "symbol": "XEL", "fillingDate": "2017-07-28", "acceptedDate": "2017-07-28 15:13:23", "period": "Q2", "revenue": 2644928000, "costOfRevenue": 122498000, "grossProfit": 2522430000, "grossProfitRatio": 0.9536856957920972, "researchAndDevelopmentExpenses": 0.0, "generalAndAdministrativeExpenses": 0.0, "sellingAndMarketingExpenses": 0.0, "otherExpenses": 587162000, "operatingExpenses": 587162000, "costAndExpenses": 2185236000, "interestExpense": 164195000, "depreciationAndAmortization": 396305000, "ebitda": 855997000, "ebitdaratio": 0.32363716517, "operatingIncome": 459692000, "operatingIncomeRatio": 0.173801328429, "totalOtherIncomeExpensesNet": 134926000, "incomeBeforeTax": 329645000, "incomeBeforeTaxRatio": 0.124632882256, "incomeTaxExpense": 102389000, "netIncome": 227256000, "netIncomeRatio": 0.0859214315097, "eps": 0.45, "epsdiluted": 0.45, "weightedAverageShsOut": 508411000, "weightedAverageShsOutDil": 508955000, "link": "https://www.sec.gov/Archives/edgar/data/72903/000007290317000043/0000072903-17-000043-index.htm", "finalLink": "https://www.sec.gov/Archives/edgar/data/72903/000007290317000043/xcel06301710-q.htm"}, {"date": "2017-03-31", "symbol": "XEL", "fillingDate": "2017-04-28", "acceptedDate": "2017-04-28 15:59:14", "period": "Q1", "revenue": 2946422000, "costOfRevenue": 373721000, "grossProfit": 2572701000, "grossProfitRatio": 0.873161074686518, "researchAndDevelopmentExpenses": 0.0, "generalAndAdministrativeExpenses": 0.0, "sellingAndMarketingExpenses": 0.0, "otherExpenses": 591649000, "operatingExpenses": 591649000, "costAndExpenses": 2460203000, "interestExpense": 165934000, "depreciationAndAmortization": 400487000, "ebitda": 886706000, "ebitdaratio": 0.300943313619, "operatingIncome": 486219000, "operatingIncomeRatio": 0.165020149863, "totalOtherIncomeExpensesNet": 142094000, "incomeBeforeTax": 355941000, "incomeBeforeTaxRatio": 0.120804487612, "incomeTaxExpense": 116664000, "netIncome": 239277000, "netIncomeRatio": 0.0812093447578, "eps": 0.47, "epsdiluted": 0.47, "weightedAverageShsOut": 508278000, "weightedAverageShsOutDil": 508774000, "link": "https://www.sec.gov/Archives/edgar/data/72903/000007290317000017/0000072903-17-000017-index.htm", "finalLink": "https://www.sec.gov/Archives/edgar/data/72903/000007290317000017/xcel3311710-q.htm"}, {"date": "2016-12-31", "symbol": "XEL", "fillingDate": "2017-02-24", "acceptedDate": "2017-02-24 14:47:24", "period": "FY", "revenue": 2794651000, "costOfRevenue": 273785000, "grossProfit": 2520866000, "grossProfitRatio": 0.9020324899245022, "researchAndDevelopmentExpenses": 0.0, "generalAndAdministrativeExpenses": 0.0, "sellingAndMarketingExpenses": 0.0, "otherExpenses": 554469000, "operatingExpenses": 554469000, "costAndExpenses": 2329301000, "interestExpense": 161627000, "depreciationAndAmortization": 364342000, "ebitda": 829692000, "ebitdaratio": 0.296885729202, "operatingIncome": 465350000, "operatingIncomeRatio": 0.166514530795, "totalOtherIncomeExpensesNet": 131089000, "incomeBeforeTax": 337235000, "incomeBeforeTaxRatio": 0.120671597276, "incomeTaxExpense": 109758000, "netIncome": 227477000, "netIncomeRatio": 0.0813972835964, "eps": 0.45, "epsdiluted": 0.45, "weightedAverageShsOut": 508794000, "weightedAverageShsOutDil": 509465000, "link": "https://www.sec.gov/Archives/edgar/data/72903/000007290317000008/0000072903-17-000008-index.htm", "finalLink": "https://www.sec.gov/Archives/edgar/data/72903/000007290317000008/xcel1231201610-k.htm"}, {"date": "2016-09-30", "symbol": "XEL", "fillingDate": "2016-10-28", "acceptedDate": "2016-10-28 15:09:18", "period": "Q3", "revenue": 3040147000, "costOfRevenue": 76214000, "grossProfit": 2963933000, "grossProfitRatio": 0.9749308174900753, "researchAndDevelopmentExpenses": 0.0, "generalAndAdministrativeExpenses": 0.0, "sellingAndMarketingExpenses": 0.0, "otherExpenses": 550742000, "operatingExpenses": 550742000, "costAndExpenses": 2213093000, "interestExpense": 165857000, "depreciationAndAmortization": 364320000, "ebitda": 1191374000, "ebitdaratio": 0.391880392626, "operatingIncome": 827054000, "operatingIncomeRatio": 0.272044082079, "totalOtherIncomeExpensesNet": 117190000, "incomeBeforeTax": 696207000, "incomeBeforeTaxRatio": 0.229004386959, "incomeTaxExpense": 238412000, "netIncome": 457795000, "netIncomeRatio": 0.150583179037, "eps": 0.9, "epsdiluted": 0.9, "weightedAverageShsOut": 508840000, "weightedAverageShsOutDil": 509396000, "link": "https://www.sec.gov/Archives/edgar/data/72903/000007290316000171/0000072903-16-000171-index.htm", "finalLink": "https://www.sec.gov/Archives/edgar/data/72903/000007290316000171/xcel9301610-q.htm"}, {"date": "2016-06-30", "symbol": "XEL", "fillingDate": "2016-08-04", "acceptedDate": "2016-08-04 15:57:20", "period": "Q2", "revenue": 2499849000, "costOfRevenue": 98403000, "grossProfit": 2401446000, "grossProfitRatio": 0.9606364224399153, "researchAndDevelopmentExpenses": 0.0, "generalAndAdministrativeExpenses": 0.0, "sellingAndMarketingExpenses": 0.0, "otherExpenses": 534746000, "operatingExpenses": 534746000, "costAndExpenses": 2068268000, "interestExpense": 162980000, "depreciationAndAmortization": 360253000, "ebitda": 791834000, "ebitdaratio": 0.316752731865, "operatingIncome": 431581000, "operatingIncomeRatio": 0.172642827627, "totalOtherIncomeExpensesNet": 138469000, "incomeBeforeTax": 301192000, "incomeBeforeTaxRatio": 0.120484077238, "incomeTaxExpense": 104397000, "netIncome": 196795000, "netIncomeRatio": 0.0787227548544, "eps": 0.39, "epsdiluted": 0.39, "weightedAverageShsOut": 508789000, "weightedAverageShsOutDil": 509311000, "link": "https://www.sec.gov/Archives/edgar/data/72903/000007290316000157/0000072903-16-000157-index.htm", "finalLink": "https://www.sec.gov/Archives/edgar/data/72903/000007290316000157/xcel6301610-q.htm"}, {"date": "2016-03-31", "symbol": "XEL", "fillingDate": "2016-05-10", "acceptedDate": "2016-05-10 16:19:49", "period": "Q1", "revenue": 2772273000, "costOfRevenue": 320362000, "grossProfit": 2451911000, "grossProfitRatio": 0.8844406737720275, "researchAndDevelopmentExpenses": 0.0, "generalAndAdministrativeExpenses": 0.0, "sellingAndMarketingExpenses": 0.0, "otherExpenses": 527909000, "operatingExpenses": 527909000, "costAndExpenses": 2282403000, "interestExpense": 156443000, "depreciationAndAmortization": 350673000, "ebitda": 840543000, "ebitdaratio": 0.303196330232, "operatingIncome": 489870000, "operatingIncomeRatio": 0.176703376616, "totalOtherIncomeExpensesNet": 145323000, "incomeBeforeTax": 369962000, "incomeBeforeTaxRatio": 0.133450782084, "incomeTaxExpense": 128650000, "netIncome": 241312000, "netIncomeRatio": 0.0870448184576, "eps": 0.47, "epsdiluted": 0.47, "weightedAverageShsOut": 508667000, "weightedAverageShsOutDil": 509150000, "link": "https://www.sec.gov/Archives/edgar/data/72903/000007290316000136/0000072903-16-000136-index.htm", "finalLink": "https://www.sec.gov/Archives/edgar/data/72903/000007290316000136/xcel3311610-q.htm"}, {"date": "2015-12-31", "symbol": "XEL", "fillingDate": "2016-02-19", "acceptedDate": "2016-02-19 15:17:33", "period": "FY", "revenue": 2645821000, "costOfRevenue": 249485000, "grossProfit": 2396336000, "grossProfitRatio": 0.9057060171493083, "researchAndDevelopmentExpenses": 0.0, "generalAndAdministrativeExpenses": 0.0, "sellingAndMarketingExpenses": 0.0, "otherExpenses": 502768000, "operatingExpenses": 502768000, "costAndExpenses": 2204811000, "interestExpense": 153554000, "depreciationAndAmortization": 326565000, "ebitda": 767575000, "ebitdaratio": 0.290108438931, "operatingIncome": 441010000, "operatingIncomeRatio": 0.166681721855, "totalOtherIncomeExpensesNet": 122237000, "incomeBeforeTax": 319254000, "incomeBeforeTaxRatio": 0.120663491597, "incomeTaxExpense": 110229000, "netIncome": 209025000, "netIncomeRatio": 0.0790019430642, "eps": 0.41, "epsdiluted": 0.41, "weightedAverageShsOut": 507768000, "weightedAverageShsOutDil": 508168000, "link": "https://www.sec.gov/Archives/edgar/data/72903/000007290316000123/0000072903-16-000123-index.htm", "finalLink": "https://www.sec.gov/Archives/edgar/data/72903/000007290316000123/xcel1231201510-k.htm"}, {"date": "2015-09-30", "symbol": "XEL", "fillingDate": "2015-10-30", "acceptedDate": "2015-10-30 15:53:33", "period": "Q3", "revenue": 2901312000, "costOfRevenue": 74274000, "grossProfit": 2827038000, "grossProfitRatio": 0.9743998577195421, "researchAndDevelopmentExpenses": 0.0, "generalAndAdministrativeExpenses": 0.0, "sellingAndMarketingExpenses": 0.0, "otherExpenses": 482970000, "operatingExpenses": 482970000, "costAndExpenses": 2115500000, "interestExpense": 152566000, "depreciationAndAmortization": 319275000, "ebitda": 1105087000, "ebitdaratio": 0.380892161891, "operatingIncome": 785812000, "operatingIncomeRatio": 0.270847120199, "totalOtherIncomeExpensesNet": 123081000, "incomeBeforeTax": 665492000, "incomeBeforeTaxRatio": 0.229376227031, "incomeTaxExpense": 239029000, "netIncome": 426463000, "netIncomeRatio": 0.146989706726, "eps": 0.84, "epsdiluted": 0.84, "weightedAverageShsOut": 507585000, "weightedAverageShsOutDil": 507976000, "link": "https://www.sec.gov/Archives/edgar/data/72903/000007290315000098/0000072903-15-000098-index.htm", "finalLink": "https://www.sec.gov/Archives/edgar/data/72903/000007290315000098/xcel9301510-q.htm"}, {"date": "2015-06-30", "symbol": "XEL", "fillingDate": "2015-07-31", "acceptedDate": "2015-07-31 15:11:48", "period": "Q2", "revenue": 2515134000, "costOfRevenue": 134831000, "grossProfit": 2380303000, "grossProfitRatio": 0.9463921206583824, "researchAndDevelopmentExpenses": 0.0, "generalAndAdministrativeExpenses": 0.0, "sellingAndMarketingExpenses": 0.0, "otherExpenses": 466800000, "operatingExpenses": 466800000, "costAndExpenses": 2092289000, "interestExpense": 144222000, "depreciationAndAmortization": 301471000, "ebitda": 724316000, "ebitdaratio": 0.287983065713, "operatingIncome": 422845000, "operatingIncomeRatio": 0.168120267151, "totalOtherIncomeExpensesNet": 129731000, "incomeBeforeTax": 306812000, "incomeBeforeTaxRatio": 0.121986343471, "incomeTaxExpense": 109881000, "netIncome": 196931000, "netIncomeRatio": 0.0782984127287, "eps": 0.39, "epsdiluted": 0.39, "weightedAverageShsOut": 507359000, "weightedAverageShsOutDil": 507747000, "link": "https://www.sec.gov/Archives/edgar/data/72903/000007290315000071/0000072903-15-000071-index.htm", "finalLink": "https://www.sec.gov/Archives/edgar/data/72903/000007290315000071/xcel6301510-q.htm"}, {"date": "2015-03-31", "symbol": "XEL", "fillingDate": "2015-05-01", "acceptedDate": "2015-05-01 15:04:53", "period": "Q1", "revenue": 2962219000, "costOfRevenue": 482420000, "grossProfit": 2479799000, "grossProfitRatio": 0.8371423584819353, "researchAndDevelopmentExpenses": 0.0, "generalAndAdministrativeExpenses": 0.0, "sellingAndMarketingExpenses": 0.0, "otherExpenses": 465699000, "operatingExpenses": 465699000, "costAndExpenses": 2611374000, "interestExpense": 144940000, "depreciationAndAmortization": 307304000, "ebitda": 658149000, "ebitdaratio": 0.222181074391, "operatingIncome": 350845000, "operatingIncomeRatio": 0.118439926285, "totalOtherIncomeExpensesNet": 136626000, "incomeBeforeTax": 235646000, "incomeBeforeTaxRatio": 0.079550499136, "incomeTaxExpense": 83580000, "netIncome": 152066000, "netIncomeRatio": 0.0513351646181, "eps": 0.3, "epsdiluted": 0.3, "weightedAverageShsOut": 506983000, "weightedAverageShsOutDil": 507393000, "link": "https://www.sec.gov/Archives/edgar/data/72903/000007290315000028/0000072903-15-000028-index.htm", "finalLink": "https://www.sec.gov/Archives/edgar/data/72903/000007290315000028/xcel3311510-q.htm"}, {"date": "2014-12-31", "symbol": "XEL", "fillingDate": "2015-02-20", "acceptedDate": "2015-02-20 16:02:27", "period": "FY", "revenue": 2928628000, "costOfRevenue": 447975000, "grossProfit": 2480653000, "grossProfitRatio": 0.847035881648335, "researchAndDevelopmentExpenses": 0.0, "generalAndAdministrativeExpenses": 0.0, "sellingAndMarketingExpenses": 0.0, "otherExpenses": 476722000, "operatingExpenses": 476722000, "costAndExpenses": 2537378000, "interestExpense": 144895000, "depreciationAndAmortization": 290524000, "ebitda": 681774000, "ebitdaratio": 0.232796381104, "operatingIncome": 391250000, "operatingIncomeRatio": 0.133594980312, "totalOtherIncomeExpensesNet": 106898000, "incomeBeforeTax": 284156000, "incomeBeforeTaxRatio": 0.097027003771, "incomeTaxExpense": 87817000, "netIncome": 196339000, "netIncomeRatio": 0.0670412903243, "eps": 0.39, "epsdiluted": 0.39, "weightedAverageShsOut": 503847000, "weightedAverageShsOutDil": 504117000, "link": "https://www.sec.gov/Archives/edgar/data/72903/000007290315000011/0000072903-15-000011-index.htm", "finalLink": "https://www.sec.gov/Archives/edgar/data/72903/000007290315000011/xcel1231201410-k.htm"}, {"date": "2014-09-30", "symbol": "XEL", "fillingDate": "2014-10-31", "acceptedDate": "2014-10-31 16:05:02", "period": "Q3", "revenue": 2869807000, "costOfRevenue": 107356000, "grossProfit": 2762451000, "grossProfitRatio": 0.9625912125798006, "researchAndDevelopmentExpenses": 0.0, "generalAndAdministrativeExpenses": 0.0, "sellingAndMarketingExpenses": 0.0, "otherExpenses": 463838000, "operatingExpenses": 463838000, "costAndExpenses": 2204127000, "interestExpense": 143219000, "depreciationAndAmortization": 293055000, "ebitda": 958735000, "ebitdaratio": 0.334076472738, "operatingIncome": 665680000, "operatingIncomeRatio": 0.231959849565, "totalOtherIncomeExpensesNet": 117958000, "incomeBeforeTax": 564551000, "incomeBeforeTaxRatio": 0.196720894471, "incomeTaxExpense": 195969000, "netIncome": 368582000, "netIncomeRatio": 0.128434420851, "eps": 0.73, "epsdiluted": 0.73, "weightedAverageShsOut": 502983000, "weightedAverageShsOutDil": 503213000, "link": "https://www.sec.gov/Archives/edgar/data/72903/000007290314000085/0000072903-14-000085-index.htm", "finalLink": "https://www.sec.gov/Archives/edgar/data/72903/000007290314000085/xcel9301410-q.htm"}, {"date": "2014-06-30", "symbol": "XEL", "fillingDate": "2014-08-01", "acceptedDate": "2014-08-01 16:11:05", "period": "Q2", "revenue": 2685096000, "costOfRevenue": 218543000, "grossProfit": 2466553000, "grossProfitRatio": 0.9186088691056111, "researchAndDevelopmentExpenses": 0.0, "generalAndAdministrativeExpenses": 0.0, "sellingAndMarketingExpenses": 0.0, "otherExpenses": 455428000, "operatingExpenses": 455428000, "costAndExpenses": 2287888000, "interestExpense": 139400000, "depreciationAndAmortization": 292751000, "ebitda": 689959000, "ebitdaratio": 0.256958782852, "operatingIncome": 397208000, "operatingIncomeRatio": 0.147930651269, "totalOtherIncomeExpensesNet": 116278000, "incomeBeforeTax": 299422000, "incomeBeforeTaxRatio": 0.111512586515, "incomeTaxExpense": 104258000, "netIncome": 195164000, "netIncomeRatio": 0.0726841796345, "eps": 0.39, "epsdiluted": 0.39, "weightedAverageShsOut": 501408000, "weightedAverageShsOutDil": 501612000, "link": "https://www.sec.gov/Archives/edgar/data/72903/000007290314000061/0000072903-14-000061-index.htm", "finalLink": "https://www.sec.gov/Archives/edgar/data/72903/000007290314000061/xcel6301410-q.htm"}, {"date": "2014-03-31", "symbol": "XEL", "fillingDate": "2014-05-02", "acceptedDate": "2014-05-02 15:34:23", "period": "Q1", "revenue": 3202604000, "costOfRevenue": 632957000, "grossProfit": 2569647000, "grossProfitRatio": 0.8023617656132322, "researchAndDevelopmentExpenses": 0.0, "generalAndAdministrativeExpenses": 0.0, "sellingAndMarketingExpenses": 0.0, "otherExpenses": 453035000, "operatingExpenses": 453035000, "costAndExpenses": 2708612000, "interestExpense": 139094000, "depreciationAndAmortization": 280760000, "ebitda": 774752000, "ebitdaratio": 0.24191314318, "operatingIncome": 493992000, "operatingIncomeRatio": 0.154246981519, "totalOtherIncomeExpensesNet": 124702000, "incomeBeforeTax": 396992000, "incomeBeforeTaxRatio": 0.123959128259, "incomeTaxExpense": 135771000, "netIncome": 261221000, "netIncomeRatio": 0.0815651888276, "eps": 0.52, "epsdiluted": 0.52, "weightedAverageShsOut": 499523000, "weightedAverageShsOutDil": 499746000, "link": "https://www.sec.gov/Archives/edgar/data/72903/000007290314000027/0000072903-14-000027-index.htm", "finalLink": "https://www.sec.gov/Archives/edgar/data/72903/000007290314000027/xcel3311410-q.htm"}, {"date": "2013-12-31", "symbol": "XEL", "fillingDate": "2014-02-21", "acceptedDate": "2014-02-21 16:07:31", "period": "FY", "revenue": 2730822000, "costOfRevenue": 389255000, "grossProfit": 2341567000, "grossProfitRatio": 0.8574586699535891, "researchAndDevelopmentExpenses": 0.0, "generalAndAdministrativeExpenses": 0.0, "sellingAndMarketingExpenses": 0.0, "otherExpenses": 458442000, "operatingExpenses": 458442000, "costAndExpenses": 2405240000, "interestExpense": 144000000, "depreciationAndAmortization": 284369000, "ebitda": 609951000, "ebitdaratio": 0.22335802187, "operatingIncome": 325582000, "operatingIncomeRatio": 0.119224907372, "totalOtherIncomeExpensesNet": 99735000, "incomeBeforeTax": 223528000, "incomeBeforeTaxRatio": 0.0818537422066, "incomeTaxExpense": 73300000, "netIncome": 150055000, "netIncomeRatio": 0.0549486564851, "eps": 0.3, "epsdiluted": 0.3, "weightedAverageShsOut": 496073000, "weightedAverageShsOutDil": 496532000, "link": "https://www.sec.gov/Archives/edgar/data/72903/000007290314000009/0000072903-14-000009-index.htm", "finalLink": "https://www.sec.gov/Archives/edgar/data/72903/000007290314000009/xcel1231201310-k.htm"}, {"date": "2013-09-30", "symbol": "XEL", "fillingDate": "2013-10-25", "acceptedDate": "2013-10-25 15:40:50", "period": "Q3", "revenue": 2822338000, "costOfRevenue": 82387000, "grossProfit": 2739951000, "grossProfitRatio": 0.9708089534279736, "researchAndDevelopmentExpenses": 0.0, "generalAndAdministrativeExpenses": 0.0, "sellingAndMarketingExpenses": 0.0, "otherExpenses": 431683000, "operatingExpenses": 431683000, "costAndExpenses": 2157225000, "interestExpense": 144758000, "depreciationAndAmortization": 261526000, "ebitda": 926639000, "ebitdaratio": 0.328323184537, "operatingIncome": 665113000, "operatingIncomeRatio": 0.235660292991, "totalOtherIncomeExpensesNet": 105287000, "incomeBeforeTax": 557885000, "incomeBeforeTaxRatio": 0.197667678357, "incomeTaxExpense": 193349000, "netIncome": 364752000, "netIncomeRatio": 0.129237532854, "eps": 0.73, "epsdiluted": 0.73, "weightedAverageShsOut": 495256000, "weightedAverageShsOutDil": 495767000, "link": "https://www.sec.gov/Archives/edgar/data/72903/000007290313000009/0000072903-13-000009-index.htm", "finalLink": "https://www.sec.gov/Archives/edgar/data/72903/000007290313000009/xcel9301310-q.htm"}, {"date": "2013-06-30", "symbol": "XEL", "fillingDate": "2013-08-02", "acceptedDate": "2013-08-02 15:12:53", "period": "Q2", "revenue": 2578913000, "costOfRevenue": 196646000, "grossProfit": 2382267000, "grossProfitRatio": 0.9237484940360532, "researchAndDevelopmentExpenses": 0.0, "generalAndAdministrativeExpenses": 0.0, "sellingAndMarketingExpenses": 0.0, "otherExpenses": 440891000, "operatingExpenses": 440891000, "costAndExpenses": 2176677000, "interestExpense": 146828000, "depreciationAndAmortization": 278330000, "ebitda": 680566000, "ebitdaratio": 0.2638964556, "operatingIncome": 402236000, "operatingIncomeRatio": 0.155971139779, "totalOtherIncomeExpensesNet": 102051000, "incomeBeforeTax": 295775000, "incomeBeforeTaxRatio": 0.114689793723, "incomeTaxExpense": 98893000, "netIncome": 196857000, "netIncomeRatio": 0.0763333233808, "eps": 0.4, "epsdiluted": 0.4, "weightedAverageShsOut": 493786000, "weightedAverageShsOutDil": 494303000, "link": "https://www.sec.gov/Archives/edgar/data/72903/000144530513001831/0001445305-13-001831-index.htm", "finalLink": "https://www.sec.gov/Archives/edgar/data/72903/000144530513001831/xcel6301310-q.htm"}, {"date": "2013-03-31", "symbol": "XEL", "fillingDate": "2013-05-03", "acceptedDate": "2013-05-03 16:11:18", "period": "Q1", "revenue": 2782849000, "costOfRevenue": 447786000, "grossProfit": 2335063000, "grossProfitRatio": 0.8390908022677479, "researchAndDevelopmentExpenses": 0.0, "generalAndAdministrativeExpenses": 0.0, "sellingAndMarketingExpenses": 0.0, "otherExpenses": 443593000, "operatingExpenses": 443593000, "costAndExpenses": 2328225000, "interestExpense": 139613000, "depreciationAndAmortization": 282238000, "ebitda": 736862000, "ebitdaratio": 0.264786914418, "operatingIncome": 454624000, "operatingIncomeRatio": 0.163366391781, "totalOtherIncomeExpensesNet": 113427000, "incomeBeforeTax": 355022000, "incomeBeforeTaxRatio": 0.127575013952, "incomeTaxExpense": 118434000, "netIncome": 236570000, "netIncomeRatio": 0.0850100023393, "eps": 0.48, "epsdiluted": 0.48, "weightedAverageShsOut": 489781000, "weightedAverageShsOutDil": 490531000, "link": "https://www.sec.gov/Archives/edgar/data/72903/000114036113018699/0001140361-13-018699-index.htm", "finalLink": "https://www.sec.gov/Archives/edgar/data/72903/000114036113018699/form10q.htm"}, {"date": "2012-12-31", "symbol": "XEL", "fillingDate": "2013-02-22", "acceptedDate": "2013-02-22 16:14:24", "period": "FY", "revenue": 2551135000, "costOfRevenue": 332063000, "grossProfit": 2219072000, "grossProfitRatio": 0.8698371509151809, "researchAndDevelopmentExpenses": 0.0, "generalAndAdministrativeExpenses": 0.0, "sellingAndMarketingExpenses": 0.0, "otherExpenses": 434500000, "operatingExpenses": 434500000, "costAndExpenses": 2234738000, "interestExpense": 144112000, "depreciationAndAmortization": 261299000, "ebitda": 577696000, "ebitdaratio": 0.226446660016, "operatingIncome": 316397000, "operatingIncomeRatio": 0.124022052929, "totalOtherIncomeExpensesNet": 103032000, "incomeBeforeTax": 210250000, "incomeBeforeTaxRatio": 0.0824142979497, "incomeTaxExpense": 70042000, "netIncome": 140170000, "netIncomeRatio": 0.0549441719078, "eps": 0.29, "epsdiluted": 0.28, "weightedAverageShsOut": 487899000, "weightedAverageShsOutDil": 488434000, "link": "https://www.sec.gov/Archives/edgar/data/72903/000114036113008903/0001140361-13-008903-index.htm", "finalLink": "https://www.sec.gov/Archives/edgar/data/72903/000114036113008903/form10k.htm"}, {"date": "2012-09-30", "symbol": "XEL", "fillingDate": "2012-10-26", "acceptedDate": "2012-10-26 16:15:36", "period": "Q3", "revenue": 2724341000, "costOfRevenue": 56990000, "grossProfit": 2667351000, "grossProfitRatio": 0.9790811796320652, "researchAndDevelopmentExpenses": 0.0, "generalAndAdministrativeExpenses": 0.0, "sellingAndMarketingExpenses": 0.0, "otherExpenses": 451251000, "operatingExpenses": 451251000, "costAndExpenses": 2003907000, "interestExpense": 153719000, "depreciationAndAmortization": 274665000, "ebitda": 995099000, "ebitdaratio": 0.365262278107, "operatingIncome": 720434000, "operatingIncomeRatio": 0.264443401175, "totalOtherIncomeExpensesNet": 100636000, "incomeBeforeTax": 600992000, "incomeBeforeTaxRatio": 0.220600871917, "incomeTaxExpense": 202845000, "netIncome": 398106000, "netIncomeRatio": 0.146129284109, "eps": 0.82, "epsdiluted": 0.82, "weightedAverageShsOut": 487722000, "weightedAverageShsOutDil": 488198000, "link": "https://www.sec.gov/Archives/edgar/data/72903/000114036112044778/0001140361-12-044778-index.htm", "finalLink": "https://www.sec.gov/Archives/edgar/data/72903/000114036112044778/form10q.htm"}, {"date": "2012-06-30", "symbol": "XEL", "fillingDate": "2012-08-03", "acceptedDate": "2012-08-03 15:41:35", "period": "Q2", "revenue": 2274668000, "costOfRevenue": 95703000, "grossProfit": 2178965000, "grossProfitRatio": 0.9579266073114846, "researchAndDevelopmentExpenses": 0.0, "generalAndAdministrativeExpenses": 0.0, "sellingAndMarketingExpenses": 0.0, "otherExpenses": 429494000, "operatingExpenses": 429494000, "costAndExpenses": 1868978000, "interestExpense": 151921000, "depreciationAndAmortization": 256668000, "ebitda": 662358000, "ebitdaratio": 0.291188868002, "operatingIncome": 405690000, "operatingIncomeRatio": 0.178351302256, "totalOtherIncomeExpensesNet": 99632000, "incomeBeforeTax": 284876000, "incomeBeforeTaxRatio": 0.125238496343, "incomeTaxExpense": 101801000, "netIncome": 183060000, "netIncomeRatio": 0.0804776785008, "eps": 0.37, "epsdiluted": 0.37, "weightedAverageShsOut": 487538000, "weightedAverageShsOutDil": 488006000, "link": "https://www.sec.gov/Archives/edgar/data/72903/000114036112035044/0001140361-12-035044-index.htm", "finalLink": "https://www.sec.gov/Archives/edgar/data/72903/000114036112035044/form10q.htm"}, {"date": "2012-03-31", "symbol": "XEL", "fillingDate": "2012-04-27", "acceptedDate": "2012-04-27 16:33:09", "period": "Q1", "revenue": 2578079000, "costOfRevenue": 425250000, "grossProfit": 2152829000, "grossProfitRatio": 0.8350516023752569, "researchAndDevelopmentExpenses": 0.0, "generalAndAdministrativeExpenses": 0.0, "sellingAndMarketingExpenses": 0.0, "otherExpenses": 437602000, "operatingExpenses": 437602000, "costAndExpenses": 2197917000, "interestExpense": 151830000, "depreciationAndAmortization": 260979000, "ebitda": 641141000, "ebitdaratio": 0.248689431162, "operatingIncome": 380162000, "operatingIncomeRatio": 0.147459406791, "totalOtherIncomeExpensesNet": 105624000, "incomeBeforeTax": 259284000, "incomeBeforeTaxRatio": 0.100572558095, "incomeTaxExpense": 75515000, "netIncome": 183893000, "netIncomeRatio": 0.07132946663, "eps": 0.38, "epsdiluted": 0.38, "weightedAverageShsOut": 487360000, "weightedAverageShsOutDil": 487995000, "link": "https://www.sec.gov/Archives/edgar/data/72903/000114036112021736/0001140361-12-021736-index.htm", "finalLink": "https://www.sec.gov/Archives/edgar/data/72903/000114036112021736/form10q.htm"}, {"date": "2011-12-31", "symbol": "XEL", "fillingDate": "2012-02-24", "acceptedDate": "2012-02-24 16:42:36", "period": "FY", "revenue": 2568410000, "costOfRevenue": 378642000, "grossProfit": 2189768000, "grossProfitRatio": 0.8525772754349967, "researchAndDevelopmentExpenses": 0.0, "generalAndAdministrativeExpenses": 0.0, "sellingAndMarketingExpenses": 0.0, "otherExpenses": 409395000, "operatingExpenses": 409395000, "costAndExpenses": 2224409000, "interestExpense": 152395000, "depreciationAndAmortization": 226364000, "ebitda": 570365000, "ebitdaratio": 0.22206929579, "operatingIncome": 344001000, "operatingIncomeRatio": 0.133935391935, "totalOtherIncomeExpensesNet": 96738000, "incomeBeforeTax": 219419000, "incomeBeforeTaxRatio": 0.0854298963172, "incomeTaxExpense": 78478000, "netIncome": 140509000, "netIncomeRatio": 0.0547066083686, "eps": 0.29, "epsdiluted": 0.29, "weightedAverageShsOut": 485039000, "weightedAverageShsOutDil": 485615000, "link": "https://www.sec.gov/Archives/edgar/data/72903/000114036112010717/0001140361-12-010717-index.htm", "finalLink": "https://www.sec.gov/Archives/edgar/data/72903/000114036112010717/form10k.htm"}, {"date": "2011-09-30", "symbol": "XEL", "fillingDate": "2011-10-28", "acceptedDate": "2011-10-28 16:35:37", "period": "Q3", "revenue": 2831598000, "costOfRevenue": 94261000, "grossProfit": 2737337000, "grossProfitRatio": 0.9667110232455314, "researchAndDevelopmentExpenses": 0.0, "generalAndAdministrativeExpenses": 0.0, "sellingAndMarketingExpenses": 0.0, "otherExpenses": 455319000, "operatingExpenses": 455319000, "costAndExpenses": 2180102000, "interestExpense": 148011000, "depreciationAndAmortization": 280384000, "ebitda": 931880000, "ebitdaratio": 0.329100387838, "operatingIncome": 651496000, "operatingIncomeRatio": 0.230080682357, "totalOtherIncomeExpensesNet": 89018000, "incomeBeforeTax": 531599000, "incomeBeforeTaxRatio": 0.187738160572, "incomeTaxExpense": 193304000, "netIncome": 338332000, "netIncomeRatio": 0.119484474844, "eps": 0.69, "epsdiluted": 0.69, "weightedAverageShsOut": 484640000, "weightedAverageShsOutDil": 485152000, "link": "https://www.sec.gov/Archives/edgar/data/72903/000114036111050788/0001140361-11-050788-index.htm", "finalLink": "https://www.sec.gov/Archives/edgar/data/72903/000114036111050788/form10q.htm"}, {"date": "2011-06-30", "symbol": "XEL", "fillingDate": "2011-07-29", "acceptedDate": "2011-07-29 16:22:34", "period": "Q2", "revenue": 2438222000, "costOfRevenue": 169947000, "grossProfit": 2268275000, "grossProfitRatio": 0.930298799699125, "researchAndDevelopmentExpenses": 0.0, "generalAndAdministrativeExpenses": 0.0, "sellingAndMarketingExpenses": 0.0, "otherExpenses": 147957000, "operatingExpenses": 147957000, "costAndExpenses": 2078780000, "interestExpense": 146338000, "depreciationAndAmortization": 255031000, "ebitda": 614473000, "ebitdaratio": 0.2520168385, "operatingIncome": 359442000, "operatingIncomeRatio": 0.147419718139, "totalOtherIncomeExpensesNet": 92489000, "incomeBeforeTax": 355205000, "incomeBeforeTaxRatio": 0.145681976457, "incomeTaxExpense": 84533000, "netIncome": 159822000, "netIncomeRatio": 0.0655485841732, "eps": 0.32, "epsdiluted": 0.32, "weightedAverageShsOut": 484283000, "weightedAverageShsOutDil": 484775000, "link": "https://www.sec.gov/Archives/edgar/data/72903/000114036111038534/0001140361-11-038534-index.htm", "finalLink": "https://www.sec.gov/Archives/edgar/data/72903/000114036111038534/form10q.htm"}, {"date": "2011-03-31", "symbol": "XEL", "fillingDate": "2011-04-29", "acceptedDate": "2011-04-29 16:12:23", "period": "Q1", "revenue": 2816540000, "costOfRevenue": 551431000, "grossProfit": 2265109000, "grossProfitRatio": 0.804216876025194, "researchAndDevelopmentExpenses": 0.0, "generalAndAdministrativeExpenses": 0.0, "sellingAndMarketingExpenses": 0.0, "otherExpenses": 722243000, "operatingExpenses": 722243000, "costAndExpenses": 2389877000, "interestExpense": 144354000, "depreciationAndAmortization": 257792000, "ebitda": 684455000, "ebitdaratio": 0.24301270353, "operatingIncome": 426663000, "operatingIncomeRatio": 0.1514848005, "totalOtherIncomeExpensesNet": 96570000, "incomeBeforeTax": 203467000, "incomeBeforeTaxRatio": 0.0722400533989, "incomeTaxExpense": 112001000, "netIncome": 202509000, "netIncomeRatio": 0.0718999197597, "eps": 0.42, "epsdiluted": 0.42, "weightedAverageShsOut": 483641000, "weightedAverageShsOutDil": 484301000, "link": "https://www.sec.gov/Archives/edgar/data/72903/000114036111024012/0001140361-11-024012-index.htm", "finalLink": "https://www.sec.gov/Archives/edgar/data/72903/000114036111024012/form10q.htm"}, {"date": "2010-12-31", "symbol": "XEL", "fillingDate": "2011-02-28", "acceptedDate": "2011-02-28 07:53:49", "period": "FY", "revenue": 5195721000, "costOfRevenue": 396575000, "grossProfit": 4799146000, "grossProfitRatio": 0.9236727684184736, "researchAndDevelopmentExpenses": 0.0, "generalAndAdministrativeExpenses": 0.0, "sellingAndMarketingExpenses": 0.0, "otherExpenses": 1463521000, "operatingExpenses": 1463521000, "costAndExpenses": 4304721000, "interestExpense": 292006000, "depreciationAndAmortization": 512370000, "ebitda": 1403370000, "ebitdaratio": 0.2701011082, "operatingIncome": 891000000, "operatingIncomeRatio": 0.171487268081, "totalOtherIncomeExpensesNet": 87719000, "incomeBeforeTax": 448991000, "incomeBeforeTaxRatio": 0.0864155330896, "incomeTaxExpense": 237871000, "netIncome": 446819000, "netIncomeRatio": 0.0859974967863, "eps": 0.97, "epsdiluted": 0.96, "weightedAverageShsOut": 462052000, "weightedAverageShsOutDil": 463391000, "link": "https://www.sec.gov/Archives/edgar/data/72903/000114036111012444/0001140361-11-012444-index.htm", "finalLink": "https://www.sec.gov/Archives/edgar/data/72903/000114036111012444/form10-k.htm"}, {"date": "2010-09-30", "symbol": "XEL", "fillingDate": "2010-10-29", "acceptedDate": "2010-10-29 16:19:26", "period": "Q3", "revenue": 2628787000, "costOfRevenue": 75419000, "grossProfit": 2553368000, "grossProfitRatio": 0.9713103419942354, "researchAndDevelopmentExpenses": 0.0, "generalAndAdministrativeExpenses": 0.0, "sellingAndMarketingExpenses": 0.0, "otherExpenses": 2060157000, "operatingExpenses": 2060157000, "costAndExpenses": 2135576000, "interestExpense": 0.0, "depreciationAndAmortization": 226269000, "ebitda": 794899000, "ebitdaratio": 0.3023824296148756, "operatingIncome": 568630000, "operatingIncomeRatio": 0.21630889075455714, "totalOtherIncomeExpensesNet": 81791000, "incomeBeforeTax": 478688000, "incomeBeforeTaxRatio": 0.1820946314783206, "incomeTaxExpense": 0.0, "netIncome": 312306000, "netIncomeRatio": 0.11880232213564659, "eps": 1.33, "epsdiluted": 1.33, "weightedAverageShsOut": 459816000, "weightedAverageShsOutDil": 460722000, "link": "https://www.sec.gov/Archives/edgar/data/72903/000114036110042720/0001140361-10-042720-index.htm", "finalLink": "https://www.sec.gov/Archives/edgar/data/72903/000114036110042720/form10q.htm"}, {"date": "2010-06-30", "symbol": "XEL", "fillingDate": "2010-07-30", "acceptedDate": "2010-07-30 17:00:16", "period": "Q2", "revenue": 2307764000, "costOfRevenue": 131667000, "grossProfit": 2176097000, "grossProfitRatio": 0.9429460724753485, "researchAndDevelopmentExpenses": 0.0, "generalAndAdministrativeExpenses": 0.0, "sellingAndMarketingExpenses": 0.0, "otherExpenses": 707071000, "operatingExpenses": 707071000, "costAndExpenses": 1982460000, "interestExpense": 141455000, "depreciationAndAmortization": 242667000, "ebitda": 567971000, "ebitdaratio": 0.246113120752, "operatingIncome": 325304000, "operatingIncomeRatio": 0.140960687488, "totalOtherIncomeExpensesNet": 81008000, "incomeBeforeTax": 135625000, "incomeBeforeTaxRatio": 0.0587690075762, "incomeTaxExpense": 76866000, "netIncome": 138716000, "netIncomeRatio": 0.0601083992991, "eps": 0.3, "epsdiluted": 0.3, "weightedAverageShsOut": 459483000, "weightedAverageShsOutDil": 460068000, "link": "https://www.sec.gov/Archives/edgar/data/72903/000110465910040854/0001104659-10-040854-index.htm", "finalLink": "https://www.sec.gov/Archives/edgar/data/72903/000110465910040854/a10-10915_110q.htm"}, {"date": "2010-03-31", "symbol": "XEL", "fillingDate": "2010-04-30", "acceptedDate": "2010-04-30 16:49:26", "period": "Q1", "revenue": 2807462000, "costOfRevenue": 588805000, "grossProfit": 2218657000, "grossProfitRatio": 0.7902714266479831, "researchAndDevelopmentExpenses": 0.0, "generalAndAdministrativeExpenses": 0.0, "sellingAndMarketingExpenses": 0.0, "otherExpenses": 675105000, "operatingExpenses": 675105000, "costAndExpenses": 2403797000, "interestExpense": 143830000, "depreciationAndAmortization": 244218000, "ebitda": 647883000, "ebitdaratio": 0.230771778923, "operatingIncome": 403665000, "operatingIncomeRatio": 0.143782890027, "totalOtherIncomeExpensesNet": 81376000, "incomeBeforeTax": 167340000, "incomeBeforeTaxRatio": 0.0596054372241, "incomeTaxExpense": 121898000, "netIncome": 166058000, "netIncomeRatio": 0.0591487970274, "eps": 0.36, "epsdiluted": 0.36, "weightedAverageShsOut": 458918000, "weightedAverageShsOutDil": 459697000, "link": "https://www.sec.gov/Archives/edgar/data/72903/000110465910024080/0001104659-10-024080-index.htm", "finalLink": "https://www.sec.gov/Archives/edgar/data/72903/000110465910024080/a10-5601_110q.htm"}, {"date": "2009-12-31", "symbol": "XEL", "fillingDate": "2010-02-26", "acceptedDate": "2010-02-26 16:23:37", "period": "FY", "revenue": 2618116000, "costOfRevenue": 464488000, "grossProfit": 2153628000, "grossProfitRatio": 0.8225869289214076, "researchAndDevelopmentExpenses": 0.0, "generalAndAdministrativeExpenses": 0.0, "sellingAndMarketingExpenses": 0.0, "otherExpenses": 2264857000, "operatingExpenses": 2264857000, "costAndExpenses": 2729345000, "interestExpense": 0.0, "depreciationAndAmortization": 191373000, "ebitda": 544632000, "ebitdaratio": 0.20802439616884813, "operatingIncome": 353259000, "operatingIncomeRatio": 0.1349287044577093, "totalOtherIncomeExpensesNet": 77408000, "incomeBeforeTax": 272342000, "incomeBeforeTaxRatio": 0.10402212888962903, "incomeTaxExpense": 0.0, "netIncome": -103609000, "netIncomeRatio": -0.03957387678773591, "eps": 1.49, "epsdiluted": 1.49, "weightedAverageShsOut": 456433000, "weightedAverageShsOutDil": 457139000, "link": "https://www.sec.gov/Archives/edgar/data/72903/000104746910001536/0001047469-10-001536-index.htm", "finalLink": "https://www.sec.gov/Archives/edgar/data/72903/000104746910001536/a2196778z10-k.htm"}, {"date": "2009-09-30", "symbol": "XEL", "fillingDate": "2009-10-30", "acceptedDate": "2009-10-30 16:27:16", "period": "Q3", "revenue": 2314562000, "costOfRevenue": 76553000, "grossProfit": 2238009000, "grossProfitRatio": 0.9669254917345053, "researchAndDevelopmentExpenses": 0.0, "generalAndAdministrativeExpenses": 0.0, "sellingAndMarketingExpenses": 0.0, "otherExpenses": 1849414000, "operatingExpenses": 1849414000, "costAndExpenses": 1925967000, "interestExpense": 0.0, "depreciationAndAmortization": 210479000, "ebitda": 675627000, "ebitdaratio": 0.29190274445013786, "operatingIncome": 465148000, "operatingIncomeRatio": 0.2009658846900623, "totalOtherIncomeExpensesNet": 78914000, "incomeBeforeTax": 353040000, "incomeBeforeTaxRatio": 0.15252993870978612, "incomeTaxExpense": 0.0, "netIncome": 493322000, "netIncomeRatio": 0.2131383821215418, "eps": 1.12, "epsdiluted": 1.11, "weightedAverageShsOut": 456433000, "weightedAverageShsOutDil": 457139000, "link": "https://www.sec.gov/Archives/edgar/data/72903/000110465909061541/0001104659-09-061541-index.htm", "finalLink": "https://www.sec.gov/Archives/edgar/data/72903/000110465909061541/a09-30440_110q.htm"}, {"date": "2009-06-30", "symbol": "XEL", "fillingDate": "2009-07-31", "acceptedDate": "2009-07-31 15:45:37", "period": "Q2", "revenue": 2016083000, "costOfRevenue": 150375000, "grossProfit": 1865708000, "grossProfitRatio": 0.9254122970135654, "researchAndDevelopmentExpenses": 0.0, "generalAndAdministrativeExpenses": 0.0, "sellingAndMarketingExpenses": 0.0, "otherExpenses": 1736715000, "operatingExpenses": 1736715000, "costAndExpenses": 1887090000, "interestExpense": 0.0, "depreciationAndAmortization": 213817000, "ebitda": 493185000, "ebitdaratio": 0.24462534528588356, "operatingIncome": 279368000, "operatingIncomeRatio": 0.1385696918232037, "totalOtherIncomeExpensesNet": 73073000, "incomeBeforeTax": 171655000, "incomeBeforeTaxRatio": 0.08514282398095713, "incomeTaxExpense": 0.0, "netIncome": 117107000, "netIncomeRatio": 0.05808639822864436, "eps": 0.63, "epsdiluted": 0.63, "weightedAverageShsOut": 456433000, "weightedAverageShsOutDil": 457139000, "link": "https://www.sec.gov/Archives/edgar/data/72903/000110465909046313/0001104659-09-046313-index.htm", "finalLink": "https://www.sec.gov/Archives/edgar/data/72903/000110465909046313/a09-17583_110q.htm"}, {"date": "2009-03-31", "symbol": "XEL", "fillingDate": "2009-04-30", "acceptedDate": "2009-04-30 17:13:50", "period": "Q1", "revenue": 2695542000, "costOfRevenue": 597131000, "grossProfit": 2098411000, "grossProfitRatio": 0.7784746073331449, "researchAndDevelopmentExpenses": 0.0, "generalAndAdministrativeExpenses": 0.0, "sellingAndMarketingExpenses": 0.0, "otherExpenses": 2324745000, "operatingExpenses": 2324745000, "costAndExpenses": 2921876000, "interestExpense": 0.0, "depreciationAndAmortization": 219928000, "ebitda": 590725000, "ebitdaratio": 0.21914887618148782, "operatingIncome": 370797000, "operatingIncomeRatio": 0.13755934799012592, "totalOtherIncomeExpensesNet": 77038000, "incomeBeforeTax": 259801000, "incomeBeforeTaxRatio": 0.09638172953713947, "incomeTaxExpense": 0.0, "netIncome": 174067000, "netIncomeRatio": 0.06457588121424189, "eps": 0.38, "epsdiluted": 0.38, "weightedAverageShsOut": 455192000, "weightedAverageShsOutDil": 455952000, "link": "https://www.sec.gov/Archives/edgar/data/72903/000110465909027822/0001104659-09-027822-index.htm", "finalLink": "https://www.sec.gov/Archives/edgar/data/72903/000110465909027822/a09-9808_110q.htm"}, {"date": "2008-12-31", "symbol": "XEL", "fillingDate": "2009-02-27", "acceptedDate": "2009-02-27 17:14:34", "period": "FY", "revenue": 2707573000, "costOfRevenue": 540955000, "grossProfit": 2166618000, "grossProfitRatio": 0.8002066795613636, "researchAndDevelopmentExpenses": 0.0, "generalAndAdministrativeExpenses": 0.0, "sellingAndMarketingExpenses": 0.0, "otherExpenses": 2354730000, "operatingExpenses": 2354730000, "costAndExpenses": 2895685000, "interestExpense": 0.0, "depreciationAndAmortization": 206701000, "ebitda": 559544000, "ebitdaratio": 0.20665887863411253, "operatingIncome": 352843000, "operatingIncomeRatio": 0.1303170773234923, "totalOtherIncomeExpensesNet": 68360000, "incomeBeforeTax": 248798000, "incomeBeforeTaxRatio": 0.09188967388875573, "incomeTaxExpense": 0.0, "netIncome": 164076000, "netIncomeRatio": 0.06059892013991867, "eps": 1.47, "epsdiluted": 1.47, "weightedAverageShsOut": 437054000, "weightedAverageShsOutDil": 441813000, "link": "https://www.sec.gov/Archives/edgar/data/72903/000104746909002013/0001047469-09-002013-index.htm", "finalLink": "https://www.sec.gov/Archives/edgar/data/72903/000104746909002013/a2190946z10-k.htm"}, {"date": "2008-09-30", "symbol": "XEL", "fillingDate": "2008-10-24", "acceptedDate": "2008-10-24 15:39:51", "period": "Q3", "revenue": 2851680000, "costOfRevenue": 160332000, "grossProfit": 2691348000, "grossProfitRatio": 0.9437763002861471, "researchAndDevelopmentExpenses": 0.0, "generalAndAdministrativeExpenses": 0.0, "sellingAndMarketingExpenses": 0.0, "otherExpenses": 2403686000, "operatingExpenses": 2403686000, "costAndExpenses": 2564018000, "interestExpense": 18815000, "depreciationAndAmortization": 222992000, "ebitda": 670986000, "ebitdaratio": 0.23529498400942603, "operatingIncome": 447994000, "operatingIncomeRatio": 0.1570982718958649, "totalOtherIncomeExpensesNet": 70245000, "incomeBeforeTax": 344451000, "incomeBeforeTaxRatio": 0.12078879818212422, "incomeTaxExpense": 0.0, "netIncome": 222788000, "netIncomeRatio": 0.07812517533524098, "eps": 1.11, "epsdiluted": 1.11, "weightedAverageShsOut": 431511000, "weightedAverageShsOutDil": 436716000, "link": "https://www.sec.gov/Archives/edgar/data/72903/000110465908065689/0001104659-08-065689-index.htm", "finalLink": "https://www.sec.gov/Archives/edgar/data/72903/000110465908065689/a08-25777_110q.htm"}, {"date": "2008-06-30", "symbol": "XEL", "fillingDate": "2008-08-01", "acceptedDate": "2008-08-01 16:40:33", "period": "Q2", "revenue": 2615515000, "costOfRevenue": 323914000, "grossProfit": 2291601000, "grossProfitRatio": 0.876156703364347, "researchAndDevelopmentExpenses": 0.0, "generalAndAdministrativeExpenses": 0.0, "sellingAndMarketingExpenses": 0.0, "otherExpenses": 2355679000, "operatingExpenses": 2355679000, "costAndExpenses": 2679593000, "interestExpense": -18815000, "depreciationAndAmortization": 227428000, "ebitda": 487264000, "ebitdaratio": 0.18629753604930577, "operatingIncome": 259836000, "operatingIncomeRatio": 0.09934410622764542, "totalOtherIncomeExpensesNet": 68562000, "incomeBeforeTax": 160579000, "incomeBeforeTaxRatio": 0.061394792230210875, "incomeTaxExpense": 0.0, "netIncome": 105573000, "netIncomeRatio": 0.040364134787986304, "eps": 0.6, "epsdiluted": 0.6, "weightedAverageShsOut": 430187000, "weightedAverageShsOutDil": 435360000, "link": "https://www.sec.gov/Archives/edgar/data/72903/000110465908049297/0001104659-08-049297-index.htm", "finalLink": "https://www.sec.gov/Archives/edgar/data/72903/000110465908049297/a08-19148_110q.htm"}, {"date": "2008-03-31", "symbol": "XEL", "fillingDate": "2008-05-02", "acceptedDate": "2008-05-02 17:06:58", "period": "Q1", "revenue": 3028388000, "costOfRevenue": 828580000, "grossProfit": 2199808000, "grossProfitRatio": 0.7263956930221623, "researchAndDevelopmentExpenses": 0.0, "generalAndAdministrativeExpenses": 0.0, "sellingAndMarketingExpenses": 0.0, "otherExpenses": 2698270000, "operatingExpenses": 2698270000, "costAndExpenses": 3526850000, "interestExpense": 0.0, "depreciationAndAmortization": 226271000, "ebitda": 556389000, "ebitdaratio": 0.1837244765201817, "operatingIncome": 330118000, "operatingIncomeRatio": 0.10900782858735407, "totalOtherIncomeExpensesNet": 79413000, "incomeBeforeTax": 230578000, "incomeBeforeTaxRatio": 0.07613885671188765, "incomeTaxExpense": 0.0, "netIncome": 153117000, "netIncomeRatio": 0.050560562252921354, "eps": 0.35, "epsdiluted": 0.35, "weightedAverageShsOut": 429563000, "weightedAverageShsOutDil": 434853000, "link": "https://www.sec.gov/Archives/edgar/data/72903/000110465908029542/0001104659-08-029542-index.htm", "finalLink": "https://www.sec.gov/Archives/edgar/data/72903/000110465908029542/a08-13138_110q.htm"}, {"date": "2007-12-31", "symbol": "XEL", "fillingDate": "2008-02-20", "acceptedDate": "2008-02-20 17:28:42", "period": "FY", "revenue": 2603219000, "costOfRevenue": 508212000, "grossProfit": 2095007000, "grossProfitRatio": 0.8047755490413984, "researchAndDevelopmentExpenses": 0.0, "generalAndAdministrativeExpenses": 0.0, "sellingAndMarketingExpenses": 0.0, "otherExpenses": 2317433000, "operatingExpenses": 2317433000, "costAndExpenses": 2825645000, "interestExpense": 0.0, "depreciationAndAmortization": 210890000, "ebitda": 496676000, "ebitdaratio": 0.19079301434109078, "operatingIncome": 285786000, "operatingIncomeRatio": 0.10978177402669541, "totalOtherIncomeExpensesNet": 67291000, "incomeBeforeTax": 130577000, "incomeBeforeTaxRatio": 0.050159821359632054, "incomeTaxExpense": 0.0, "netIncome": 129922000, "netIncomeRatio": 0.049908209797178034, "eps": 1.38, "epsdiluted": 1.38, "weightedAverageShsOut": 416139000, "weightedAverageShsOutDil": 433131000, "link": "https://www.sec.gov/Archives/edgar/data/72903/000104746908001516/0001047469-08-001516-index.htm", "finalLink": "https://www.sec.gov/Archives/edgar/data/72903/000104746908001516/a2182843z10-k.htm"}, {"date": "2007-09-30", "symbol": "XEL", "fillingDate": "2007-10-26", "acceptedDate": "2007-10-26 16:19:39", "period": "Q3", "revenue": 2399997000000, "costOfRevenue": 93697000000, "grossProfit": 2306300000000, "grossProfitRatio": 0.9609595345327515, "researchAndDevelopmentExpenses": 0.0, "generalAndAdministrativeExpenses": 0.0, "sellingAndMarketingExpenses": 0.0, "otherExpenses": 1904227000000, "operatingExpenses": 1904227000000, "costAndExpenses": 1997924000000, "interestExpense": 0.0, "depreciationAndAmortization": 200334000000, "ebitda": 696104000000, "ebitdaratio": 0.2900436958879532, "operatingIncome": 495770000000, "operatingIncomeRatio": 0.20657109154719777, "totalOtherIncomeExpensesNet": 66021000000, "incomeBeforeTax": 382290000000, "incomeBeforeTaxRatio": 0.1592876991096239, "incomeTaxExpense": 0.0, "netIncome": 251714000000, "netIncomeRatio": 0.10488096443453887, "eps": 1.16, "epsdiluted": 1.16, "weightedAverageShsOut": 413555000, "weightedAverageShsOutDil": 432811000, "link": "https://www.sec.gov/Archives/edgar/data/72903/000110465907077398/0001104659-07-077398-index.htm", "finalLink": "https://www.sec.gov/Archives/edgar/data/72903/000110465907077398/a07-26031_110q.htm"}, {"date": "2007-06-30", "symbol": "XEL", "fillingDate": "2007-07-27", "acceptedDate": "2007-07-27 16:41:16", "period": "Q2", "revenue": 2267292000000, "costOfRevenue": 223276000000, "grossProfit": 2044016000000, "grossProfitRatio": 0.9015230504055057, "researchAndDevelopmentExpenses": 0.0, "generalAndAdministrativeExpenses": 0.0, "sellingAndMarketingExpenses": 0.0, "otherExpenses": 1975903000000, "operatingExpenses": 1975903000000, "costAndExpenses": 2199179000000, "interestExpense": 816000000, "depreciationAndAmortization": 221940000000, "ebitda": 513329000000, "ebitdaratio": 0.22640621499127594, "operatingIncome": 291389000000, "operatingIncomeRatio": 0.12851851459803149, "totalOtherIncomeExpensesNet": 66235000000, "incomeBeforeTax": 191093000000, "incomeBeforeTaxRatio": 0.08428248324432848, "incomeTaxExpense": 0.0, "netIncome": 76001000000, "netIncomeRatio": 0.033520605197742505, "eps": 0.58, "epsdiluted": 0.58, "weightedAverageShsOut": 410370000, "weightedAverageShsOutDil": 432471000, "link": "https://www.sec.gov/Archives/edgar/data/72903/000110465907056881/0001104659-07-056881-index.htm", "finalLink": "https://www.sec.gov/Archives/edgar/data/72903/000110465907056881/a07-20367_110q.htm"}, {"date": "2007-03-31", "symbol": "XEL", "fillingDate": "2007-04-27", "acceptedDate": "2007-04-27 14:59:09", "period": "Q1", "revenue": 2763662000, "costOfRevenue": 746807000, "grossProfit": 2016855000, "grossProfitRatio": 0.7297762895752086, "researchAndDevelopmentExpenses": 0.0, "generalAndAdministrativeExpenses": 0.0, "sellingAndMarketingExpenses": 0.0, "otherExpenses": 2485534000, "operatingExpenses": 2485534000, "costAndExpenses": 3232341000, "interestExpense": -816000.0, "depreciationAndAmortization": 222733000, "ebitda": 500861000, "ebitdaratio": 0.1812309175289887, "operatingIncome": 278128000, "operatingIncomeRatio": 0.1006374875075172, "totalOtherIncomeExpensesNet": 78176000, "incomeBeforeTax": 166423000, "incomeBeforeTaxRatio": 0.06021829008033544, "incomeTaxExpense": 0.0, "netIncome": 119711000, "netIncomeRatio": 0.04331607844953544, "eps": 0.29, "epsdiluted": 0.29, "weightedAverageShsOut": 408003000, "weightedAverageShsOutDil": 432054000, "link": "https://www.sec.gov/Archives/edgar/data/72903/000110465907032410/0001104659-07-032410-index.htm", "finalLink": "https://www.sec.gov/Archives/edgar/data/72903/000110465907032410/a07-10670_110q.htm"}, {"date": "2006-12-31", "symbol": "XEL", "fillingDate": "2007-02-23", "acceptedDate": "2007-02-23 06:37:35", "period": "FY", "revenue": 2466736000, "costOfRevenue": 496299000, "grossProfit": 1970437000, "grossProfitRatio": 0.7988033579596682, "researchAndDevelopmentExpenses": 0.0, "generalAndAdministrativeExpenses": 0.0, "sellingAndMarketingExpenses": 0.0, "otherExpenses": 2237253000, "operatingExpenses": 2237253000, "costAndExpenses": 2733552000, "interestExpense": 2686000.0, "depreciationAndAmortization": 213609000, "ebitda": 443092000, "ebitdaratio": 0.17962684292117195, "operatingIncome": 229483000, "operatingIncomeRatio": 0.09303103372229538, "totalOtherIncomeExpensesNet": 74314000, "incomeBeforeTax": 121270000, "incomeBeforeTaxRatio": 0.04916213165900202, "incomeTaxExpense": 0.0, "netIncome": 97719000, "netIncomeRatio": 0.03961469731661597, "eps": 1.39, "epsdiluted": 1.39, "weightedAverageShsOut": 405689000, "weightedAverageShsOutDil": 429605000, "link": "https://www.sec.gov/Archives/edgar/data/72903/000110465907013272/0001104659-07-013272-index.htm", "finalLink": "https://www.sec.gov/Archives/edgar/data/72903/000110465907013272/a07-5000_110k.htm"}, {"date": "2006-09-30", "symbol": "XEL", "fillingDate": "2006-10-27", "acceptedDate": "2006-10-27 17:00:49", "period": "Q3", "revenue": 2411591000000, "costOfRevenue": 140891000000, "grossProfit": 2270700000000, "grossProfitRatio": 0.9415775726480983, "researchAndDevelopmentExpenses": 0.0, "generalAndAdministrativeExpenses": 0.0, "sellingAndMarketingExpenses": 0.0, "otherExpenses": 2001487000000, "operatingExpenses": 2001487000000, "costAndExpenses": 2142378000000, "interestExpense": -2149000000, "depreciationAndAmortization": 220825000000, "ebitda": 630929000000, "ebitdaratio": 0.2616235505937781, "operatingIncome": 410104000000, "operatingIncomeRatio": 0.17005537008555763, "totalOtherIncomeExpensesNet": 71552000000, "incomeBeforeTax": 307201000000, "incomeBeforeTaxRatio": 0.12738519923154465, "incomeTaxExpense": 0.0, "netIncome": 224462000000, "netIncomeRatio": 0.09307631352082504, "eps": 1.16, "epsdiluted": 1.16, "weightedAverageShsOut": 405234000, "weightedAverageShsOutDil": 429095000, "link": "https://www.sec.gov/Archives/edgar/data/72903/000110465906069337/0001104659-06-069337-index.htm", "finalLink": "https://www.sec.gov/Archives/edgar/data/72903/000110465906069337/a06-21517_110q.htm"}, {"date": "2006-06-30", "symbol": "XEL", "fillingDate": "2006-08-03", "acceptedDate": "2006-08-03 12:44:48", "period": "Q2", "revenue": 2073873000000, "costOfRevenue": 173259000000, "grossProfit": 1900614000000, "grossProfitRatio": 0.9164563114520513, "researchAndDevelopmentExpenses": 0.0, "generalAndAdministrativeExpenses": 0.0, "sellingAndMarketingExpenses": 0.0, "otherExpenses": 1849215000000, "operatingExpenses": 1849215000000, "costAndExpenses": 2022474000000, "interestExpense": -921000000, "depreciationAndAmortization": 213177000000, "ebitda": 437835000000, "ebitdaratio": 0.21111948513722875, "operatingIncome": 224658000000, "operatingIncomeRatio": 0.10832775198867048, "totalOtherIncomeExpensesNet": 71326000000, "incomeBeforeTax": 118473000000, "incomeBeforeTaxRatio": 0.05712644891948543, "incomeTaxExpense": 0.0, "netIncome": 98275000000, "netIncomeRatio": 0.04738718330389566, "eps": 0.61, "epsdiluted": 0.61, "weightedAverageShsOut": 404783000, "weightedAverageShsOutDil": 428349000, "link": "https://www.sec.gov/Archives/edgar/data/72903/000110465906051064/0001104659-06-051064-index.htm", "finalLink": "https://www.sec.gov/Archives/edgar/data/72903/000110465906051064/a06-15163_110q.htm"}, {"date": "2006-03-31", "symbol": "XEL", "fillingDate": "2006-05-01", "acceptedDate": "2006-04-28 18:07:53", "period": "Q1", "revenue": 2888104000000, "costOfRevenue": 858655000000, "grossProfit": 2029449000000, "grossProfitRatio": 0.7026924930681167, "researchAndDevelopmentExpenses": 0.0, "generalAndAdministrativeExpenses": 0.0, "sellingAndMarketingExpenses": 0.0, "otherExpenses": 2575355000000, "operatingExpenses": 2575355000000, "costAndExpenses": 3434010000000, "interestExpense": 384000000, "depreciationAndAmortization": 209518000000, "ebitda": 522267000000, "ebitdaratio": 0.18083386193848974, "operatingIncome": 312749000000, "operatingIncomeRatio": 0.10828869043497048, "totalOtherIncomeExpensesNet": 78535000000, "incomeBeforeTax": 203148000000, "incomeBeforeTaxRatio": 0.07033957225917072, "incomeTaxExpense": 0.0, "netIncome": 151298000000, "netIncomeRatio": 0.05238661765642789, "eps": 0.37, "epsdiluted": 0.37, "weightedAverageShsOut": 404125000, "weightedAverageShsOutDil": 427461000, "link": "https://www.sec.gov/Archives/edgar/data/72903/000110465906029104/0001104659-06-029104-index.htm", "finalLink": "https://www.sec.gov/Archives/edgar/data/72903/000110465906029104/a06-9220_110q.htm"}, {"date": "2005-12-31", "symbol": "XEL", "fillingDate": "2006-02-27", "acceptedDate": "2006-02-24 21:48:19", "period": "FY", "revenue": 2884938000, "costOfRevenue": 802319000, "grossProfit": 2082619000, "grossProfitRatio": 0.7218938500584762, "researchAndDevelopmentExpenses": 0.0, "generalAndAdministrativeExpenses": 0.0, "sellingAndMarketingExpenses": 0.0, "otherExpenses": 2634383000, "operatingExpenses": 2634383000, "costAndExpenses": 3436702000, "interestExpense": 3508000.0, "depreciationAndAmortization": 199948000, "ebitda": 450503000, "ebitdaratio": 0.15615690874465932, "operatingIncome": 250555000, "operatingIncomeRatio": 0.0868493534349785, "totalOtherIncomeExpensesNet": 67176000, "incomeBeforeTax": 142263000, "incomeBeforeTaxRatio": 0.049312324909582116, "incomeTaxExpense": 0.0, "netIncome": 112069000, "netIncomeRatio": 0.038846242102949874, "eps": 1.23, "epsdiluted": 1.23, "weightedAverageShsOut": 402330000, "weightedAverageShsOutDil": 425671000, "link": "https://www.sec.gov/Archives/edgar/data/72903/000110465906012011/0001104659-06-012011-index.htm", "finalLink": "https://www.sec.gov/Archives/edgar/data/72903/000110465906012011/a06-1891_110k.htm"}, {"date": "2005-09-30", "symbol": "XEL", "fillingDate": "2005-10-28", "acceptedDate": "2005-10-28 17:05:54", "period": "Q3", "revenue": 2279965000000, "costOfRevenue": 126552000000, "grossProfit": 2153413000000, "grossProfitRatio": 0.944493884774547, "researchAndDevelopmentExpenses": 0.0, "generalAndAdministrativeExpenses": 0.0, "sellingAndMarketingExpenses": 0.0, "otherExpenses": 1914831000000, "operatingExpenses": 1914831000000, "costAndExpenses": 2041383000000, "interestExpense": 1192000000, "depreciationAndAmortization": 186211000000, "ebitda": 551345000000, "ebitdaratio": 0.24182169463127723, "operatingIncome": 365134000000, "operatingIncomeRatio": 0.1601489496549289, "totalOtherIncomeExpensesNet": 73457000000, "incomeBeforeTax": 255743000000, "incomeBeforeTaxRatio": 0.11216970435949675, "incomeTaxExpense": 0.0, "netIncome": 196019000000, "netIncomeRatio": 0.08597456539903024, "eps": 0.99, "epsdiluted": 0.99, "weightedAverageShsOut": 402028000, "weightedAverageShsOutDil": 425368000, "link": "https://www.sec.gov/Archives/edgar/data/72903/000110465905050999/0001104659-05-050999-index.htm", "finalLink": "https://www.sec.gov/Archives/edgar/data/72903/000110465905050999/a05-17913_110q.htm"}, {"date": "2005-06-30", "symbol": "XEL", "fillingDate": "2005-07-29", "acceptedDate": "2005-07-29 16:36:40", "period": "Q2", "revenue": 2060885000000, "costOfRevenue": 239457000000, "grossProfit": 1821428000000, "grossProfitRatio": 0.8838086550195668, "researchAndDevelopmentExpenses": 0.0, "generalAndAdministrativeExpenses": 0.0, "sellingAndMarketingExpenses": 0.0, "otherExpenses": 1858379000000, "operatingExpenses": 1858379000000, "costAndExpenses": 2097836000000, "interestExpense": -5065000000, "depreciationAndAmortization": 197489000000, "ebitda": 399995000000, "ebitdaratio": 0.19408894722412945, "operatingIncome": 202506000000, "operatingIncomeRatio": 0.09826166913728811, "totalOtherIncomeExpensesNet": 65239000000, "incomeBeforeTax": 103180000000, "incomeBeforeTaxRatio": 0.050065869759836186, "incomeTaxExpense": 0.0, "netIncome": 83406000000, "netIncomeRatio": 0.040470962717473316, "eps": 0.5, "epsdiluted": 0.5, "weightedAverageShsOut": 401668000, "weightedAverageShsOutDil": 425004000, "link": "https://www.sec.gov/Archives/edgar/data/72903/000110465905035130/0001104659-05-035130-index.htm", "finalLink": "https://www.sec.gov/Archives/edgar/data/72903/000110465905035130/a05-12523_110q.htm"}, {"date": "2005-03-31", "symbol": "XEL", "fillingDate": "2005-05-02", "acceptedDate": "2005-04-29 18:14:32", "period": "Q1", "revenue": 2399689000, "costOfRevenue": 679471000, "grossProfit": 1720218000, "grossProfitRatio": 0.7168503918632789, "researchAndDevelopmentExpenses": 0.0, "generalAndAdministrativeExpenses": 0.0, "sellingAndMarketingExpenses": 0.0, "otherExpenses": 2125165000, "operatingExpenses": 2125165000, "costAndExpenses": 2804636000, "interestExpense": -492000.0, "depreciationAndAmortization": 198426000, "ebitda": 472950000, "ebitdaratio": 0.1970880393250959, "operatingIncome": 274524000, "operatingIncomeRatio": 0.11439982431056692, "totalOtherIncomeExpensesNet": 81938000, "incomeBeforeTax": 171391000, "incomeBeforeTaxRatio": 0.0714221717897611, "incomeTaxExpense": 0.0, "netIncome": 121478000, "netIncomeRatio": 0.05062239315177925, "eps": 0.31, "epsdiluted": 0.31, "weightedAverageShsOut": 401116000, "weightedAverageShsOutDil": 424449000, "link": "https://www.sec.gov/Archives/edgar/data/72903/000110465905019428/0001104659-05-019428-index.htm", "finalLink": "https://www.sec.gov/Archives/edgar/data/72903/000110465905019428/a05-7383_110q.htm"}, {"date": "2004-12-31", "symbol": "XEL", "fillingDate": "2005-03-04", "acceptedDate": "2005-03-03 20:30:36", "period": "FY", "revenue": 2259361000, "costOfRevenue": 571868000, "grossProfit": 1687493000, "grossProfitRatio": 0.7468894966320123, "researchAndDevelopmentExpenses": 0.0, "generalAndAdministrativeExpenses": 0.0, "sellingAndMarketingExpenses": 0.0, "otherExpenses": 2044557000, "operatingExpenses": 2044557000, "costAndExpenses": 2616425000, "interestExpense": 7391000.0, "depreciationAndAmortization": 195341000, "ebitda": 410145000, "ebitdaratio": 0.1815314152983963, "operatingIncome": 214804000, "operatingIncomeRatio": 0.09507289893027276, "totalOtherIncomeExpensesNet": 73283000, "incomeBeforeTax": 123888000, "incomeBeforeTaxRatio": 0.054833202839209845, "incomeTaxExpense": 0.0, "netIncome": 73025000, "netIncomeRatio": 0.03232108547505246, "eps": 1.31, "epsdiluted": 1.31, "weightedAverageShsOut": 399456000, "weightedAverageShsOutDil": 423334000, "link": "https://www.sec.gov/Archives/edgar/data/72903/000110465905009425/0001104659-05-009425-index.htm", "finalLink": "https://www.sec.gov/Archives/edgar/data/72903/000110465905009425/a05-4263_110k.htm"}, {"date": "2004-09-30", "symbol": "XEL", "fillingDate": "2004-11-08", "acceptedDate": "2004-11-08 17:20:57", "period": "Q3", "revenue": 1987962000000, "costOfRevenue": 117984000000, "grossProfit": 1869978000000, "grossProfitRatio": 0.940650777026925, "researchAndDevelopmentExpenses": 0.0, "generalAndAdministrativeExpenses": 0.0, "sellingAndMarketingExpenses": 0.0, "otherExpenses": 1636024000000, "operatingExpenses": 1636024000000, "costAndExpenses": 1754008000000, "interestExpense": -7390000000, "depreciationAndAmortization": 177158000000, "ebitda": 529096000000, "ebitdaratio": 0.26614995658870744, "operatingIncome": 351938000000, "operatingIncomeRatio": 0.1770345710833507, "totalOtherIncomeExpensesNet": 86255000000, "incomeBeforeTax": 254348000000, "incomeBeforeTaxRatio": 0.12794409551087998, "incomeTaxExpense": 0.0, "netIncome": 46719000000, "netIncomeRatio": 0.023500952231481288, "eps": 0.99, "epsdiluted": 0.99, "weightedAverageShsOut": 399184000, "weightedAverageShsOutDil": 422517000, "link": "https://www.sec.gov/Archives/edgar/data/72903/000110465904034351/0001104659-04-034351-index.htm", "finalLink": "https://www.sec.gov/Archives/edgar/data/72903/000110465904034351/a04-12720_110q.htm"}, {"date": "2004-06-30", "symbol": "XEL", "fillingDate": "2004-08-04", "acceptedDate": "2004-08-04 16:48:04", "period": "Q2", "revenue": 1807351000000, "costOfRevenue": 216509000000, "grossProfit": 1590842000000, "grossProfitRatio": 0.8802064457872323, "researchAndDevelopmentExpenses": 0.0, "generalAndAdministrativeExpenses": 0.0, "sellingAndMarketingExpenses": 0.0, "otherExpenses": 1615000000000, "operatingExpenses": 1615000000000, "costAndExpenses": 1831509000000, "interestExpense": -7347000000, "depreciationAndAmortization": 184218000000, "ebitda": 376569000000, "ebitdaratio": 0.20835410498569454, "operatingIncome": 192351000000, "operatingIncomeRatio": 0.106427030499333, "totalOtherIncomeExpensesNet": 82596000000, "incomeBeforeTax": 94436000000, "incomeBeforeTaxRatio": 0.05225105693360061, "incomeTaxExpense": 0.0, "netIncome": 86306000000, "netIncomeRatio": 0.04775276080849818, "eps": 0.56, "epsdiluted": 0.56, "weightedAverageShsOut": 398900000, "weightedAverageShsOutDil": 422233000, "link": "https://www.sec.gov/Archives/edgar/data/72903/000095013404011276/0000950134-04-011276-index.htm", "finalLink": "https://www.sec.gov/Archives/edgar/data/72903/000095013404011276/c86278e10vq.htm"}, {"date": "2004-03-31", "symbol": "XEL", "fillingDate": "2004-05-05", "acceptedDate": "2004-05-05 13:30:12", "period": "Q1", "revenue": 2290585000, "costOfRevenue": 622806000, "grossProfit": 1667779000, "grossProfitRatio": 0.7281017731278254, "researchAndDevelopmentExpenses": 0.0, "generalAndAdministrativeExpenses": 0.0, "sellingAndMarketingExpenses": 0.0, "otherExpenses": 1976462000, "operatingExpenses": 1976462000, "costAndExpenses": 2599268000, "interestExpense": -7462000.0, "depreciationAndAmortization": 184827000, "ebitda": 498950000, "ebitdaratio": 0.21782645044824794, "operatingIncome": 314123000, "operatingIncomeRatio": 0.1371365830126365, "totalOtherIncomeExpensesNet": 84895000, "incomeBeforeTax": 213843000, "incomeBeforeTaxRatio": 0.09335737377132916, "incomeTaxExpense": 0.0, "netIncome": 149911000, "netIncomeRatio": 0.0654465998860553, "eps": 0.36, "epsdiluted": 0.36, "weightedAverageShsOut": 398583000, "weightedAverageShsOutDil": 421921000, "link": "https://www.sec.gov/Archives/edgar/data/72903/000095013404006663/0000950134-04-006663-index.htm", "finalLink": "https://www.sec.gov/Archives/edgar/data/72903/000095013404006663/c85123e10vq.htm"}, {"date": "2003-12-31", "symbol": "XEL", "fillingDate": "2004-03-15", "acceptedDate": "2004-03-15 17:27:04", "period": "FY", "revenue": 1962195000, "costOfRevenue": 385833000, "grossProfit": 1576362000, "grossProfitRatio": 0.8033666378723827, "researchAndDevelopmentExpenses": 0.0, "generalAndAdministrativeExpenses": 0.0, "sellingAndMarketingExpenses": 0.0, "otherExpenses": 1716376000, "operatingExpenses": 1716376000, "costAndExpenses": 2102209000, "interestExpense": -5027000.0, "depreciationAndAmortization": 167751000, "ebitda": 413570000, "ebitdaratio": 0.21076906219820152, "operatingIncome": 245819000, "operatingIncomeRatio": 0.12527755906013419, "totalOtherIncomeExpensesNet": 71435000, "incomeBeforeTax": 504879000, "incomeBeforeTaxRatio": 0.25730317323201823, "incomeTaxExpense": 0.0, "netIncome": 477447000, "netIncomeRatio": 0.2433229113314426, "eps": 1.27, "epsdiluted": 1.27, "weightedAverageShsOut": 398765000, "weightedAverageShsOutDil": 418912000, "link": "https://www.sec.gov/Archives/edgar/data/72903/000095013404003528/0000950134-04-003528-index.htm", "finalLink": "https://www.sec.gov/Archives/edgar/data/72903/000095013404003528/c83272e10vk.htm"}, {"date": "2003-09-30", "symbol": "XEL", "fillingDate": "2003-11-13", "acceptedDate": "2003-11-13 17:10:56", "period": "Q3", "revenue": 2057724000000, "costOfRevenue": 176851000000, "grossProfit": 1880873000000, "grossProfitRatio": 0.9140550433391456, "researchAndDevelopmentExpenses": 0.0, "generalAndAdministrativeExpenses": 0.0, "sellingAndMarketingExpenses": 0.0, "otherExpenses": 1696717000000, "operatingExpenses": 1696717000000, "costAndExpenses": 1873568000000, "interestExpense": -21590000000, "depreciationAndAmortization": 221542000000, "ebitda": 582549000000, "ebitdaratio": 0.2831035649095797, "operatingIncome": 361007000000, "operatingIncomeRatio": 0.17543995210241994, "totalOtherIncomeExpensesNet": 84746000000, "incomeBeforeTax": 274902000000, "incomeBeforeTaxRatio": 0.13359517602943835, "incomeTaxExpense": 0.0, "netIncome": 287495000000, "netIncomeRatio": 0.13971504438884905, "eps": 0.31, "epsdiluted": 0.31, "weightedAverageShsOut": 398728000, "weightedAverageShsOutDil": 399144000, "link": "https://www.sec.gov/Archives/edgar/data/72903/000095013403015235/0000950134-03-015235-index.htm", "finalLink": "https://www.sec.gov/Archives/edgar/data/72903/000095013403015235/c80639e10vq.htm"}, {"date": "2003-06-30", "symbol": "XEL", "fillingDate": "2003-08-15", "acceptedDate": "2003-08-15 16:55:08", "period": "Q2", "revenue": 1197245000000, "costOfRevenue": 39947000000, "grossProfit": 1157298000000, "grossProfitRatio": 0.9666342310888749, "researchAndDevelopmentExpenses": 0.0, "generalAndAdministrativeExpenses": 0.0, "sellingAndMarketingExpenses": 0.0, "otherExpenses": 1026398000000, "operatingExpenses": 1026398000000, "costAndExpenses": 986451000000, "interestExpense": -8906000000, "depreciationAndAmortization": 116828000000, "ebitda": 287675000000, "ebitdaratio": 0.24028081136275364, "operatingIncome": 170847000000, "operatingIncomeRatio": 0.14270011568225385, "totalOtherIncomeExpensesNet": 81757000000, "incomeBeforeTax": -137233000000, "incomeBeforeTaxRatio": -0.11462399091246987, "incomeTaxExpense": 0.0, "netIncome": -282562000000, "netIncomeRatio": -0.23601017335633057, "eps": -0.41, "epsdiluted": -0.41, "weightedAverageShsOut": 398716000, "weightedAverageShsOutDil": 398716000, "link": "https://www.sec.gov/Archives/edgar/data/72903/000095013403011964/0000950134-03-011964-index.htm", "finalLink": "https://www.sec.gov/Archives/edgar/data/72903/000095013403011964/c78734e10vq.htm"}, {"date": "2003-03-31", "symbol": "XEL", "fillingDate": "2003-05-15", "acceptedDate": "2003-05-15 17:44:16", "period": "Q1", "revenue": 2720352000, "costOfRevenue": 842163000, "grossProfit": 1878189000, "grossProfitRatio": 0.690421313124184, "researchAndDevelopmentExpenses": 0.0, "generalAndAdministrativeExpenses": 0.0, "sellingAndMarketingExpenses": 0.0, "otherExpenses": 2412778000, "operatingExpenses": 2412778000, "costAndExpenses": 3254941000, "interestExpense": -194000.0, "depreciationAndAmortization": 280411000, "ebitda": 587985000, "ebitdaratio": 0.21614298443730812, "operatingIncome": 307574000, "operatingIncomeRatio": 0.1130640446530449, "totalOtherIncomeExpensesNet": 81584000, "incomeBeforeTax": 26114000, "incomeBeforeTaxRatio": 0.009599493006787358, "incomeTaxExpense": 0.0, "netIncome": 140012000, "netIncomeRatio": 0.05146833939137288, "eps": -0.18, "epsdiluted": -0.18, "weightedAverageShsOut": 398714000, "weightedAverageShsOutDil": 398714000, "link": "https://www.sec.gov/Archives/edgar/data/72903/000095013403008228/0000950134-03-008228-index.htm", "finalLink": "https://www.sec.gov/Archives/edgar/data/72903/000095013403008228/c77119e10vq.htm"}, {"date": "2002-12-31", "symbol": "XEL", "fillingDate": "2003-03-31", "acceptedDate": "2003-03-31 17:10:38", "period": "FY", "revenue": 2283601000000, "costOfRevenue": 516973000000, "grossProfit": 1766628000000, "grossProfitRatio": 0.7736150054234519, "researchAndDevelopmentExpenses": 0.0, "generalAndAdministrativeExpenses": 0.0, "sellingAndMarketingExpenses": 0.0, "otherExpenses": 1789841000000, "operatingExpenses": 1789841000000, "costAndExpenses": 2306814000000, "interestExpense": 38679000000, "depreciationAndAmortization": 227846000000, "ebitda": 721606000000, "ebitdaratio": 0.31599478192556407, "operatingIncome": 493760000000, "operatingIncomeRatio": 0.2162199088194479, "totalOtherIncomeExpensesNet": 63498000000, "incomeBeforeTax": 250671000000, "incomeBeforeTaxRatio": 0.10977005177349283, "incomeTaxExpense": 0.0, "netIncome": -334837000000, "netIncomeRatio": -0.14662675309741063, "eps": -4.36, "epsdiluted": -4.36, "weightedAverageShsOut": 382051000, "weightedAverageShsOutDil": 382051000, "link": "https://www.sec.gov/Archives/edgar/data/72903/000095013403005065/0000950134-03-005065-index.htm", "finalLink": "https://www.sec.gov/Archives/edgar/data/72903/000095013403005065/c75712e10vk.htm"}, {"date": "2002-09-30", "symbol": "XEL", "fillingDate": "2002-11-18", "acceptedDate": "2002-11-18 11:07:34", "period": "Q3", "revenue": 498368000000, "costOfRevenue": 367848000000, "grossProfit": 130520000000, "grossProfitRatio": 0.2618948247078464, "researchAndDevelopmentExpenses": 0.0, "generalAndAdministrativeExpenses": 0.0, "sellingAndMarketingExpenses": 0.0, "otherExpenses": 3097494000000, "operatingExpenses": 3097494000000, "costAndExpenses": 3465342000000, "interestExpense": -6916000000, "depreciationAndAmortization": 271890000000, "ebitda": -2327236000000, "ebitdaratio": -4.669713946320791, "operatingIncome": -2599126000000, "operatingIncomeRatio": -5.215274656478747, "totalOtherIncomeExpensesNet": 87538000000, "incomeBeforeTax": -2823318000000, "incomeBeforeTaxRatio": -5.665126974444587, "incomeTaxExpense": 0.0, "netIncome": -2073960000000, "netIncomeRatio": -4.161503146269423, "eps": -5.06, "epsdiluted": -5.06, "weightedAverageShsOut": 376565000, "weightedAverageShsOutDil": 376565000, "link": "https://www.sec.gov/Archives/edgar/data/72903/000095013402014648/0000950134-02-014648-index.htm", "finalLink": "https://www.sec.gov/Archives/edgar/data/72903/000095013402014648/c72574e10vq.htm"}, {"date": "2002-06-30", "symbol": "XEL", "fillingDate": "2002-08-14", "acceptedDate": "2002-08-14 18:30:53", "period": "Q2", "revenue": 3424816000000, "costOfRevenue": 541533000000, "grossProfit": 2883283000000, "grossProfitRatio": 0.8418796805434219, "researchAndDevelopmentExpenses": 0.0, "generalAndAdministrativeExpenses": 0.0, "sellingAndMarketingExpenses": 0.0, "otherExpenses": 3079701000000, "operatingExpenses": 3079701000000, "costAndExpenses": 3621234000000, "interestExpense": -13840000000, "depreciationAndAmortization": 272276000000, "ebitda": 617391000000, "ebitdaratio": 0.18026983055440057, "operatingIncome": 345115000000, "operatingIncomeRatio": 0.10076891722066236, "totalOtherIncomeExpensesNet": 84708000000, "incomeBeforeTax": 133312000000, "incomeBeforeTaxRatio": 0.0389253028483866, "incomeTaxExpense": 0.0, "netIncome": 87302000000, "netIncomeRatio": 0.02549100448024069, "eps": 0.56, "epsdiluted": 0.56, "weightedAverageShsOut": 365972000, "weightedAverageShsOutDil": 366211000, "link": "https://www.sec.gov/Archives/edgar/data/72903/000095013402010147/0000950134-02-010147-index.htm", "finalLink": "https://www.sec.gov/Archives/edgar/data/72903/000095013402010147/c71212e10vq.htm"}, {"date": "2002-03-31", "symbol": "XEL", "fillingDate": "2002-05-15", "acceptedDate": "2002-05-15 17:19:23", "period": "Q1", "revenue": 3317587000000, "costOfRevenue": 787099000000, "grossProfit": 2530488000000, "grossProfitRatio": 0.7627495526115818, "researchAndDevelopmentExpenses": 0.0, "generalAndAdministrativeExpenses": 0.0, "sellingAndMarketingExpenses": 0.0, "otherExpenses": 2989669000000, "operatingExpenses": 2989669000000, "costAndExpenses": 3776768000000, "interestExpense": -17923000000, "depreciationAndAmortization": 256482000000, "ebitda": 584400000000, "ebitdaratio": 0.17615212502339803, "operatingIncome": 327918000000, "operatingIncomeRatio": 0.09884232124131183, "totalOtherIncomeExpensesNet": 82897000000, "incomeBeforeTax": 132909000000, "incomeBeforeTaxRatio": 0.04006194863917661, "incomeTaxExpense": 0.0, "netIncome": 103504000000, "netIncomeRatio": 0.031198578967183078, "eps": 0.29, "epsdiluted": 0.29, "weightedAverageShsOut": 353827000, "weightedAverageShsOutDil": 354172000, "link": "https://www.sec.gov/Archives/edgar/data/72903/000095013702003139/0000950137-02-003139-index.htm", "finalLink": "https://www.sec.gov/Archives/edgar/data/72903/000095013702003139/c69613e10-q.htm"}, {"date": "2001-12-31", "symbol": "XEL", "fillingDate": "2002-03-29", "acceptedDate": "2002-03-29 00:00:00", "period": "FY", "revenue": 3335605000, "costOfRevenue": 1900100000, "grossProfit": 1435505000, "grossProfitRatio": 0.4303582108792858, "researchAndDevelopmentExpenses": 0.0, "generalAndAdministrativeExpenses": 0.0, "sellingAndMarketingExpenses": 0.0, "otherExpenses": 2984474000, "operatingExpenses": 2984474000, "costAndExpenses": 4884574000, "interestExpense": -72161000, "depreciationAndAmortization": 230062000, "ebitda": 581193000, "ebitdaratio": 0.17423915601517564, "operatingIncome": 351131000, "operatingIncomeRatio": 0.10526756015775249, "totalOtherIncomeExpensesNet": 80097000, "incomeBeforeTax": 217462000, "incomeBeforeTaxRatio": 0.06519417017302709, "incomeTaxExpense": 0.0, "netIncome": 144896000, "netIncomeRatio": 0.04343919618779801, "eps": 2.28, "epsdiluted": 2.28, "weightedAverageShsOut": 342952000, "weightedAverageShsOutDil": 343742000, "link": "https://www.sec.gov/Archives/edgar/data/72903/000095013702001868/0000950137-02-001868-index.htm", "finalLink": "https://www.sec.gov/Archives/edgar/data/72903/000095013702001868/c68394e10-k.htm"}, {"date": "2001-09-30", "symbol": "XEL", "fillingDate": "2001-11-14", "acceptedDate": "2001-11-14 00:00:00", "period": "Q3", "revenue": 7994042000000, "costOfRevenue": 562289000000, "grossProfit": 7431753000000, "grossProfitRatio": 0.9296614903949717, "researchAndDevelopmentExpenses": 0.0, "generalAndAdministrativeExpenses": 0.0, "sellingAndMarketingExpenses": 0.0, "otherExpenses": 6839125000000, "operatingExpenses": 6839125000000, "costAndExpenses": 7401414000000, "interestExpense": 0.0, "depreciationAndAmortization": 253985000000, "ebitda": 1408902000000, "ebitdaratio": 0.17624400772475302, "operatingIncome": 1154917000000, "operatingIncomeRatio": 0.14447222068635615, "totalOtherIncomeExpensesNet": 148642000000, "incomeBeforeTax": 738394000000, "incomeBeforeTaxRatio": 0.09236804109860819, "incomeTaxExpense": 0.0, "netIncome": 482213000000, "netIncomeRatio": 0.06032154947397074, "eps": 1.89, "epsdiluted": 1.89, "weightedAverageShsOut": 342378000, "weightedAverageShsOutDil": 343188000, "link": "https://www.sec.gov/Archives/edgar/data/72903/000095013701504680/0000950137-01-504680-index.htm", "finalLink": "https://www.sec.gov/Archives/edgar/data/72903/000095013701504680/c65832e10-q.htm"}, {"date": "2001-06-30", "symbol": "XEL", "fillingDate": "2001-08-14", "acceptedDate": "2001-08-14 00:00:00", "period": "Q2", "revenue": 3698557000000, "costOfRevenue": 711690000000, "grossProfit": 2986867000000, "grossProfitRatio": 0.8075763061107345, "researchAndDevelopmentExpenses": 0.0, "generalAndAdministrativeExpenses": 0.0, "sellingAndMarketingExpenses": 0.0, "otherExpenses": 3261657000000, "operatingExpenses": 3261657000000, "costAndExpenses": 3973347000000, "interestExpense": 0.0, "depreciationAndAmortization": 235391000000, "ebitda": 672291000000, "ebitdaratio": 0.18177116102306926, "operatingIncome": 436900000000, "operatingIncomeRatio": 0.11812715066984232, "totalOtherIncomeExpensesNet": 87753000000, "incomeBeforeTax": 238054000000, "incomeBeforeTaxRatio": 0.06436402088706487, "incomeTaxExpense": 0.0, "netIncome": 167857000000, "netIncomeRatio": 0.04538445669486776, "eps": 0.49, "epsdiluted": 0.49, "weightedAverageShsOut": 342553000, "weightedAverageShsOutDil": 343688000, "link": "https://www.sec.gov/Archives/edgar/data/72903/000091205701528332/0000912057-01-528332-index.htm", "finalLink": "https://www.sec.gov/Archives/edgar/data/72903/000091205701528332/a2056764z10-q.htm"}, {"date": "2001-03-31", "symbol": "XEL", "fillingDate": "2001-05-15", "acceptedDate": "2001-05-15 00:00:00", "period": "Q1", "revenue": 4230568000, "costOfRevenue": 1176239000, "grossProfit": 3054329000, "grossProfitRatio": 0.7219666484500427, "researchAndDevelopmentExpenses": 0.0, "generalAndAdministrativeExpenses": 0.0, "sellingAndMarketingExpenses": 0.0, "otherExpenses": 3737313000, "operatingExpenses": 3737313000, "costAndExpenses": 4913552000, "interestExpense": 0.0, "depreciationAndAmortization": 226117000, "ebitda": 719372000, "ebitdaratio": 0.17004146960880903, "operatingIncome": 493255000, "operatingIncomeRatio": 0.11659309104593048, "totalOtherIncomeExpensesNet": 94748000, "incomeBeforeTax": 315591000, "incomeBeforeTaxRatio": 0.07459778450553212, "incomeTaxExpense": 0.0, "netIncome": 209310000, "netIncomeRatio": 0.04947562596795513, "eps": 0.61, "epsdiluted": 0.61, "weightedAverageShsOut": 340780000, "weightedAverageShsOutDil": 341472000, "link": "https://www.sec.gov/Archives/edgar/data/72903/000091205701515934/0000912057-01-515934-index.htm", "finalLink": "https://www.sec.gov/Archives/edgar/data/72903/000091205701515934/a2048453z10-q.htm"}, {"date": "2000-12-31", "symbol": "XEL", "fillingDate": "2001-03-27", "acceptedDate": "2001-03-27 00:00:00", "period": "FY", "revenue": 9029077000, "costOfRevenue": 1614388000, "grossProfit": 7414689000, "grossProfitRatio": 0.8212012146978036, "researchAndDevelopmentExpenses": 0.0, "generalAndAdministrativeExpenses": 0.0, "sellingAndMarketingExpenses": 0.0, "otherExpenses": 7863219000, "operatingExpenses": 7863219000, "costAndExpenses": 9477607000, "interestExpense": 0.0, "depreciationAndAmortization": 214934000, "ebitda": 1380792000, "ebitdaratio": 0.15292725934223397, "operatingIncome": 1165858000, "operatingIncomeRatio": 0.12912261131453415, "totalOtherIncomeExpensesNet": 261350000, "incomeBeforeTax": 655003000, "incomeBeforeTaxRatio": 0.07254373841312906, "incomeTaxExpense": 0.0, "netIncome": 434214000, "netIncomeRatio": 0.04809062986172341, "eps": 1.6, "epsdiluted": 1.6, "weightedAverageShsOut": 337832000, "weightedAverageShsOutDil": 338111000, "link": "https://www.sec.gov/Archives/edgar/data/72903/000091205701008515/0000912057-01-008515-index.htm", "finalLink": "https://www.sec.gov/Archives/edgar/data/72903/000091205701008515/a2042375z10-k.htm"}, {"date": "2000-09-30", "symbol": "XEL", "fillingDate": "2000-11-14", "acceptedDate": "2000-11-14 00:00:00", "period": "Q3", "revenue": 2469796000000, "costOfRevenue": 311603000000, "grossProfit": 2158193000000, "grossProfitRatio": 0.873834519126276, "researchAndDevelopmentExpenses": 0.0, "generalAndAdministrativeExpenses": -32899000000, "sellingAndMarketingExpenses": 0.0, "otherExpenses": 2157437000000, "operatingExpenses": 2174389000000, "costAndExpenses": 2485992000000, "interestExpense": 0.0, "depreciationAndAmortization": 359246000000, "ebitda": 691390000000, "ebitdaratio": 0.2799381001507817, "operatingIncome": 332144000000, "operatingIncomeRatio": 0.1344823621060201, "totalOtherIncomeExpensesNet": 93892000000, "incomeBeforeTax": 62514000000, "incomeBeforeTaxRatio": 0.025311402237269798, "incomeTaxExpense": 16952000000, "netIncome": 30452000000, "netIncomeRatio": 0.012329763267897429, "eps": 0.29, "epsdiluted": 0.29, "weightedAverageShsOut": 338495000, "weightedAverageShsOutDil": 338876000, "link": "https://www.sec.gov/Archives/edgar/data/72903/000091205700049771/0000912057-00-049771-index.htm", "finalLink": "https://www.sec.gov/Archives/edgar/data/72903/000091205700049771/a2030645z10-q.htm"}]