[{"date": "2020-03-31", "symbol": "MCHP", "fillingDate": "2020-05-22", "acceptedDate": "2020-05-21 21:08:01", "period": "FY", "revenue": 1326400000, "costOfRevenue": 512500000, "grossProfit": 813900000, "grossProfitRatio": 0.6136158021712907, "researchAndDevelopmentExpenses": 221800000, "generalAndAdministrativeExpenses": 165700000, "sellingAndMarketingExpenses": 0.0, "otherExpenses": 265700000, "operatingExpenses": 653200000, "costAndExpenses": 1165700000, "interestExpense": 115400000, "depreciationAndAmortization": 346000000, "ebitda": 506700000, "ebitdaratio": 0.38201145959, "operatingIncome": 160700000, "operatingIncomeRatio": 0.121155006031, "totalOtherIncomeExpensesNet": -26000000, "incomeBeforeTax": 45800000, "incomeBeforeTaxRatio": 0.0345295536791, "incomeTaxExpense": -54100000, "netIncome": 99900000, "netIncomeRatio": 0.0753166465621, "eps": 0.42, "epsdiluted": 0.39, "weightedAverageShsOut": 238900000, "weightedAverageShsOutDil": 256200000, "link": "https://www.sec.gov/Archives/edgar/data/827054/000082705420000119/0000827054-20-000119-index.htm", "finalLink": "https://www.sec.gov/Archives/edgar/data/827054/000082705420000119/a2020-03x3110k.htm"}, {"date": "2019-12-31", "symbol": "MCHP", "fillingDate": "2020-02-04", "acceptedDate": "2020-02-04 16:27:51", "period": "Q3", "revenue": 1287000000, "costOfRevenue": 507000000, "grossProfit": 780000000, "grossProfitRatio": 0.6060606060606061, "researchAndDevelopmentExpenses": 218000000, "generalAndAdministrativeExpenses": 170000000, "sellingAndMarketingExpenses": 0.0, "otherExpenses": 266000000, "operatingExpenses": 654000000, "costAndExpenses": 1161000000, "interestExpense": 119000000, "depreciationAndAmortization": 300000000, "ebitda": 431000000, "ebitdaratio": 0.3348873348873349, "operatingIncome": 131000000, "operatingIncomeRatio": 0.10178710178710179, "totalOtherIncomeExpensesNet": 28000000, "incomeBeforeTax": 10000000, "incomeBeforeTaxRatio": 0.00777000777000777, "incomeTaxExpense": -366000000, "netIncome": 311000000, "netIncomeRatio": 0.24164724164724163, "eps": 1.97, "epsdiluted": 1.97, "weightedAverageShsOut": 238500000, "weightedAverageShsOutDil": 255800000, "link": "https://www.sec.gov/Archives/edgar/data/827054/000082705420000029/0000827054-20-000029-index.htm", "finalLink": "https://www.sec.gov/Archives/edgar/data/827054/000082705420000029/a2019-12x3110q.htm"}, {"date": "2019-09-30", "symbol": "MCHP", "fillingDate": "2019-11-06", "acceptedDate": "2019-11-06 12:46:07", "period": "Q2", "revenue": 1337800000, "costOfRevenue": 510300000, "grossProfit": 827500000, "grossProfitRatio": 0.6185528479593362, "researchAndDevelopmentExpenses": 219800000, "generalAndAdministrativeExpenses": 172300000, "sellingAndMarketingExpenses": 0.0, "otherExpenses": 251800000, "operatingExpenses": 643900000, "costAndExpenses": 1154200000, "interestExpense": 129600000, "depreciationAndAmortization": 332200000, "ebitda": 515800000, "ebitdaratio": 0.385558379429, "operatingIncome": 183600000, "operatingIncomeRatio": 0.137240245179, "totalOtherIncomeExpensesNet": -1000000.0, "incomeBeforeTax": 53500000, "incomeBeforeTaxRatio": 0.0399910300493, "incomeTaxExpense": 10000000, "netIncome": 108900000, "netIncomeRatio": 0.0814023022873, "eps": 0.46, "epsdiluted": 0.43, "weightedAverageShsOut": 238100000, "weightedAverageShsOutDil": 254600000, "link": "https://www.sec.gov/Archives/edgar/data/827054/000082705419000288/0000827054-19-000288-index.htm", "finalLink": "https://www.sec.gov/Archives/edgar/data/827054/000082705419000288/a2019-09x3010k10q.htm"}, {"date": "2019-06-30", "symbol": "MCHP", "fillingDate": "2019-08-07", "acceptedDate": "2019-08-07 15:44:25", "period": "Q1", "revenue": 1322600000, "costOfRevenue": 507400000, "grossProfit": 815200000, "grossProfitRatio": 0.6163617117798276, "researchAndDevelopmentExpenses": 219100000, "generalAndAdministrativeExpenses": 167900000, "sellingAndMarketingExpenses": 0.0, "otherExpenses": 256600000, "operatingExpenses": 643600000, "costAndExpenses": 1151000000, "interestExpense": 132600000, "depreciationAndAmortization": 341200000, "ebitda": 512800000, "ebitdaratio": 0.3877211553, "operatingIncome": 171600000, "operatingIncomeRatio": 0.129744442764, "totalOtherIncomeExpensesNet": 2000000.0, "incomeBeforeTax": 40500000, "incomeBeforeTaxRatio": 0.0306215031, "incomeTaxExpense": -10000000, "netIncome": 50700000, "netIncomeRatio": 0.0383335853622, "eps": 0.21, "epsdiluted": 0.2, "weightedAverageShsOut": 237800000, "weightedAverageShsOutDil": 253900000, "link": "https://www.sec.gov/Archives/edgar/data/827054/000082705419000197/0000827054-19-000197-index.htm", "finalLink": "https://www.sec.gov/Archives/edgar/data/827054/000082705419000143/a2019-03x3110k.htm"}, {"date": "2019-03-31", "symbol": "MCHP", "fillingDate": "2019-05-30", "acceptedDate": "2019-05-30 17:10:35", "period": "FY", "revenue": 1329800000, "costOfRevenue": 509400000, "grossProfit": 820400000, "grossProfitRatio": 0.6169348774251767, "researchAndDevelopmentExpenses": 214700000, "generalAndAdministrativeExpenses": 167400000, "sellingAndMarketingExpenses": 0.0, "otherExpenses": 153600000, "operatingExpenses": 535700000, "costAndExpenses": 1045100000, "interestExpense": 136200000, "depreciationAndAmortization": 272500000, "ebitda": 557200000, "ebitdaratio": 0.4190103775, "operatingIncome": 284700000, "operatingIncomeRatio": 0.214092344713, "totalOtherIncomeExpensesNet": -59000000, "incomeBeforeTax": 151200000, "incomeBeforeTaxRatio": 0.113701308467, "incomeTaxExpense": -24000000, "netIncome": 174700000, "netIncomeRatio": 0.131373138818, "eps": 0.74, "epsdiluted": 0.69, "weightedAverageShsOut": 236200000, "weightedAverageShsOutDil": 249900000, "link": "https://www.sec.gov/Archives/edgar/data/827054/000082705419000143/0000827054-19-000143-index.htm", "finalLink": "https://www.sec.gov/Archives/edgar/data/827054/000082705419000143/a2019-03x3110k.htm"}, {"date": "2018-12-31", "symbol": "MCHP", "fillingDate": "2019-02-06", "acceptedDate": "2019-02-06 15:08:43", "period": "Q3", "revenue": 1374800000, "costOfRevenue": 595200000, "grossProfit": 779600000, "grossProfitRatio": 0.5670643002618563, "researchAndDevelopmentExpenses": 217800000, "generalAndAdministrativeExpenses": 174800000, "sellingAndMarketingExpenses": 0.0, "otherExpenses": 192300000, "operatingExpenses": 584900000, "costAndExpenses": 1180100000, "interestExpense": 137700000, "depreciationAndAmortization": 277400000, "ebitda": 472100000, "ebitdaratio": 0.343395402968, "operatingIncome": 194700000, "operatingIncomeRatio": 0.14162059936, "totalOtherIncomeExpensesNet": 67000000, "incomeBeforeTax": 55000000, "incomeBeforeTaxRatio": 0.0400058190282, "incomeTaxExpense": 5800000.0, "netIncome": 49200000, "netIncomeRatio": 0.0357870235671, "eps": 0.21, "epsdiluted": 0.21, "weightedAverageShsOut": 235900000, "weightedAverageShsOutDil": 249500000, "link": "https://www.sec.gov/Archives/edgar/data/827054/000082705419000018/0000827054-19-000018-index.htm", "finalLink": "https://www.sec.gov/Archives/edgar/data/827054/000082705419000018/a1231201810qq3fy19.htm"}, {"date": "2018-09-30", "symbol": "MCHP", "fillingDate": "2018-11-07", "acceptedDate": "2018-11-07 16:33:53", "period": "Q2", "revenue": 1432400000, "costOfRevenue": 743100000, "grossProfit": 689300000, "grossProfitRatio": 0.4812203295168947, "researchAndDevelopmentExpenses": 221900000, "generalAndAdministrativeExpenses": 176700000, "sellingAndMarketingExpenses": 0.0, "otherExpenses": 188100000, "operatingExpenses": 586700000, "costAndExpenses": 1329800000, "interestExpense": 138600000, "depreciationAndAmortization": 254300000, "ebitda": 356900000, "ebitdaratio": 0.249162245183, "operatingIncome": 102600000, "operatingIncomeRatio": 0.0716280368612, "totalOtherIncomeExpensesNet": -1000000.0, "incomeBeforeTax": -38000000, "incomeBeforeTaxRatio": -0.02653631284916201, "incomeTaxExpense": -2000000.0, "netIncome": 96300000, "netIncomeRatio": 0.0672298240715, "eps": 0.41, "epsdiluted": 0.38, "weightedAverageShsOut": 235500000, "weightedAverageShsOutDil": 252000000, "link": "https://www.sec.gov/Archives/edgar/data/827054/000082705418000249/0000827054-18-000249-index.htm", "finalLink": "https://www.sec.gov/Archives/edgar/data/827054/000082705418000249/a930201810qq2fy19.htm"}, {"date": "2018-06-30", "symbol": "MCHP", "fillingDate": "2018-08-09", "acceptedDate": "2018-08-09 16:22:33", "period": "Q1", "revenue": 1212500000, "costOfRevenue": 570500000, "grossProfit": 642000000, "grossProfitRatio": 0.5294845360824743, "researchAndDevelopmentExpenses": 171900000, "generalAndAdministrativeExpenses": 164000000, "sellingAndMarketingExpenses": 0.0, "otherExpenses": 173800000, "operatingExpenses": 509700000, "costAndExpenses": 1080200000, "interestExpense": 90400000, "depreciationAndAmortization": 203300000, "ebitda": 335600000, "ebitdaratio": 0.276783505155, "operatingIncome": 132300000, "operatingIncomeRatio": 0.109113402062, "totalOtherIncomeExpensesNet": -9000000.0, "incomeBeforeTax": 37700000, "incomeBeforeTaxRatio": 0.0310927835052, "incomeTaxExpense": 2000000.0, "netIncome": 35700000, "netIncomeRatio": 0.0294432989691, "eps": 0.15, "epsdiluted": 0.14, "weightedAverageShsOut": 235200000, "weightedAverageShsOutDil": 252200000, "link": "https://www.sec.gov/Archives/edgar/data/827054/000082705418000143/0000827054-18-000143-index.htm", "finalLink": "https://www.sec.gov/Archives/edgar/data/827054/000162828018006982/a2018-03x3110k.htm"}, {"date": "2018-03-31", "symbol": "MCHP", "fillingDate": "2018-05-18", "acceptedDate": "2018-05-18 17:32:30", "period": "FY", "revenue": 1002315000, "costOfRevenue": 387207000, "grossProfit": 615108000, "grossProfitRatio": 0.6136873138683947, "researchAndDevelopmentExpenses": 133644000, "generalAndAdministrativeExpenses": 114480000, "sellingAndMarketingExpenses": 0.0, "otherExpenses": 122927000, "operatingExpenses": 371051000, "costAndExpenses": 758258000, "interestExpense": 50307000, "depreciationAndAmortization": 185599000, "ebitda": 429656000, "ebitdaratio": 0.428663643665, "operatingIncome": 244057000, "operatingIncomeRatio": 0.24349331298, "totalOtherIncomeExpensesNet": -5000000.0, "incomeBeforeTax": 188209000, "incomeBeforeTaxRatio": 0.18777430249, "incomeTaxExpense": 41466000, "netIncome": 146743000, "netIncomeRatio": 0.146404074567, "eps": 0.63, "epsdiluted": 0.59, "weightedAverageShsOut": 232900000, "weightedAverageShsOutDil": 248900000, "link": "https://www.sec.gov/Archives/edgar/data/827054/000162828018006982/0001628280-18-006982-index.htm", "finalLink": "https://www.sec.gov/Archives/edgar/data/827054/000162828018006982/a2018-03x3110k.htm"}, {"date": "2017-12-31", "symbol": "MCHP", "fillingDate": "2018-02-07", "acceptedDate": "2018-02-07 16:06:57", "period": "Q3", "revenue": 994205000, "costOfRevenue": 387146000, "grossProfit": 607059000, "grossProfitRatio": 0.6105974120025548, "researchAndDevelopmentExpenses": 131555000, "generalAndAdministrativeExpenses": 109059000, "sellingAndMarketingExpenses": 0.0, "otherExpenses": 121199000, "operatingExpenses": 361813000, "costAndExpenses": 748959000, "interestExpense": 49744000, "depreciationAndAmortization": 183000000, "ebitda": 428246000, "ebitdaratio": 0.430742150764, "operatingIncome": 245246000, "operatingIncomeRatio": 0.246675484432, "totalOtherIncomeExpensesNet": -2962000.0, "incomeBeforeTax": 196650000, "incomeBeforeTaxRatio": 0.197796229148, "incomeTaxExpense": 447736000, "netIncome": -251086000, "netIncomeRatio": -0.2525495244944453, "eps": -1.08, "epsdiluted": -1.04, "weightedAverageShsOut": 232278000, "weightedAverageShsOutDil": 248024000, "link": "https://www.sec.gov/Archives/edgar/data/827054/000082705418000021/0000827054-18-000021-index.htm", "finalLink": "https://www.sec.gov/Archives/edgar/data/827054/000082705418000021/a1231201710q.htm"}, {"date": "2017-09-30", "symbol": "MCHP", "fillingDate": "2017-11-07", "acceptedDate": "2017-11-07 16:58:26", "period": "Q2", "revenue": 1012139000, "costOfRevenue": 398045000, "grossProfit": 614094000, "grossProfitRatio": 0.606728917668423, "researchAndDevelopmentExpenses": 133621000, "generalAndAdministrativeExpenses": 114289000, "sellingAndMarketingExpenses": 0.0, "otherExpenses": 140785000, "operatingExpenses": 388695000, "costAndExpenses": 786740000, "interestExpense": 49459000, "depreciationAndAmortization": 180626000, "ebitda": 406025000, "ebitdaratio": 0.401155374904, "operatingIncome": 225399000, "operatingIncomeRatio": 0.222695696935, "totalOtherIncomeExpensesNet": 12951000, "incomeBeforeTax": 186236000, "incomeBeforeTaxRatio": 0.184002394928, "incomeTaxExpense": -2920000.0, "netIncome": 189156000, "netIncomeRatio": 0.186887374165, "eps": 0.81, "epsdiluted": 0.78, "weightedAverageShsOut": 231364000, "weightedAverageShsOutDil": 243835000, "link": "https://www.sec.gov/Archives/edgar/data/827054/000082705417000203/0000827054-17-000203-index.htm", "finalLink": "https://www.sec.gov/Archives/edgar/data/827054/000082705417000203/a0930201710q.htm"}, {"date": "2017-06-30", "symbol": "MCHP", "fillingDate": "2017-08-04", "acceptedDate": "2017-08-04 16:12:34", "period": "Q1", "revenue": 972141000, "costOfRevenue": 387702000, "grossProfit": 584439000, "grossProfitRatio": 0.6011874820627872, "researchAndDevelopmentExpenses": 130480000, "generalAndAdministrativeExpenses": 114272000, "sellingAndMarketingExpenses": 0.0, "otherExpenses": 118089000, "operatingExpenses": 362841000, "costAndExpenses": 750543000, "interestExpense": 49490000, "depreciationAndAmortization": 179375000, "ebitda": 400973000, "ebitdaratio": 0.412463829835, "operatingIncome": 221598000, "operatingIncomeRatio": 0.22794841489, "totalOtherIncomeExpensesNet": -2756000.0, "incomeBeforeTax": 166205000, "incomeBeforeTaxRatio": 0.170967997441, "incomeTaxExpense": -4382000.0, "netIncome": 170587000, "netIncomeRatio": 0.175475574017, "eps": 0.74, "epsdiluted": 0.7, "weightedAverageShsOut": 229429000, "weightedAverageShsOutDil": 242902000, "link": "https://www.sec.gov/Archives/edgar/data/827054/000082705417000132/0000827054-17-000132-index.htm", "finalLink": "https://www.sec.gov/Archives/edgar/data/827054/000082705417000098/a2017-03x3110k.htm"}, {"date": "2017-03-31", "symbol": "MCHP", "fillingDate": "2017-05-30", "acceptedDate": "2017-05-30 16:42:18", "period": "FY", "revenue": 902666000, "costOfRevenue": 369840000, "grossProfit": 532826000, "grossProfitRatio": 0.5902803473266967, "researchAndDevelopmentExpenses": 127182000, "generalAndAdministrativeExpenses": 111160000, "sellingAndMarketingExpenses": 0.0, "otherExpenses": 140397000, "operatingExpenses": 378739000, "costAndExpenses": 748579000, "interestExpense": 41661000, "depreciationAndAmortization": 148793000, "ebitda": 302880000, "ebitdaratio": 0.335539391093, "operatingIncome": 154087000, "operatingIncomeRatio": 0.170702120164, "totalOtherIncomeExpensesNet": -51184000, "incomeBeforeTax": 71802000, "incomeBeforeTaxRatio": 0.0795443718939, "incomeTaxExpense": -65106000, "netIncome": 136908000, "netIncomeRatio": 0.15167071763, "eps": 0.63, "epsdiluted": 0.59, "weightedAverageShsOut": 217196000, "weightedAverageShsOutDil": 234806000, "link": "https://www.sec.gov/Archives/edgar/data/827054/000082705417000098/0000827054-17-000098-index.htm", "finalLink": "https://www.sec.gov/Archives/edgar/data/827054/000082705417000098/a2017-03x3110k.htm"}, {"date": "2016-12-31", "symbol": "MCHP", "fillingDate": "2017-02-08", "acceptedDate": "2017-02-08 13:40:33", "period": "Q3", "revenue": 834366000, "costOfRevenue": 369107000, "grossProfit": 465259000, "grossProfitRatio": 0.55761979754688, "researchAndDevelopmentExpenses": 132433000, "generalAndAdministrativeExpenses": 111017000, "sellingAndMarketingExpenses": 0.0, "otherExpenses": 103735000, "operatingExpenses": 347185000, "costAndExpenses": 716292000, "interestExpense": 35143000, "depreciationAndAmortization": 128526000, "ebitda": 246600000, "ebitdaratio": 0.295553749793, "operatingIncome": 118074000, "operatingIncomeRatio": 0.141513436549, "totalOtherIncomeExpensesNet": 53301000, "incomeBeforeTax": 83498000, "incomeBeforeTaxRatio": 0.100073588809, "incomeTaxExpense": -8138000.0, "netIncome": 107175000, "netIncomeRatio": 0.128450823739, "eps": 0.5, "epsdiluted": 0.49, "weightedAverageShsOut": 215360000, "weightedAverageShsOutDil": 233351000, "link": "https://www.sec.gov/Archives/edgar/data/827054/000082705417000018/0000827054-17-000018-index.htm", "finalLink": "https://www.sec.gov/Archives/edgar/data/827054/000082705417000018/a1231201610q.htm"}, {"date": "2016-09-30", "symbol": "MCHP", "fillingDate": "2016-11-08", "acceptedDate": "2016-11-08 15:26:49", "period": "Q2", "revenue": 871364000, "costOfRevenue": 460743000, "grossProfit": 410621000, "grossProfitRatio": 0.4712393442923967, "researchAndDevelopmentExpenses": 137795000, "generalAndAdministrativeExpenses": 120129000, "sellingAndMarketingExpenses": 0.0, "otherExpenses": 89937000, "operatingExpenses": 347861000, "costAndExpenses": 808604000, "interestExpense": 35126000, "depreciationAndAmortization": 126184000, "ebitda": 188944000, "ebitdaratio": 0.216837050877, "operatingIncome": 62760000, "operatingIncomeRatio": 0.0720250090662, "totalOtherIncomeExpensesNet": -779000.0, "incomeBeforeTax": 25234000, "incomeBeforeTaxRatio": 0.0289591950092, "incomeTaxExpense": -10340000, "netIncome": 33919000, "netIncomeRatio": 0.038926327, "eps": 0.16, "epsdiluted": 0.16, "weightedAverageShsOut": 214935000, "weightedAverageShsOutDil": 214935000, "link": "https://www.sec.gov/Archives/edgar/data/827054/000082705416000472/0000827054-16-000472-index.htm", "finalLink": "https://www.sec.gov/Archives/edgar/data/827054/000082705416000472/a930201610q.htm"}, {"date": "2016-06-30", "symbol": "MCHP", "fillingDate": "2016-08-09", "acceptedDate": "2016-08-09 17:03:12", "period": "Q1", "revenue": 799411000, "costOfRevenue": 450921000, "grossProfit": 348490000, "grossProfitRatio": 0.43593345600698513, "researchAndDevelopmentExpenses": 147883000, "generalAndAdministrativeExpenses": 157505000, "sellingAndMarketingExpenses": 0.0, "otherExpenses": 102206000, "operatingExpenses": 407594000, "costAndExpenses": 858515000, "interestExpense": 34416000, "depreciationAndAmortization": 126304000, "ebitda": 67200000, "ebitdaratio": 0.0840618905669, "operatingIncome": -59104000, "operatingIncomeRatio": -0.07393443422719978, "totalOtherIncomeExpensesNet": 0.0, "incomeBeforeTax": -90747000, "incomeBeforeTaxRatio": -0.11351732713210101, "incomeTaxExpense": 18478000, "netIncome": -109225000, "netIncomeRatio": -0.1366318451960256, "eps": -0.53, "epsdiluted": -0.53, "weightedAverageShsOut": 214345000, "weightedAverageShsOutDil": 214345000, "link": "https://www.sec.gov/Archives/edgar/data/827054/000082705416000385/0000827054-16-000385-index.htm", "finalLink": "https://www.sec.gov/Archives/edgar/data/827054/000082705416000344/a2016-03x3110k.htm"}, {"date": "2016-03-31", "symbol": "MCHP", "fillingDate": "2016-05-24", "acceptedDate": "2016-05-24 17:13:41", "period": "FY", "revenue": 557647000, "costOfRevenue": 254868000, "grossProfit": 302779000, "grossProfitRatio": 0.5429581796369388, "researchAndDevelopmentExpenses": 95638000, "generalAndAdministrativeExpenses": 78293000, "sellingAndMarketingExpenses": 0.0, "otherExpenses": 48902000, "operatingExpenses": 222833000, "costAndExpenses": 477701000, "interestExpense": 26815000, "depreciationAndAmortization": 95904000, "ebitda": 175850000, "ebitdaratio": 0.315342860268, "operatingIncome": 79946000, "operatingIncomeRatio": 0.143363095291, "totalOtherIncomeExpensesNet": -1299000.0, "incomeBeforeTax": 57613000, "incomeBeforeTaxRatio": 0.103314462375, "incomeTaxExpense": -9742000.0, "netIncome": 67355000, "netIncomeRatio": 0.120784295441, "eps": 0.33, "epsdiluted": 0.31, "weightedAverageShsOut": 203384000, "weightedAverageShsOutDil": 217388000, "link": "https://www.sec.gov/Archives/edgar/data/827054/000082705416000344/0000827054-16-000344-index.htm", "finalLink": "https://www.sec.gov/Archives/edgar/data/827054/000082705416000344/a2016-03x3110k.htm"}, {"date": "2015-12-31", "symbol": "MCHP", "fillingDate": "2016-02-05", "acceptedDate": "2016-02-05 16:47:12", "period": "Q3", "revenue": 540344000, "costOfRevenue": 247626000, "grossProfit": 292718000, "grossProfitRatio": 0.5417252713086478, "researchAndDevelopmentExpenses": 97022000, "generalAndAdministrativeExpenses": 76270000, "sellingAndMarketingExpenses": 0.0, "otherExpenses": 43294000, "operatingExpenses": 216586000, "costAndExpenses": 464212000, "interestExpense": 27507000, "depreciationAndAmortization": 86839000, "ebitda": 162971000, "ebitdaratio": 0.301606013947, "operatingIncome": 76132000, "operatingIncomeRatio": 0.140895429578, "totalOtherIncomeExpensesNet": -5088000.0, "incomeBeforeTax": 50158000, "incomeBeforeTaxRatio": 0.0928260515523, "incomeTaxExpense": -11053000, "netIncome": 61211000, "netIncomeRatio": 0.113281539168, "eps": 0.3, "epsdiluted": 0.28, "weightedAverageShsOut": 203267000, "weightedAverageShsOutDil": 217280000, "link": "https://www.sec.gov/Archives/edgar/data/827054/000082705416000265/0000827054-16-000265-index.htm", "finalLink": "https://www.sec.gov/Archives/edgar/data/827054/000082705416000265/a1231201510q.htm"}, {"date": "2015-09-30", "symbol": "MCHP", "fillingDate": "2015-11-09", "acceptedDate": "2015-11-09 13:59:20", "period": "Q2", "revenue": 541391000, "costOfRevenue": 240441000, "grossProfit": 300950000, "grossProfitRatio": 0.5558829016367098, "researchAndDevelopmentExpenses": 95256000, "generalAndAdministrativeExpenses": 80258000, "sellingAndMarketingExpenses": 0.0, "otherExpenses": 50488000, "operatingExpenses": 226002000, "costAndExpenses": 466443000, "interestExpense": 25644000, "depreciationAndAmortization": 79313000, "ebitda": 154261000, "ebitdaratio": 0.284934548229, "operatingIncome": 74948000, "operatingIncomeRatio": 0.138435991732, "totalOtherIncomeExpensesNet": -1696000.0, "incomeBeforeTax": 53957000, "incomeBeforeTaxRatio": 0.0996636442054, "incomeTaxExpense": -10942000, "netIncome": 64899000, "netIncomeRatio": 0.119874545384, "eps": 0.31, "epsdiluted": 0.3, "weightedAverageShsOut": 203254000, "weightedAverageShsOutDil": 216933000, "link": "https://www.sec.gov/Archives/edgar/data/827054/000082705415000218/0000827054-15-000218-index.htm", "finalLink": "https://www.sec.gov/Archives/edgar/data/827054/000082705415000218/a0930201510q.htm"}, {"date": "2015-06-30", "symbol": "MCHP", "fillingDate": "2015-08-06", "acceptedDate": "2015-08-06 17:16:07", "period": "Q1", "revenue": 533952000, "costOfRevenue": 224935000, "grossProfit": 309017000, "grossProfitRatio": 0.578735541771545, "researchAndDevelopmentExpenses": 84680000, "generalAndAdministrativeExpenses": 66849000, "sellingAndMarketingExpenses": 0.0, "otherExpenses": 36169000, "operatingExpenses": 187698000, "costAndExpenses": 412633000, "interestExpense": 24052000, "depreciationAndAmortization": 73105000, "ebitda": 194424000, "ebitdaratio": 0.364122617763, "operatingIncome": 121319000, "operatingIncomeRatio": 0.227209561908, "totalOtherIncomeExpensesNet": 16947000, "incomeBeforeTax": 119565000, "incomeBeforeTaxRatio": 0.223924622438, "incomeTaxExpense": -10895000, "netIncome": 130667000, "netIncomeRatio": 0.244716753566, "eps": 0.65, "epsdiluted": 0.6, "weightedAverageShsOut": 202232000, "weightedAverageShsOutDil": 216767000, "link": "https://www.sec.gov/Archives/edgar/data/827054/000082705415000134/0000827054-15-000134-index.htm", "finalLink": "https://www.sec.gov/Archives/edgar/data/827054/000082705415000103/a2015-03x3110k.htm"}, {"date": "2015-03-31", "symbol": "MCHP", "fillingDate": "2015-05-27", "acceptedDate": "2015-05-26 20:46:13", "period": "FY", "revenue": 543207000, "costOfRevenue": 229575000, "grossProfit": 313632000, "grossProfitRatio": 0.5773710574421905, "researchAndDevelopmentExpenses": 87662000, "generalAndAdministrativeExpenses": 67778000, "sellingAndMarketingExpenses": 0.0, "otherExpenses": 47845000, "operatingExpenses": 203285000, "costAndExpenses": 432860000, "interestExpense": 20114000, "depreciationAndAmortization": 81497000, "ebitda": 191844000, "ebitdaratio": 0.353169233828, "operatingIncome": 110347000, "operatingIncomeRatio": 0.203139871172, "totalOtherIncomeExpensesNet": 17277000, "incomeBeforeTax": 62021000, "incomeBeforeTaxRatio": 0.114175627339, "incomeTaxExpense": -36559000, "netIncome": 99402000, "netIncomeRatio": 0.182991014475, "eps": 0.5, "epsdiluted": 0.45, "weightedAverageShsOut": 200937000, "weightedAverageShsOutDil": 223561000, "link": "https://www.sec.gov/Archives/edgar/data/827054/000082705415000103/0000827054-15-000103-index.htm", "finalLink": "https://www.sec.gov/Archives/edgar/data/827054/000082705415000103/a2015-03x3110k.htm"}, {"date": "2014-12-31", "symbol": "MCHP", "fillingDate": "2015-02-03", "acceptedDate": "2015-02-03 11:51:52", "period": "Q3", "revenue": 528710000, "costOfRevenue": 226751000, "grossProfit": 301959000, "grossProfitRatio": 0.5711240566662253, "researchAndDevelopmentExpenses": 88697000, "generalAndAdministrativeExpenses": 66668000, "sellingAndMarketingExpenses": 0.0, "otherExpenses": 48585000, "operatingExpenses": 203950000, "costAndExpenses": 430701000, "interestExpense": 14223000, "depreciationAndAmortization": 76348000, "ebitda": 174357000, "ebitdaratio": 0.329778139245, "operatingIncome": 98009000, "operatingIncomeRatio": 0.185373834427, "totalOtherIncomeExpensesNet": -2457000.0, "incomeBeforeTax": 86191000, "incomeBeforeTaxRatio": 0.163021316033, "incomeTaxExpense": 1393000.0, "netIncome": 86057000, "netIncomeRatio": 0.162767868964, "eps": 0.42, "epsdiluted": 0.38, "weightedAverageShsOut": 200673000, "weightedAverageShsOutDil": 224433000, "link": "https://www.sec.gov/Archives/edgar/data/827054/000082705415000017/0000827054-15-000017-index.htm", "finalLink": "https://www.sec.gov/Archives/edgar/data/827054/000082705415000017/a2014123110q.htm"}, {"date": "2014-09-30", "symbol": "MCHP", "fillingDate": "2014-11-10", "acceptedDate": "2014-11-10 13:38:11", "period": "Q2", "revenue": 546243000, "costOfRevenue": 238789000, "grossProfit": 307454000, "grossProfitRatio": 0.5628520640081429, "researchAndDevelopmentExpenses": 88814000, "generalAndAdministrativeExpenses": 71114000, "sellingAndMarketingExpenses": 0.0, "otherExpenses": 46208000, "operatingExpenses": 206136000, "costAndExpenses": 444925000, "interestExpense": 14019000, "depreciationAndAmortization": 73810000, "ebitda": 175128000, "ebitdaratio": 0.3206045661, "operatingIncome": 101318000, "operatingIncomeRatio": 0.185481553082, "totalOtherIncomeExpensesNet": -1091000.0, "incomeBeforeTax": 90704000, "incomeBeforeTaxRatio": 0.166050640466, "incomeTaxExpense": -1334000.0, "netIncome": 93641000, "netIncomeRatio": 0.171427368406, "eps": 0.47, "epsdiluted": 0.42, "weightedAverageShsOut": 200408000, "weightedAverageShsOutDil": 224906000, "link": "https://www.sec.gov/Archives/edgar/data/827054/000082705414000250/0000827054-14-000250-index.htm", "finalLink": "https://www.sec.gov/Archives/edgar/data/827054/000082705414000250/a2014093010q.htm"}, {"date": "2014-06-30", "symbol": "MCHP", "fillingDate": "2014-08-11", "acceptedDate": "2014-08-11 15:45:22", "period": "Q1", "revenue": 528876000, "costOfRevenue": 222357000, "grossProfit": 306519000, "grossProfitRatio": 0.5795668549905838, "researchAndDevelopmentExpenses": 84370000, "generalAndAdministrativeExpenses": 69255000, "sellingAndMarketingExpenses": 0.0, "otherExpenses": 36948000, "operatingExpenses": 190573000, "costAndExpenses": 412930000, "interestExpense": 13678000, "depreciationAndAmortization": 63897000, "ebitda": 179843000, "ebitdaratio": 0.340047572588, "operatingIncome": 115946000, "operatingIncomeRatio": 0.219230972856, "totalOtherIncomeExpensesNet": 13000.0, "incomeBeforeTax": 106991000, "incomeBeforeTaxRatio": 0.202298837535, "incomeTaxExpense": 17082000, "netIncome": 89909000, "netIncomeRatio": 0.170000151264, "eps": 0.45, "epsdiluted": 0.4, "weightedAverageShsOut": 200187000, "weightedAverageShsOutDil": 224527000, "link": "https://www.sec.gov/Archives/edgar/data/827054/000082705414000176/0000827054-14-000176-index.htm", "finalLink": "https://www.sec.gov/Archives/edgar/data/827054/000082705414000140/a2014-03x3110k.htm"}, {"date": "2014-03-31", "symbol": "MCHP", "fillingDate": "2014-05-30", "acceptedDate": "2014-05-30 16:17:14", "period": "FY", "revenue": 493384000, "costOfRevenue": 202798000, "grossProfit": 290586000, "grossProfitRatio": 0.588965187359136, "researchAndDevelopmentExpenses": 77363000, "generalAndAdministrativeExpenses": 65344000, "sellingAndMarketingExpenses": 0.0, "otherExpenses": 21842000, "operatingExpenses": 164549000, "costAndExpenses": 367347000, "interestExpense": 11961000, "depreciationAndAmortization": 56333000, "ebitda": 182370000, "ebitdaratio": 0.369630956821, "operatingIncome": 126037000, "operatingIncomeRatio": 0.255454169572, "totalOtherIncomeExpensesNet": -195000.0, "incomeBeforeTax": 118224000, "incomeBeforeTaxRatio": 0.239618633762, "incomeTaxExpense": 6729000.0, "netIncome": 111495000, "netIncomeRatio": 0.225980169604, "eps": 0.56, "epsdiluted": 0.51, "weightedAverageShsOut": 198291000, "weightedAverageShsOutDil": 217630000, "link": "https://www.sec.gov/Archives/edgar/data/827054/000082705414000140/0000827054-14-000140-index.htm", "finalLink": "https://www.sec.gov/Archives/edgar/data/827054/000082705414000140/a2014-03x3110k.htm"}, {"date": "2013-12-31", "symbol": "MCHP", "fillingDate": "2014-02-07", "acceptedDate": "2014-02-07 13:45:03", "period": "Q3", "revenue": 482372000, "costOfRevenue": 199652000, "grossProfit": 282720000, "grossProfitRatio": 0.5861036710256814, "researchAndDevelopmentExpenses": 76341000, "generalAndAdministrativeExpenses": 66856000, "sellingAndMarketingExpenses": 0.0, "otherExpenses": 22605000, "operatingExpenses": 165802000, "costAndExpenses": 365454000, "interestExpense": 12545000, "depreciationAndAmortization": 40005000, "ebitda": 156923000, "ebitdaratio": 0.325315316809, "operatingIncome": 116918000, "operatingIncomeRatio": 0.242381398589, "totalOtherIncomeExpensesNet": 3824000.0, "incomeBeforeTax": 112588000, "incomeBeforeTaxRatio": 0.233404924001, "incomeTaxExpense": 7187000.0, "netIncome": 105401000, "netIncomeRatio": 0.218505634655, "eps": 0.53, "epsdiluted": 0.48, "weightedAverageShsOut": 197845000, "weightedAverageShsOutDil": 215943000, "link": "https://www.sec.gov/Archives/edgar/data/827054/000082705414000023/0000827054-14-000023-index.htm", "finalLink": "https://www.sec.gov/Archives/edgar/data/827054/000082705414000023/a2013123110q.htm"}, {"date": "2013-09-30", "symbol": "MCHP", "fillingDate": "2013-11-08", "acceptedDate": "2013-11-08 12:21:10", "period": "Q2", "revenue": 492669000, "costOfRevenue": 203806000, "grossProfit": 288863000, "grossProfitRatio": 0.5863226628831933, "researchAndDevelopmentExpenses": 78254000, "generalAndAdministrativeExpenses": 69368000, "sellingAndMarketingExpenses": 0.0, "otherExpenses": 23733000, "operatingExpenses": 171355000, "costAndExpenses": 375161000, "interestExpense": 12354000, "depreciationAndAmortization": 50832000, "ebitda": 168340000, "ebitdaratio": 0.341689856679, "operatingIncome": 117508000, "operatingIncomeRatio": 0.238513078761, "totalOtherIncomeExpensesNet": 2143000.0, "incomeBeforeTax": 111206000, "incomeBeforeTaxRatio": 0.225721529059, "incomeTaxExpense": 11400000, "netIncome": 99806000, "netIncomeRatio": 0.202582261112, "eps": 0.5, "epsdiluted": 0.46, "weightedAverageShsOut": 197388000, "weightedAverageShsOutDil": 214371000, "link": "https://www.sec.gov/Archives/edgar/data/827054/000082705413000321/0000827054-13-000321-index.htm", "finalLink": "https://www.sec.gov/Archives/edgar/data/827054/000082705413000321/a2013093010q.htm"}, {"date": "2013-06-30", "symbol": "MCHP", "fillingDate": "2013-08-09", "acceptedDate": "2013-08-09 15:50:11", "period": "Q1", "revenue": 462792000, "costOfRevenue": 196218000, "grossProfit": 266574000, "grossProfitRatio": 0.5760125499144324, "researchAndDevelopmentExpenses": 73085000, "generalAndAdministrativeExpenses": 65710000, "sellingAndMarketingExpenses": 0.0, "otherExpenses": 29378000, "operatingExpenses": 168173000, "costAndExpenses": 364391000, "interestExpense": 11856000, "depreciationAndAmortization": 52898000, "ebitda": 151299000, "ebitdaratio": 0.326926567443, "operatingIncome": 98401000, "operatingIncomeRatio": 0.212624678041, "totalOtherIncomeExpensesNet": 126000.0, "incomeBeforeTax": 90336000, "incomeBeforeTaxRatio": 0.195197842659, "incomeTaxExpense": 11757000, "netIncome": 78579000, "netIncomeRatio": 0.169793341285, "eps": 0.4, "epsdiluted": 0.37, "weightedAverageShsOut": 196950000, "weightedAverageShsOutDil": 212266000, "link": "https://www.sec.gov/Archives/edgar/data/827054/000082705413000216/0000827054-13-000216-index.htm", "finalLink": "https://www.sec.gov/Archives/edgar/data/827054/000082705413000171/a2013-03x3110k.htm"}, {"date": "2013-03-31", "symbol": "MCHP", "fillingDate": "2013-05-30", "acceptedDate": "2013-05-30 14:55:45", "period": "FY", "revenue": 430144000, "costOfRevenue": 191105000, "grossProfit": 239039000, "grossProfitRatio": 0.5557185500669544, "researchAndDevelopmentExpenses": 70438000, "generalAndAdministrativeExpenses": 64744000, "sellingAndMarketingExpenses": 0.0, "otherExpenses": 47144000, "operatingExpenses": 182326000, "costAndExpenses": 373431000, "interestExpense": 9932000.0, "depreciationAndAmortization": 65773000, "ebitda": 122486000, "ebitdaratio": 0.284755802708, "operatingIncome": 56713000, "operatingIncomeRatio": 0.131846544413, "totalOtherIncomeExpensesNet": -404000.0, "incomeBeforeTax": 49502000, "incomeBeforeTaxRatio": 0.115082391013, "incomeTaxExpense": -10188000, "netIncome": 59690000, "netIncomeRatio": 0.138767482517, "eps": 0.3, "epsdiluted": 0.29, "weightedAverageShsOut": 194595000, "weightedAverageShsOutDil": 205776000, "link": "https://www.sec.gov/Archives/edgar/data/827054/000082705413000171/0000827054-13-000171-index.htm", "finalLink": "https://www.sec.gov/Archives/edgar/data/827054/000082705413000171/a2013-03x3110k.htm"}, {"date": "2012-12-31", "symbol": "MCHP", "fillingDate": "2013-02-11", "acceptedDate": "2013-02-11 14:09:05", "period": "Q3", "revenue": 416047000, "costOfRevenue": 215619000, "grossProfit": 200428000, "grossProfitRatio": 0.4817436491550233, "researchAndDevelopmentExpenses": 71377000, "generalAndAdministrativeExpenses": 69368000, "sellingAndMarketingExpenses": 0.0, "otherExpenses": 42270000, "operatingExpenses": 183015000, "costAndExpenses": 398634000, "interestExpense": 11077000, "depreciationAndAmortization": 66156000, "ebitda": 83569000, "ebitdaratio": 0.200864325425, "operatingIncome": 17413000, "operatingIncomeRatio": 0.0418534444426, "totalOtherIncomeExpensesNet": 0.0, "incomeBeforeTax": 9692000.0, "incomeBeforeTaxRatio": 0.0232954449858, "incomeTaxExpense": -481000.0, "netIncome": 10173000, "netIncomeRatio": 0.0244515643665, "eps": 0.05, "epsdiluted": 0.05, "weightedAverageShsOut": 194157000, "weightedAverageShsOutDil": 204553000, "link": "https://www.sec.gov/Archives/edgar/data/827054/000082705413000050/0000827054-13-000050-index.htm", "finalLink": "https://www.sec.gov/Archives/edgar/data/827054/000082705413000050/a2012123110q.htm"}, {"date": "2012-09-30", "symbol": "MCHP", "fillingDate": "2012-11-09", "acceptedDate": "2012-11-09 14:18:14", "period": "Q2", "revenue": 383298000, "costOfRevenue": 187385000, "grossProfit": 195913000, "grossProfitRatio": 0.5111245036499017, "researchAndDevelopmentExpenses": 64082000, "generalAndAdministrativeExpenses": 69439000, "sellingAndMarketingExpenses": 0.0, "otherExpenses": 54298000, "operatingExpenses": 187819000, "costAndExpenses": 375204000, "interestExpense": 10758000, "depreciationAndAmortization": 53308000, "ebitda": 61402000, "ebitdaratio": 0.160193896133, "operatingIncome": 8094000.0, "operatingIncomeRatio": 0.0211167290202, "totalOtherIncomeExpensesNet": 0.0, "incomeBeforeTax": 2119000.0, "incomeBeforeTaxRatio": 0.00552833565529, "incomeTaxExpense": 23303000, "netIncome": -21184000, "netIncomeRatio": -0.055267702936096716, "eps": -0.11, "epsdiluted": -0.11, "weightedAverageShsOut": 193756000, "weightedAverageShsOutDil": 204627000, "link": "https://www.sec.gov/Archives/edgar/data/827054/000082705412000342/0000827054-12-000342-index.htm", "finalLink": "https://www.sec.gov/Archives/edgar/data/827054/000082705412000342/a2012093010q.htm"}, {"date": "2012-06-30", "symbol": "MCHP", "fillingDate": "2012-08-09", "acceptedDate": "2012-08-09 14:11:12", "period": "Q1", "revenue": 352134000, "costOfRevenue": 149055000, "grossProfit": 203079000, "grossProfitRatio": 0.5767094344766481, "researchAndDevelopmentExpenses": 48826000, "generalAndAdministrativeExpenses": 57920000, "sellingAndMarketingExpenses": 0.0, "otherExpenses": 0.0, "operatingExpenses": 106746000, "costAndExpenses": 255801000, "interestExpense": 9148000.0, "depreciationAndAmortization": 27274000, "ebitda": 123607000, "ebitdaratio": 0.35102262207, "operatingIncome": 96333000, "operatingIncomeRatio": 0.273569152652, "totalOtherIncomeExpensesNet": 0.0, "incomeBeforeTax": 90864000, "incomeBeforeTaxRatio": 0.258038133211, "incomeTaxExpense": 12154000, "netIncome": 78710000, "netIncomeRatio": 0.223522863455, "eps": 0.41, "epsdiluted": 0.39, "weightedAverageShsOut": 193452000, "weightedAverageShsOutDil": 203700000, "link": "https://www.sec.gov/Archives/edgar/data/827054/000082705412000230/0000827054-12-000230-index.htm", "finalLink": "https://www.sec.gov/Archives/edgar/data/827054/000082705412000170/a2012-03x3110k.htm"}, {"date": "2012-03-31", "symbol": "MCHP", "fillingDate": "2012-05-30", "acceptedDate": "2012-05-30 13:24:31", "period": "FY", "revenue": 338911000, "costOfRevenue": 145038000, "grossProfit": 193873000, "grossProfitRatio": 0.5720469385767945, "researchAndDevelopmentExpenses": 47713000, "generalAndAdministrativeExpenses": 50754000, "sellingAndMarketingExpenses": 0.0, "otherExpenses": 837000.0, "operatingExpenses": 99304000, "costAndExpenses": 244342000, "interestExpense": 60186000, "depreciationAndAmortization": 26240000, "ebitda": 120149000, "ebitdaratio": 0.354514902142, "operatingIncome": 93909000, "operatingIncomeRatio": 0.277090445574, "totalOtherIncomeExpensesNet": -352000.0, "incomeBeforeTax": 91922000, "incomeBeforeTaxRatio": 0.271227549416, "incomeTaxExpense": 11286000, "netIncome": 80636000, "netIncomeRatio": 0.237926771335, "eps": 0.42, "epsdiluted": 0.39, "weightedAverageShsOut": 191283000, "weightedAverageShsOutDil": 203519000, "link": "https://www.sec.gov/Archives/edgar/data/827054/000082705412000170/0000827054-12-000170-index.htm", "finalLink": "https://www.sec.gov/Archives/edgar/data/827054/000082705412000170/a2012-03x3110k.htm"}, {"date": "2011-12-31", "symbol": "MCHP", "fillingDate": "2012-02-06", "acceptedDate": "2012-02-06 11:28:48", "period": "Q3", "revenue": 329156000, "costOfRevenue": 145377000, "grossProfit": 183779000, "grossProfitRatio": 0.5583340422170643, "researchAndDevelopmentExpenses": 44256000, "generalAndAdministrativeExpenses": 52056000, "sellingAndMarketingExpenses": 0.0, "otherExpenses": 0.0, "operatingExpenses": 96312000, "costAndExpenses": 241689000, "interestExpense": -8994000.0, "depreciationAndAmortization": 26606000, "ebitda": 114733000, "ebitdaratio": 0.348567244711, "operatingIncome": 88127000, "operatingIncomeRatio": 0.267736270948, "totalOtherIncomeExpensesNet": 0.0, "incomeBeforeTax": 83677000, "incomeBeforeTaxRatio": 0.254216845508, "incomeTaxExpense": 6188000.0, "netIncome": 77489000, "netIncomeRatio": 0.235417248964, "eps": 0.4, "epsdiluted": 0.38, "weightedAverageShsOut": 190854000, "weightedAverageShsOutDil": 202686000, "link": "https://www.sec.gov/Archives/edgar/data/827054/000082705412000035/0000827054-12-000035-index.htm", "finalLink": "https://www.sec.gov/Archives/edgar/data/827054/000082705412000035/a2011123110q.htm"}, {"date": "2011-09-30", "symbol": "MCHP", "fillingDate": "2011-11-07", "acceptedDate": "2011-11-07 14:34:13", "period": "Q2", "revenue": 340602000, "costOfRevenue": 145608000, "grossProfit": 194994000, "grossProfitRatio": 0.5724981062941498, "researchAndDevelopmentExpenses": 45383000, "generalAndAdministrativeExpenses": 51991000, "sellingAndMarketingExpenses": 0.0, "otherExpenses": 0.0, "operatingExpenses": 97374000, "costAndExpenses": 242982000, "interestExpense": -8911000.0, "depreciationAndAmortization": 27098000, "ebitda": 124718000, "ebitdaratio": 0.366169311983, "operatingIncome": 97620000, "operatingIncomeRatio": 0.286610178449, "totalOtherIncomeExpensesNet": 0.0, "incomeBeforeTax": 90270000, "incomeBeforeTaxRatio": 0.26503073969, "incomeTaxExpense": 10983000, "netIncome": 79287000, "netIncomeRatio": 0.232784892631, "eps": 0.42, "epsdiluted": 0.39, "weightedAverageShsOut": 190461000, "weightedAverageShsOutDil": 202383000, "link": "https://www.sec.gov/Archives/edgar/data/827054/000082705411000319/0000827054-11-000319-index.htm", "finalLink": "https://www.sec.gov/Archives/edgar/data/827054/000082705411000319/a201193010q.htm"}, {"date": "2011-06-30", "symbol": "MCHP", "fillingDate": "2011-08-09", "acceptedDate": "2011-08-09 13:38:06", "period": "Q1", "revenue": 374507000, "costOfRevenue": 154759000, "grossProfit": 219748000, "grossProfitRatio": 0.5867660684579995, "researchAndDevelopmentExpenses": 45298000, "generalAndAdministrativeExpenses": 57590000, "sellingAndMarketingExpenses": 0.0, "otherExpenses": 0.0, "operatingExpenses": 102888000, "costAndExpenses": 257647000, "interestExpense": -8015000.0, "depreciationAndAmortization": 27211000, "ebitda": 144071000, "ebitdaratio": 0.384695079131, "operatingIncome": 116860000, "operatingIncomeRatio": 0.312036891166, "totalOtherIncomeExpensesNet": 0.0, "incomeBeforeTax": 113826000, "incomeBeforeTaxRatio": 0.303935573968, "incomeTaxExpense": 14533000, "netIncome": 99293000, "netIncomeRatio": 0.265129890763, "eps": 0.52, "epsdiluted": 0.49, "weightedAverageShsOut": 190112000, "weightedAverageShsOutDil": 204567000, "link": "https://www.sec.gov/Archives/edgar/data/827054/000082705411000217/0000827054-11-000217-index.htm", "finalLink": "https://www.sec.gov/Archives/edgar/data/827054/000082705411000157/form10_k.htm"}, {"date": "2011-03-31", "symbol": "MCHP", "fillingDate": "2011-05-31", "acceptedDate": "2011-05-31 15:47:54", "period": "FY", "revenue": 379985000, "costOfRevenue": 155803000, "grossProfit": 224182000, "grossProfitRatio": 0.5899759201021093, "researchAndDevelopmentExpenses": 44159000, "generalAndAdministrativeExpenses": 56885000, "sellingAndMarketingExpenses": 0.0, "otherExpenses": 0.0, "operatingExpenses": 101044000, "costAndExpenses": 256847000, "interestExpense": 8065000.0, "depreciationAndAmortization": 26459000, "ebitda": 150820000, "ebitdaratio": 0.3969104043580668, "operatingIncome": 124361000, "operatingIncomeRatio": 0.32727870837006723, "totalOtherIncomeExpensesNet": 0.0, "incomeBeforeTax": 120029000, "incomeBeforeTaxRatio": 0.3158782583523034, "incomeTaxExpense": -10583000, "netIncome": 125528000, "netIncomeRatio": 0.33034988223219336, "eps": 2.29, "epsdiluted": 2.29, "weightedAverageShsOut": 187066000, "weightedAverageShsOutDil": 194715000, "link": "https://www.sec.gov/Archives/edgar/data/827054/000082705411000157/0000827054-11-000157-index.htm", "finalLink": "https://www.sec.gov/Archives/edgar/data/827054/000082705411000157/form10_k.htm"}, {"date": "2010-12-31", "symbol": "MCHP", "fillingDate": "2011-02-08", "acceptedDate": "2011-02-08 14:38:55", "period": "Q3", "revenue": 1107220000, "costOfRevenue": 458375000, "grossProfit": 648845000, "grossProfitRatio": 0.5860127165332996, "researchAndDevelopmentExpenses": 126448000, "generalAndAdministrativeExpenses": 170896000, "sellingAndMarketingExpenses": 0.0, "otherExpenses": 1679000.0, "operatingExpenses": 299023000, "costAndExpenses": 757398000, "interestExpense": 23456000, "depreciationAndAmortization": 85419000, "ebitda": 435241000, "ebitdaratio": 0.393093513484, "operatingIncome": 349822000, "operatingIncomeRatio": 0.315946243746, "totalOtherIncomeExpensesNet": 0.0, "incomeBeforeTax": 298555000, "incomeBeforeTaxRatio": 0.269643792562, "incomeTaxExpense": 42114000, "netIncome": 293422000, "netIncomeRatio": 0.265007857517, "eps": 1.57, "epsdiluted": 1.53, "weightedAverageShsOut": 186444000, "weightedAverageShsOutDil": 192344000, "link": "https://www.sec.gov/Archives/edgar/data/827054/000082705411000035/0000827054-11-000035-index.htm", "finalLink": "https://www.sec.gov/Archives/edgar/data/827054/000082705411000035/form10_q.htm"}, {"date": "2010-11-08", "symbol": "MCHP", "fillingDate": "2010-11-08", "acceptedDate": "2010-11-08 14:53:41", "period": "Q2", "revenue": 418595000, "costOfRevenue": 187333000, "grossProfit": 231262000, "grossProfitRatio": 0.5524719597701836, "researchAndDevelopmentExpenses": 45593000, "generalAndAdministrativeExpenses": 61117000, "sellingAndMarketingExpenses": 0.0, "otherExpenses": -475000.0, "operatingExpenses": 106710000, "costAndExpenses": 294043000, "interestExpense": -7739000.0, "depreciationAndAmortization": -26868000, "ebitda": 98869000, "ebitdaratio": 0.416145834957, "operatingIncome": 125737000, "operatingIncomeRatio": 0.332392978825, "totalOtherIncomeExpensesNet": 0.0, "incomeBeforeTax": 123592000, "incomeBeforeTaxRatio": 0.279347632956, "incomeTaxExpense": 16582000, "netIncome": 103080000, "netIncomeRatio": 0.27919489029, "eps": -0.48, "epsdiluted": -0.47, "weightedAverageShsOut": 186595833, "weightedAverageShsOutDil": 186595833, "link": "https://www.sec.gov/Archives/edgar/data/827054/000082705410000284/0000827054-10-000284-index.htm", "finalLink": "https://www.sec.gov/Archives/edgar/data/827054/000082705410000284/form_10q.htm"}, {"date": "2010-06-30", "symbol": "MCHP", "fillingDate": "2010-08-09", "acceptedDate": "2010-08-09 13:52:05", "period": "Q1", "revenue": 320801000, "costOfRevenue": 121358000, "grossProfit": 199443000, "grossProfitRatio": 0.6217031742419755, "researchAndDevelopmentExpenses": 38657000, "generalAndAdministrativeExpenses": 53679000, "sellingAndMarketingExpenses": 0.0, "otherExpenses": 475000.0, "operatingExpenses": 92811000, "costAndExpenses": 214169000, "interestExpense": 7739000.0, "depreciationAndAmortization": 26868000, "ebitda": 133500000, "ebitdaratio": 0.416145834957, "operatingIncome": 106632000, "operatingIncomeRatio": 0.332392978825, "totalOtherIncomeExpensesNet": 0.0, "incomeBeforeTax": 89615000, "incomeBeforeTaxRatio": 0.279347632956, "incomeTaxExpense": 13071000, "netIncome": 89566000, "netIncomeRatio": 0.27919489029, "eps": 0.48, "epsdiluted": 0.47, "weightedAverageShsOut": 185540000, "weightedAverageShsOutDil": 190072000, "link": "https://www.sec.gov/Archives/edgar/data/827054/000082705410000218/0000827054-10-000218-index.htm", "finalLink": "https://www.sec.gov/Archives/edgar/data/827054/000114036110023724/form10_k.htm"}, {"date": "2010-03-31", "symbol": "MCHP", "fillingDate": "2010-06-02", "acceptedDate": "2010-06-01 20:11:19", "period": "FY", "revenue": 871217000, "costOfRevenue": 413487000, "grossProfit": 457730000, "grossProfitRatio": 0.5253914925902502, "researchAndDevelopmentExpenses": 119820000, "generalAndAdministrativeExpenses": 142284000, "sellingAndMarketingExpenses": 0.0, "otherExpenses": -31967000, "operatingExpenses": 230137000, "costAndExpenses": 475527000, "interestExpense": 22554000, "depreciationAndAmortization": 50321000, "ebitda": 454856000, "ebitdaratio": 0.52209265889, "operatingIncome": 404535000, "operatingIncomeRatio": 0.464333225821, "totalOtherIncomeExpensesNet": 8845000.0, "incomeBeforeTax": 397389000, "incomeBeforeTaxRatio": 0.456130906536, "incomeTaxExpense": 20588000, "netIncome": 159796000, "netIncomeRatio": 0.183416990256, "eps": 4.13, "epsdiluted": 4.11, "weightedAverageShsOut": 183642000, "weightedAverageShsOutDil": 187339000, "link": "https://www.sec.gov/Archives/edgar/data/827054/000114036110023724/0001140361-10-023724-index.htm", "finalLink": "https://www.sec.gov/Archives/edgar/data/827054/000114036110023724/form10_k.htm"}, {"date": "2009-12-31", "symbol": "MCHP", "fillingDate": "2010-02-09", "acceptedDate": "2010-02-09 14:36:34", "period": "Q3", "revenue": 250099000, "costOfRevenue": 305204000, "grossProfit": -55105000, "grossProfitRatio": -0.22033274823170024, "researchAndDevelopmentExpenses": 30332000, "generalAndAdministrativeExpenses": 43096000, "sellingAndMarketingExpenses": 0.0, "otherExpenses": 0.0, "operatingExpenses": 73428000, "costAndExpenses": 378632000, "interestExpense": 7763000.0, "depreciationAndAmortization": 22437000, "ebitda": 95005000, "ebitdaratio": 0.37986957164962676, "operatingIncome": 72568000, "operatingIncomeRatio": 0.29015709778927545, "totalOtherIncomeExpensesNet": 0.0, "incomeBeforeTax": 69879000, "incomeBeforeTaxRatio": 0.27940535547923023, "incomeTaxExpense": 476000.0, "netIncome": 69403000, "netIncomeRatio": 0.27750210916477075, "eps": 0.77, "epsdiluted": 0.77, "weightedAverageShsOut": 183642000, "weightedAverageShsOutDil": 187339000, "link": "https://www.sec.gov/Archives/edgar/data/827054/000082705410000049/0000827054-10-000049-index.htm", "finalLink": "https://www.sec.gov/Archives/edgar/data/827054/000082705410000049/form10_q.htm"}, {"date": "2009-09-30", "symbol": "MCHP", "fillingDate": "2009-11-06", "acceptedDate": "2009-11-06 12:50:13", "period": "Q2", "revenue": 226661000, "costOfRevenue": 94645000, "grossProfit": 132016000, "grossProfitRatio": 0.5824380903640238, "researchAndDevelopmentExpenses": 29568000, "generalAndAdministrativeExpenses": 41046000, "sellingAndMarketingExpenses": 0.0, "otherExpenses": 0.0, "operatingExpenses": 70614000, "costAndExpenses": -24031000, "interestExpense": 8030000.0, "depreciationAndAmortization": 22639000, "ebitda": 75365000, "ebitdaratio": 0.3325009595828131, "operatingIncome": 52726000, "operatingIncomeRatio": 0.23262052139538783, "totalOtherIncomeExpensesNet": 0.0, "incomeBeforeTax": 51282000, "incomeBeforeTaxRatio": 0.2262497738914061, "incomeTaxExpense": 6797000.0, "netIncome": 44485000, "netIncomeRatio": 0.1962622594976639, "eps": 0.39, "epsdiluted": 0.39, "weightedAverageShsOut": 183642000, "weightedAverageShsOutDil": 187339000, "link": "https://www.sec.gov/Archives/edgar/data/827054/000082705409000214/0000827054-09-000214-index.htm", "finalLink": "https://www.sec.gov/Archives/edgar/data/827054/000082705409000214/form_10q.htm"}, {"date": "2009-06-30", "symbol": "MCHP", "fillingDate": "2009-08-10", "acceptedDate": "2009-08-10 15:53:07", "period": "Q1", "revenue": 192949000, "costOfRevenue": 98224000, "grossProfit": 94725000, "grossProfitRatio": 0.4909328371745902, "researchAndDevelopmentExpenses": 27636000, "generalAndAdministrativeExpenses": 36383000, "sellingAndMarketingExpenses": 0.0, "otherExpenses": 0.0, "operatingExpenses": 64019000, "costAndExpenses": 162243000, "interestExpense": 7519000.0, "depreciationAndAmortization": 22659000, "ebitda": 53837000, "ebitdaratio": 0.2790219177088246, "operatingIncome": 31178000, "operatingIncomeRatio": 0.16158674053765504, "totalOtherIncomeExpensesNet": 0.0, "incomeBeforeTax": 32655000, "incomeBeforeTaxRatio": 0.16924161306873836, "incomeTaxExpense": 5287000.0, "netIncome": 27368000, "netIncomeRatio": 0.14184059000046645, "eps": 0.15, "epsdiluted": 0.15, "weightedAverageShsOut": 183642000, "weightedAverageShsOutDil": 187339000, "link": "https://www.sec.gov/Archives/edgar/data/827054/000082705409000152/0000827054-09-000152-index.htm", "finalLink": "https://www.sec.gov/Archives/edgar/data/827054/000082705409000103/form10-k.htm"}, {"date": "2009-03-31", "symbol": "MCHP", "fillingDate": "2009-05-29", "acceptedDate": "2009-05-29 17:23:40", "period": "FY", "revenue": 173253000, "costOfRevenue": 90486000, "grossProfit": 82767000, "grossProfitRatio": 0.4777233294661564, "researchAndDevelopmentExpenses": 25656000, "generalAndAdministrativeExpenses": 33336000, "sellingAndMarketingExpenses": 0.0, "otherExpenses": 0.0, "operatingExpenses": 58992000, "costAndExpenses": 149478000, "interestExpense": 6511000.0, "depreciationAndAmortization": 23836000, "ebitda": 42877000, "ebitdaratio": 0.24748200608358875, "operatingIncome": 19041000, "operatingIncomeRatio": 0.10990285882495542, "totalOtherIncomeExpensesNet": 0.0, "incomeBeforeTax": 28922000, "incomeBeforeTaxRatio": 0.16693506028755634, "incomeTaxExpense": 6093000.0, "netIncome": 22829000, "netIncomeRatio": 0.1317668380922697, "eps": 1.36, "epsdiluted": 1.36, "weightedAverageShsOut": 182955882, "weightedAverageShsOutDil": 182955882, "link": "https://www.sec.gov/Archives/edgar/data/827054/000082705409000103/0000827054-09-000103-index.htm", "finalLink": "https://www.sec.gov/Archives/edgar/data/827054/000082705409000103/form10-k.htm"}, {"date": "2008-12-31", "symbol": "MCHP", "fillingDate": "2009-02-09", "acceptedDate": "2009-02-09 11:16:37", "period": "Q3", "revenue": 192166000, "costOfRevenue": 88346000, "grossProfit": 103820000, "grossProfitRatio": 0.540262065089558, "researchAndDevelopmentExpenses": 26973000, "generalAndAdministrativeExpenses": 36840000, "sellingAndMarketingExpenses": 0.0, "otherExpenses": 0.0, "operatingExpenses": 63813000, "costAndExpenses": 152159000, "interestExpense": 5775000.0, "depreciationAndAmortization": 24029000, "ebitda": 64503000, "ebitdaratio": 0.33566291643683066, "operatingIncome": 40474000, "operatingIncomeRatio": 0.21061998480480418, "totalOtherIncomeExpensesNet": 0.0, "incomeBeforeTax": 21731000, "incomeBeforeTaxRatio": 0.11308452067483321, "incomeTaxExpense": -51438000, "netIncome": 73169000, "netIncomeRatio": 0.3807593434842792, "eps": 1.23, "epsdiluted": 1.23, "weightedAverageShsOut": 183732520, "weightedAverageShsOutDil": 183732520, "link": "https://www.sec.gov/Archives/edgar/data/827054/000082705409000033/0000827054-09-000033-index.htm", "finalLink": "https://www.sec.gov/Archives/edgar/data/827054/000082705409000033/form10q.htm"}, {"date": "2008-09-30", "symbol": "MCHP", "fillingDate": "2008-11-07", "acceptedDate": "2008-11-07 16:15:18", "period": "Q2", "revenue": 269706000, "costOfRevenue": 107606000, "grossProfit": 162100000, "grossProfitRatio": 0.6010248196183993, "researchAndDevelopmentExpenses": 31343000, "generalAndAdministrativeExpenses": 45629000, "sellingAndMarketingExpenses": 0.0, "otherExpenses": 0.0, "operatingExpenses": 76972000, "costAndExpenses": 184578000, "interestExpense": 5582000.0, "depreciationAndAmortization": 24415000, "ebitda": 111596000, "ebitdaratio": 0.4137690670582041, "operatingIncome": 87181000, "operatingIncomeRatio": 0.3232445700132737, "totalOtherIncomeExpensesNet": 0.0, "incomeBeforeTax": 93422000, "incomeBeforeTaxRatio": 0.34638458172973535, "incomeTaxExpense": 16910000, "netIncome": 76512000, "netIncomeRatio": 0.28368668105270184, "eps": 0.83, "epsdiluted": 0.83, "weightedAverageShsOut": 184122891, "weightedAverageShsOutDil": 184122891, "link": "https://www.sec.gov/Archives/edgar/data/827054/000082705408000228/0000827054-08-000228-index.htm", "finalLink": "https://www.sec.gov/Archives/edgar/data/827054/000082705408000228/form10-q.htm"}, {"date": "2008-06-30", "symbol": "MCHP", "fillingDate": "2008-08-07", "acceptedDate": "2008-08-07 15:09:16", "period": "Q1", "revenue": 268172000, "costOfRevenue": 106200000, "grossProfit": 161972000, "grossProfitRatio": 0.6039855018421013, "researchAndDevelopmentExpenses": 31552000, "generalAndAdministrativeExpenses": 45413000, "sellingAndMarketingExpenses": 0.0, "otherExpenses": 0.0, "operatingExpenses": 76965000, "costAndExpenses": 183165000, "interestExpense": 6401000.0, "depreciationAndAmortization": 23766000, "ebitda": 110398000, "ebitdaratio": 0.4116686305803738, "operatingIncome": 86632000, "operatingIncomeRatio": 0.3230464030547559, "totalOtherIncomeExpensesNet": 0.0, "incomeBeforeTax": 93175000, "incomeBeforeTaxRatio": 0.34744492340736544, "incomeTaxExpense": 16865000, "netIncome": 76310000, "netIncomeRatio": 0.2845561803618573, "eps": 0.41, "epsdiluted": 0.41, "weightedAverageShsOut": 186121951, "weightedAverageShsOutDil": 186121951, "link": "https://www.sec.gov/Archives/edgar/data/827054/000082705408000171/0000827054-08-000171-index.htm", "finalLink": "https://www.sec.gov/Archives/edgar/data/827054/000082705408000120/form10-k.htm"}, {"date": "2008-03-31", "symbol": "MCHP", "fillingDate": "2008-05-28", "acceptedDate": "2008-05-28 13:36:33", "period": "FY", "revenue": 260418000, "costOfRevenue": 103337000, "grossProfit": 157081000, "grossProfitRatio": 0.6031879516776875, "researchAndDevelopmentExpenses": 31506000, "generalAndAdministrativeExpenses": 45396000, "sellingAndMarketingExpenses": 0.0, "otherExpenses": 0.0, "operatingExpenses": 76902000, "costAndExpenses": 180239000, "interestExpense": 6331000.0, "depreciationAndAmortization": 23471000, "ebitda": 105203000, "ebitdaratio": 0.4039774516354476, "operatingIncome": 81732000, "operatingIncomeRatio": 0.3138492730917218, "totalOtherIncomeExpensesNet": 0.0, "incomeBeforeTax": 88821000, "incomeBeforeTaxRatio": 0.34107089371702415, "incomeTaxExpense": 12169000, "netIncome": 76652000, "netIncomeRatio": 0.2943421729680744, "eps": 1.44, "epsdiluted": 1.44, "weightedAverageShsOut": 206769444, "weightedAverageShsOutDil": 206769444, "link": "https://www.sec.gov/Archives/edgar/data/827054/000082705408000120/0000827054-08-000120-index.htm", "finalLink": "https://www.sec.gov/Archives/edgar/data/827054/000082705408000120/form10-k.htm"}, {"date": "2007-12-31", "symbol": "MCHP", "fillingDate": "2008-02-07", "acceptedDate": "2008-02-07 15:39:55", "period": "Q3", "revenue": 252600000, "costOfRevenue": 101108000, "grossProfit": 151492000, "grossProfitRatio": 0.5997307996832938, "researchAndDevelopmentExpenses": 30306000, "generalAndAdministrativeExpenses": 43501000, "sellingAndMarketingExpenses": 0.0, "otherExpenses": 0.0, "operatingExpenses": 73807000, "costAndExpenses": 174915000, "interestExpense": 1635000.0, "depreciationAndAmortization": 23814000, "ebitda": 103054000, "ebitdaratio": 0.4079730799683294, "operatingIncome": 79240000, "operatingIncomeRatio": 0.3136975455265241, "totalOtherIncomeExpensesNet": 0.0, "incomeBeforeTax": 91277000, "incomeBeforeTaxRatio": 0.36134996041171813, "incomeTaxExpense": 11153000, "netIncome": 80124000, "netIncomeRatio": 0.3171971496437055, "eps": 1.02, "epsdiluted": 1.02, "weightedAverageShsOut": 216760784, "weightedAverageShsOutDil": 216760784, "link": "https://www.sec.gov/Archives/edgar/data/827054/000082705408000016/0000827054-08-000016-index.htm", "finalLink": "https://www.sec.gov/Archives/edgar/data/827054/000082705408000016/form10-q.htm"}, {"date": "2007-09-30", "symbol": "MCHP", "fillingDate": "2007-11-07", "acceptedDate": "2007-11-07 13:24:04", "period": "Q2", "revenue": 258647000, "costOfRevenue": 105428000, "grossProfit": 153219000, "grossProfitRatio": 0.5923865345432191, "researchAndDevelopmentExpenses": 29306000, "generalAndAdministrativeExpenses": 42969000, "sellingAndMarketingExpenses": 0.0, "otherExpenses": 0.0, "operatingExpenses": 72275000, "costAndExpenses": 177703000, "interestExpense": 0.0, "depreciationAndAmortization": 25893000, "ebitda": 81567000, "ebitdaratio": 0.31536031734371556, "operatingIncome": 55674000, "operatingIncomeRatio": 0.21525090180825604, "totalOtherIncomeExpensesNet": 0.0, "incomeBeforeTax": 70144000, "incomeBeforeTaxRatio": 0.2711958770061126, "incomeTaxExpense": 9465000.0, "netIncome": 60679000, "netIncomeRatio": 0.2346015998639072, "eps": 0.65, "epsdiluted": 0.65, "weightedAverageShsOut": 216880000, "weightedAverageShsOutDil": 216880000, "link": "https://www.sec.gov/Archives/edgar/data/827054/000082705407000175/0000827054-07-000175-index.htm", "finalLink": "https://www.sec.gov/Archives/edgar/data/827054/000082705407000175/form10-q.htm"}, {"date": "2007-06-30", "symbol": "MCHP", "fillingDate": "2007-08-07", "acceptedDate": "2007-08-07 16:23:29", "period": "Q1", "revenue": 264072000, "costOfRevenue": 107117000, "grossProfit": 156955000, "grossProfitRatio": 0.5943644157653973, "researchAndDevelopmentExpenses": 29746000, "generalAndAdministrativeExpenses": 43780000, "sellingAndMarketingExpenses": 0.0, "otherExpenses": 0.0, "operatingExpenses": 73526000, "costAndExpenses": 180643000, "interestExpense": 0.0, "depreciationAndAmortization": 26898000, "ebitda": 111917000, "ebitdaratio": 0.42381244509073285, "operatingIncome": 85019000, "operatingIncomeRatio": 0.3219538610681935, "totalOtherIncomeExpensesNet": 0.0, "incomeBeforeTax": 100743000, "incomeBeforeTaxRatio": 0.3814982277560665, "incomeTaxExpense": 20450000, "netIncome": 80293000, "netIncomeRatio": 0.3040572268169287, "eps": 0.37, "epsdiluted": 0.37, "weightedAverageShsOut": 217008108, "weightedAverageShsOutDil": 217008108, "link": "https://www.sec.gov/Archives/edgar/data/827054/000082705407000124/0000827054-07-000124-index.htm", "finalLink": "https://www.sec.gov/Archives/edgar/data/827054/000082705407000095/form10-k.htm"}, {"date": "2007-03-31", "symbol": "MCHP", "fillingDate": "2007-05-25", "acceptedDate": "2007-05-25 16:57:49", "period": "FY", "revenue": 258176000, "costOfRevenue": 105235000, "grossProfit": 152941000, "grossProfitRatio": 0.5923904623202776, "researchAndDevelopmentExpenses": 28547000, "generalAndAdministrativeExpenses": 40765000, "sellingAndMarketingExpenses": 0.0, "otherExpenses": 0.0, "operatingExpenses": 69312000, "costAndExpenses": 174547000, "interestExpense": 270000.0, "depreciationAndAmortization": 28379000, "ebitda": 113668000, "ebitdaratio": 0.4402733019335647, "operatingIncome": 85289000, "operatingIncomeRatio": 0.33035216286564206, "totalOtherIncomeExpensesNet": 0.0, "incomeBeforeTax": 99352000, "incomeBeforeTaxRatio": 0.3848227565691621, "incomeTaxExpense": -28356000, "netIncome": 127708000, "netIncomeRatio": 0.49465480912245907, "eps": 1.66, "epsdiluted": 1.66, "weightedAverageShsOut": 215077710, "weightedAverageShsOutDil": 215077710, "link": "https://www.sec.gov/Archives/edgar/data/827054/000082705407000095/0000827054-07-000095-index.htm", "finalLink": "https://www.sec.gov/Archives/edgar/data/827054/000082705407000095/form10-k.htm"}, {"date": "2006-12-31", "symbol": "MCHP", "fillingDate": "2007-02-06", "acceptedDate": "2007-02-06 15:58:43", "period": "Q3", "revenue": 251004000, "costOfRevenue": 102889000, "grossProfit": 148115000, "grossProfitRatio": 0.5900901977657727, "researchAndDevelopmentExpenses": 28043000, "generalAndAdministrativeExpenses": 40185000, "sellingAndMarketingExpenses": 0.0, "otherExpenses": 0.0, "operatingExpenses": 68228000, "costAndExpenses": 171117000, "interestExpense": 890000.0, "depreciationAndAmortization": 29582000, "ebitda": 111064000, "ebitdaratio": 0.4424790043186563, "operatingIncome": 81482000, "operatingIncomeRatio": 0.32462430877595577, "totalOtherIncomeExpensesNet": 0.0, "incomeBeforeTax": 95854000, "incomeBeforeTaxRatio": 0.3818823604404711, "incomeTaxExpense": 23005000, "netIncome": 72849000, "netIncomeRatio": 0.2902304345747478, "eps": 1.07, "epsdiluted": 1.07, "weightedAverageShsOut": 214603000, "weightedAverageShsOutDil": 214603000, "link": "https://www.sec.gov/Archives/edgar/data/827054/000082705407000010/0000827054-07-000010-index.htm", "finalLink": "https://www.sec.gov/Archives/edgar/data/827054/000082705407000010/form10-q.htm"}, {"date": "2006-09-30", "symbol": "MCHP", "fillingDate": "2006-11-08", "acceptedDate": "2006-11-08 16:20:46", "period": "Q2", "revenue": 267934000, "costOfRevenue": 105973000, "grossProfit": 161961000, "grossProfitRatio": 0.6044809542648563, "researchAndDevelopmentExpenses": 29084000, "generalAndAdministrativeExpenses": 41518000, "sellingAndMarketingExpenses": 0.0, "otherExpenses": 0.0, "operatingExpenses": 70602000, "costAndExpenses": 176575000, "interestExpense": 1767000.0, "depreciationAndAmortization": 29691000, "ebitda": 121050000, "ebitdaratio": 0.4517903662842342, "operatingIncome": 91359000, "operatingIncomeRatio": 0.3409757626878261, "totalOtherIncomeExpensesNet": 0.0, "incomeBeforeTax": 104589000, "incomeBeforeTaxRatio": 0.3903535945419394, "incomeTaxExpense": 25101000, "netIncome": 79488000, "netIncomeRatio": 0.2966700754663462, "eps": 0.73, "epsdiluted": 0.73, "weightedAverageShsOut": 214362000, "weightedAverageShsOutDil": 214362000, "link": "https://www.sec.gov/Archives/edgar/data/827054/000082705406000134/0000827054-06-000134-index.htm", "finalLink": "https://www.sec.gov/Archives/edgar/data/827054/000082705406000134/form10q.htm"}, {"date": "2006-06-30", "symbol": "MCHP", "fillingDate": "2006-08-08", "acceptedDate": "2006-08-08 17:14:49", "period": "Q1", "revenue": 262557000, "costOfRevenue": 104073000, "grossProfit": 158484000, "grossProfitRatio": 0.6036175001999566, "researchAndDevelopmentExpenses": 28024000, "generalAndAdministrativeExpenses": 40779000, "sellingAndMarketingExpenses": 0.0, "otherExpenses": 0.0, "operatingExpenses": 68803000, "costAndExpenses": 172876000, "interestExpense": 2489000.0, "depreciationAndAmortization": 28519000, "ebitda": 118200000, "ebitdaratio": 0.45018795918600535, "operatingIncome": 89681000, "operatingIncomeRatio": 0.3415677357678523, "totalOtherIncomeExpensesNet": 0.0, "incomeBeforeTax": 101295000, "incomeBeforeTaxRatio": 0.3858019401501388, "incomeTaxExpense": 24311000, "netIncome": 76984000, "netIncomeRatio": 0.29320871277474986, "eps": 0.36, "epsdiluted": 0.36, "weightedAverageShsOut": 214175000, "weightedAverageShsOutDil": 214175000, "link": "https://www.sec.gov/Archives/edgar/data/827054/000082705406000103/0000827054-06-000103-index.htm", "finalLink": "https://www.sec.gov/Archives/edgar/data/827054/000110465906038580/a06-12509_110k.htm"}, {"date": "2006-03-31", "symbol": "MCHP", "fillingDate": "2006-05-31", "acceptedDate": "2006-05-31 17:30:13", "period": "FY", "revenue": 247172000, "costOfRevenue": 98626000, "grossProfit": 148546000, "grossProfitRatio": 0.6009823119123525, "researchAndDevelopmentExpenses": 24517000, "generalAndAdministrativeExpenses": 34577000, "sellingAndMarketingExpenses": 0.0, "otherExpenses": 0.0, "operatingExpenses": 59094000, "costAndExpenses": 157720000, "interestExpense": 470000.0, "depreciationAndAmortization": 27576000, "ebitda": 117028000, "ebitdaratio": 0.47346786852879774, "operatingIncome": 89452000, "operatingIncomeRatio": 0.36190183354101596, "totalOtherIncomeExpensesNet": 0.0, "incomeBeforeTax": 99432000, "incomeBeforeTaxRatio": 0.4022785752431505, "incomeTaxExpense": 23864000, "netIncome": 75568000, "netIncomeRatio": 0.3057304225397699, "eps": 1.15, "epsdiluted": 1.15, "weightedAverageShsOut": 210104000, "weightedAverageShsOutDil": 210104000, "link": "https://www.sec.gov/Archives/edgar/data/827054/000110465906038580/0001104659-06-038580-index.htm", "finalLink": "https://www.sec.gov/Archives/edgar/data/827054/000110465906038580/a06-12509_110k.htm"}, {"date": "2005-12-31", "symbol": "MCHP", "fillingDate": "2006-02-09", "acceptedDate": "2006-02-09 17:11:40", "period": "Q3", "revenue": 234896000, "costOfRevenue": 94626000, "grossProfit": 140270000, "grossProfitRatio": 0.5971578911518289, "researchAndDevelopmentExpenses": 23377000, "generalAndAdministrativeExpenses": 32305000, "sellingAndMarketingExpenses": 0.0, "otherExpenses": 0.0, "operatingExpenses": 55682000, "costAndExpenses": 150308000, "interestExpense": 559000.0, "depreciationAndAmortization": 27085000, "ebitda": 111673000, "ebitdaratio": 0.4754146515904911, "operatingIncome": 84588000, "operatingIncomeRatio": 0.3601083032490975, "totalOtherIncomeExpensesNet": 0.0, "incomeBeforeTax": 93071000, "incomeBeforeTaxRatio": 0.39622215789115184, "incomeTaxExpense": 52947000, "netIncome": 40124000, "netIncomeRatio": 0.1708160207070363, "eps": 0.8, "epsdiluted": 0.8, "weightedAverageShsOut": 209556000, "weightedAverageShsOutDil": 209556000, "link": "https://www.sec.gov/Archives/edgar/data/827054/000110465906007461/0001104659-06-007461-index.htm", "finalLink": "https://www.sec.gov/Archives/edgar/data/827054/000110465906007461/a06-4622_110q.htm"}, {"date": "2005-09-30", "symbol": "MCHP", "fillingDate": "2005-11-04", "acceptedDate": "2005-11-04 17:01:13", "period": "Q2", "revenue": 227298000, "costOfRevenue": 92742000, "grossProfit": 134556000, "grossProfitRatio": 0.5919805717604203, "researchAndDevelopmentExpenses": 23637000, "generalAndAdministrativeExpenses": 31624000, "sellingAndMarketingExpenses": 0.0, "otherExpenses": 0.0, "operatingExpenses": 55261000, "costAndExpenses": 148003000, "interestExpense": 505000.0, "depreciationAndAmortization": 27914000, "ebitda": 107209000, "ebitdaratio": 0.47166715061285186, "operatingIncome": 79295000, "operatingIncomeRatio": 0.3488592068561976, "totalOtherIncomeExpensesNet": 0.0, "incomeBeforeTax": 86385000, "incomeBeforeTaxRatio": 0.38005173824670696, "incomeTaxExpense": 20732000, "netIncome": 65653000, "netIncomeRatio": 0.28884108087180704, "eps": 0.61, "epsdiluted": 0.61, "weightedAverageShsOut": 208945000, "weightedAverageShsOutDil": 208945000, "link": "https://www.sec.gov/Archives/edgar/data/827054/000110465905052755/0001104659-05-052755-index.htm", "finalLink": "https://www.sec.gov/Archives/edgar/data/827054/000110465905052755/a05-18553_110q.htm"}, {"date": "2005-06-30", "symbol": "MCHP", "fillingDate": "2005-08-09", "acceptedDate": "2005-08-08 17:38:37", "period": "Q1", "revenue": 218527000, "costOfRevenue": 91022000, "grossProfit": 127505000, "grossProfitRatio": 0.5834748108929332, "researchAndDevelopmentExpenses": 23395000, "generalAndAdministrativeExpenses": 31081000, "sellingAndMarketingExpenses": 0.0, "otherExpenses": 0.0, "operatingExpenses": 54476000, "costAndExpenses": 145498000, "interestExpense": 433000.0, "depreciationAndAmortization": 28107000, "ebitda": 101136000, "ebitdaratio": 0.46280779949388406, "operatingIncome": 73029000, "operatingIncomeRatio": 0.3341875374667661, "totalOtherIncomeExpensesNet": 0.0, "incomeBeforeTax": 80297000, "incomeBeforeTaxRatio": 0.36744658554778126, "incomeTaxExpense": 19273000, "netIncome": 61024000, "netIncomeRatio": 0.27925153413537, "eps": 0.29, "epsdiluted": 0.29, "weightedAverageShsOut": 208396000, "weightedAverageShsOutDil": 208396000, "link": "https://www.sec.gov/Archives/edgar/data/827054/000110465905037336/0001104659-05-037336-index.htm", "finalLink": "https://www.sec.gov/Archives/edgar/data/827054/000110465905025010/a05-9691_110k.htm"}, {"date": "2005-03-31", "symbol": "MCHP", "fillingDate": "2005-05-23", "acceptedDate": "2005-05-23 17:04:03", "period": "FY", "revenue": 208083000, "costOfRevenue": 88732000, "grossProfit": 119351000, "grossProfitRatio": 0.5735740065262419, "researchAndDevelopmentExpenses": 23331000, "generalAndAdministrativeExpenses": 27900000, "sellingAndMarketingExpenses": 0.0, "otherExpenses": 0.0, "operatingExpenses": 51231000, "costAndExpenses": 139963000, "interestExpense": 326000.0, "depreciationAndAmortization": 29101000, "ebitda": 97221000, "ebitdaratio": 0.46722221421259785, "operatingIncome": 68120000, "operatingIncomeRatio": 0.32736936703142494, "totalOtherIncomeExpensesNet": 0.0, "incomeBeforeTax": 74214000, "incomeBeforeTaxRatio": 0.35665575755828205, "incomeTaxExpense": 17811000, "netIncome": 56403000, "netIncomeRatio": 0.2710601058231571, "eps": 1.03, "epsdiluted": 1.03, "weightedAverageShsOut": 206740000, "weightedAverageShsOutDil": 206740000, "link": "https://www.sec.gov/Archives/edgar/data/827054/000110465905025010/0001104659-05-025010-index.htm", "finalLink": "https://www.sec.gov/Archives/edgar/data/827054/000110465905025010/a05-9691_110k.htm"}, {"date": "2004-12-31", "symbol": "MCHP", "fillingDate": "2005-02-08", "acceptedDate": "2005-02-08 17:10:08", "period": "Q3", "revenue": 205384000, "costOfRevenue": 88596000, "grossProfit": 116788000, "grossProfitRatio": 0.5686324153780236, "researchAndDevelopmentExpenses": 23110000, "generalAndAdministrativeExpenses": 28056000, "sellingAndMarketingExpenses": 0.0, "otherExpenses": 0.0, "operatingExpenses": 51166000, "costAndExpenses": 139762000, "interestExpense": 271000.0, "depreciationAndAmortization": 30524000, "ebitda": 96146000, "ebitdaratio": 0.46812799439099445, "operatingIncome": 65622000, "operatingIncomeRatio": 0.31950882249834456, "totalOtherIncomeExpensesNet": 0.0, "incomeBeforeTax": 69921000, "incomeBeforeTaxRatio": 0.34044034588867683, "incomeTaxExpense": 16781000, "netIncome": 53140000, "netIncomeRatio": 0.25873485763253223, "eps": 0.76, "epsdiluted": 0.76, "weightedAverageShsOut": 206530000, "weightedAverageShsOutDil": 206530000, "link": "https://www.sec.gov/Archives/edgar/data/827054/000110465905004665/0001104659-05-004665-index.htm", "finalLink": "https://www.sec.gov/Archives/edgar/data/827054/000110465905004665/a05-2991_110q.htm"}, {"date": "2004-09-30", "symbol": "MCHP", "fillingDate": "2004-11-03", "acceptedDate": "2004-11-03 17:09:03", "period": "Q2", "revenue": 220694000, "costOfRevenue": 94317000, "grossProfit": 126377000, "grossProfitRatio": 0.5726345075081334, "researchAndDevelopmentExpenses": 23318000, "generalAndAdministrativeExpenses": 28008000, "sellingAndMarketingExpenses": 0.0, "otherExpenses": 0.0, "operatingExpenses": 51326000, "costAndExpenses": 145643000, "interestExpense": 207000.0, "depreciationAndAmortization": 31288000, "ebitda": 106339000, "ebitdaratio": 0.48183910754257026, "operatingIncome": 75051000, "operatingIncomeRatio": 0.3400681486583233, "totalOtherIncomeExpensesNet": 0.0, "incomeBeforeTax": 79530000, "incomeBeforeTaxRatio": 0.3603632178491486, "incomeTaxExpense": 19087000, "netIncome": 60443000, "netIncomeRatio": 0.2738769517975115, "eps": 0.5, "epsdiluted": 0.5, "weightedAverageShsOut": 206441000, "weightedAverageShsOutDil": 206441000, "link": "https://www.sec.gov/Archives/edgar/data/827054/000110465904033335/0001104659-04-033335-index.htm", "finalLink": "https://www.sec.gov/Archives/edgar/data/827054/000110465904033335/a04-12557_110q.htm"}, {"date": "2004-06-30", "symbol": "MCHP", "fillingDate": "2004-08-06", "acceptedDate": "2004-08-06 17:24:45", "period": "Q1", "revenue": 212775000, "costOfRevenue": 91316000, "grossProfit": 121459000, "grossProfitRatio": 0.5708330395958172, "researchAndDevelopmentExpenses": 23281000, "generalAndAdministrativeExpenses": 27224000, "sellingAndMarketingExpenses": 0.0, "otherExpenses": 0.0, "operatingExpenses": 50505000, "costAndExpenses": 141821000, "interestExpense": 136000.0, "depreciationAndAmortization": 29553000, "ebitda": 79407000, "ebitdaratio": 0.3731970391258371, "operatingIncome": 49854000, "operatingIncomeRatio": 0.23430384208671132, "totalOtherIncomeExpensesNet": 0.0, "incomeBeforeTax": 53603000, "incomeBeforeTaxRatio": 0.2519233932557866, "incomeTaxExpense": 9804000.0, "netIncome": 43799000, "netIncomeRatio": 0.20584655152156034, "eps": 0.21, "epsdiluted": 0.21, "weightedAverageShsOut": 206694000, "weightedAverageShsOutDil": 206694000, "link": "https://www.sec.gov/Archives/edgar/data/827054/000110465904023058/0001104659-04-023058-index.htm", "finalLink": "https://www.sec.gov/Archives/edgar/data/827054/000110465904016118/a04-6586_110k.htm"}, {"date": "2004-03-31", "symbol": "MCHP", "fillingDate": "2004-06-03", "acceptedDate": "2004-06-03 17:08:10", "period": "FY", "revenue": 191524000, "costOfRevenue": 85299000, "grossProfit": 106225000, "grossProfitRatio": 0.5546302291096677, "researchAndDevelopmentExpenses": 22101000, "generalAndAdministrativeExpenses": 24788000, "sellingAndMarketingExpenses": 0.0, "otherExpenses": 0.0, "operatingExpenses": 46889000, "costAndExpenses": 132188000, "interestExpense": 81000.0, "depreciationAndAmortization": 0.0, "ebitda": 59336000, "ebitdaratio": 0.3098097366387502, "operatingIncome": 59336000, "operatingIncomeRatio": 0.3098097366387502, "totalOtherIncomeExpensesNet": 0.0, "incomeBeforeTax": 62880000, "incomeBeforeTaxRatio": 0.3283139449886176, "incomeTaxExpense": 16035000, "netIncome": 46845000, "netIncomeRatio": 0.24459075624986948, "eps": 0.67, "epsdiluted": 0.67, "weightedAverageShsOut": 206032000, "weightedAverageShsOutDil": 206032000, "link": "https://www.sec.gov/Archives/edgar/data/827054/000110465904016118/0001104659-04-016118-index.htm", "finalLink": "https://www.sec.gov/Archives/edgar/data/827054/000110465904016118/a04-6586_110k.htm"}, {"date": "2003-12-31", "symbol": "MCHP", "fillingDate": "2004-02-09", "acceptedDate": "2004-02-09 15:26:37", "period": "Q3", "revenue": 177967000, "costOfRevenue": 80948000, "grossProfit": 97019000, "grossProfitRatio": 0.5451516292346333, "researchAndDevelopmentExpenses": 20858000, "generalAndAdministrativeExpenses": 23056000, "sellingAndMarketingExpenses": 0.0, "otherExpenses": 0.0, "operatingExpenses": 43914000, "costAndExpenses": 124862000, "interestExpense": 52000.0, "depreciationAndAmortization": 0.0, "ebitda": 53852000, "ebitdaratio": 0.30259542499452147, "operatingIncome": 53852000, "operatingIncomeRatio": 0.30259542499452147, "totalOtherIncomeExpensesNet": 0.0, "incomeBeforeTax": 54969000, "incomeBeforeTaxRatio": 0.3088718695038968, "incomeTaxExpense": 14126000, "netIncome": 40843000, "netIncomeRatio": 0.22949760348828716, "eps": 0.44, "epsdiluted": 0.44, "weightedAverageShsOut": 205375000, "weightedAverageShsOutDil": 205375000, "link": "https://www.sec.gov/Archives/edgar/data/827054/000110465904003031/0001104659-04-003031-index.htm", "finalLink": "https://www.sec.gov/Archives/edgar/data/827054/000110465904003031/a04-2052_110q.htm"}, {"date": "2003-09-30", "symbol": "MCHP", "fillingDate": "2003-11-14", "acceptedDate": "2003-11-13 18:36:23", "period": "Q2", "revenue": 168486000, "costOfRevenue": 77292000, "grossProfit": 91194000, "grossProfitRatio": 0.5412556532887005, "researchAndDevelopmentExpenses": 21148000, "generalAndAdministrativeExpenses": 22452000, "sellingAndMarketingExpenses": 0.0, "otherExpenses": 0.0, "operatingExpenses": 43600000, "costAndExpenses": 120892000, "interestExpense": 62000.0, "depreciationAndAmortization": 0.0, "ebitda": 47594000, "ebitdaratio": 0.28248044347898343, "operatingIncome": 47594000, "operatingIncomeRatio": 0.28248044347898343, "totalOtherIncomeExpensesNet": 0.0, "incomeBeforeTax": 48461000, "incomeBeforeTaxRatio": 0.28762627161900695, "incomeTaxExpense": 12357000, "netIncome": 36104000, "netIncomeRatio": 0.2142848663983951, "eps": 0.24, "epsdiluted": 0.24, "weightedAverageShsOut": 204523000, "weightedAverageShsOutDil": 204523000, "link": "https://www.sec.gov/Archives/edgar/data/827054/000110465903026294/0001104659-03-026294-index.htm", "finalLink": "https://www.sec.gov/Archives/edgar/data/827054/000110465903026294/a03-5507_110q.htm"}]