[{"date": "2020-03-31", "symbol": "CSX", "fillingDate": "2020-04-23", "acceptedDate": "2020-04-22 17:49:10", "period": "Q1", "revenue": 2855000000, "costOfRevenue": 1677000000, "grossProfit": 1178000000, "grossProfitRatio": 0.4126094570928196, "researchAndDevelopmentExpenses": 0.0, "generalAndAdministrativeExpenses": 606000000, "sellingAndMarketingExpenses": 0.0, "otherExpenses": 0.0, "operatingExpenses": 606000000, "costAndExpenses": 2283000000, "interestExpense": 0.0, "depreciationAndAmortization": 344000000, "ebitda": 1522000000, "ebitdaratio": 0.533099824869, "operatingIncome": 1178000000, "operatingIncomeRatio": 0.412609457093, "totalOtherIncomeExpensesNet": 22000000, "incomeBeforeTax": 1013000000, "incomeBeforeTaxRatio": 0.354816112084, "incomeTaxExpense": 243000000, "netIncome": 770000000, "netIncomeRatio": 0.269702276708, "eps": 1.0, "epsdiluted": 1.0, "weightedAverageShsOut": 772000000, "weightedAverageShsOutDil": 773000000, "link": "https://www.sec.gov/Archives/edgar/data/277948/000027794820000014/0000277948-20-000014-index.htm", "finalLink": "https://www.sec.gov/Archives/edgar/data/277948/000027794820000014/csx03312010-q.htm"}, {"date": "2019-12-31", "symbol": "CSX", "fillingDate": "2020-02-12", "acceptedDate": "2020-02-12 16:22:04", "period": "FY", "revenue": 2885000000, "costOfRevenue": 6972000000, "grossProfit": -4087000000, "grossProfitRatio": -1.416637781629116, "researchAndDevelopmentExpenses": 0.0, "generalAndAdministrativeExpenses": 658000000, "sellingAndMarketingExpenses": 0.0, "otherExpenses": -3283000000, "operatingExpenses": -2625000000, "costAndExpenses": 4347000000, "interestExpense": 0.0, "depreciationAndAmortization": 344000000, "ebitda": 1498000000, "ebitdaratio": 0.519237435009, "operatingIncome": 1154000000, "operatingIncomeRatio": 0.4, "totalOtherIncomeExpensesNet": 16000000, "incomeBeforeTax": 981000000, "incomeBeforeTaxRatio": 0.340034662045, "incomeTaxExpense": 210000000, "netIncome": 771000000, "netIncomeRatio": 0.267244367418, "eps": 0.99, "epsdiluted": 0.99, "weightedAverageShsOut": 796000000, "weightedAverageShsOutDil": 798000000, "link": "https://www.sec.gov/Archives/edgar/data/277948/000027794820000008/0000277948-20-000008-index.htm", "finalLink": "https://www.sec.gov/Archives/edgar/data/277948/000027794820000008/csx-12312019x10k.htm"}, {"date": "2019-09-30", "symbol": "CSX", "fillingDate": "2019-10-17", "acceptedDate": "2019-10-16 18:01:54", "period": "Q3", "revenue": 2978000000, "costOfRevenue": 223000000, "grossProfit": 2755000000, "grossProfitRatio": 0.9251175285426461, "researchAndDevelopmentExpenses": 0.0, "generalAndAdministrativeExpenses": 638000000, "sellingAndMarketingExpenses": 0.0, "otherExpenses": 1053000000, "operatingExpenses": 1691000000, "costAndExpenses": 1691000000, "interestExpense": 0.0, "depreciationAndAmortization": 338000000, "ebitda": 1625000000, "ebitdaratio": 0.545668233714, "operatingIncome": 1287000000, "operatingIncomeRatio": 0.432169241101, "totalOtherIncomeExpensesNet": 24000000, "incomeBeforeTax": 1125000000, "incomeBeforeTaxRatio": 0.377770315648, "incomeTaxExpense": 269000000, "netIncome": 856000000, "netIncomeRatio": 0.287441235729, "eps": 1.09, "epsdiluted": 1.08, "weightedAverageShsOut": 803000000, "weightedAverageShsOutDil": 805000000, "link": "https://www.sec.gov/Archives/edgar/data/277948/000027794819000047/0000277948-19-000047-index.htm", "finalLink": "https://www.sec.gov/Archives/edgar/data/277948/000027794819000047/csx09301910-q.htm"}, {"date": "2019-06-30", "symbol": "CSX", "fillingDate": "2019-07-17", "acceptedDate": "2019-07-16 17:54:06", "period": "Q2", "revenue": 3061000000, "costOfRevenue": 234000000, "grossProfit": 2827000000, "grossProfitRatio": 0.9235543939888925, "researchAndDevelopmentExpenses": 0.0, "generalAndAdministrativeExpenses": 648000000, "sellingAndMarketingExpenses": 0.0, "otherExpenses": 1108000000, "operatingExpenses": 1756000000, "costAndExpenses": 1756000000, "interestExpense": 0.0, "depreciationAndAmortization": 337000000, "ebitda": 1642000000, "ebitdaratio": 0.536426004574, "operatingIncome": 1305000000, "operatingIncomeRatio": 0.426331264293, "totalOtherIncomeExpensesNet": 25000000, "incomeBeforeTax": 1146000000, "incomeBeforeTaxRatio": 0.37438745508, "incomeTaxExpense": 276000000, "netIncome": 870000000, "netIncomeRatio": 0.284220842862, "eps": 1.08, "epsdiluted": 1.08, "weightedAverageShsOut": 810000000, "weightedAverageShsOutDil": 812000000, "link": "https://www.sec.gov/Archives/edgar/data/277948/000027794819000036/0000277948-19-000036-index.htm", "finalLink": "https://www.sec.gov/Archives/edgar/data/277948/000027794819000036/csx06301910-q.htm"}, {"date": "2019-03-31", "symbol": "CSX", "fillingDate": "2019-04-17", "acceptedDate": "2019-04-16 17:43:07", "period": "Q1", "revenue": 3013000000, "costOfRevenue": 233000000, "grossProfit": 2780000000, "grossProfitRatio": 0.9226684367739795, "researchAndDevelopmentExpenses": 0.0, "generalAndAdministrativeExpenses": 672000000, "sellingAndMarketingExpenses": 0.0, "otherExpenses": 1122000000, "operatingExpenses": 1794000000, "costAndExpenses": 1794000000, "interestExpense": 0.0, "depreciationAndAmortization": 330000000, "ebitda": 1549000000, "ebitdaratio": 0.514105542649, "operatingIncome": 1219000000, "operatingIncomeRatio": 0.404580152672, "totalOtherIncomeExpensesNet": 23000000, "incomeBeforeTax": 1064000000, "incomeBeforeTaxRatio": 0.353136408895, "incomeTaxExpense": 230000000, "netIncome": 834000000, "netIncomeRatio": 0.276800531032, "eps": 1.02, "epsdiluted": 1.02, "weightedAverageShsOut": 814000000, "weightedAverageShsOutDil": 817000000, "link": "https://www.sec.gov/Archives/edgar/data/277948/000027794819000022/0000277948-19-000022-index.htm", "finalLink": "https://www.sec.gov/Archives/edgar/data/277948/000027794819000022/csx03311910-q.htm"}, {"date": "2018-12-31", "symbol": "CSX", "fillingDate": "2019-02-06", "acceptedDate": "2019-02-06 14:15:56", "period": "FY", "revenue": 3193000000, "costOfRevenue": 253000000, "grossProfit": 2940000000, "grossProfitRatio": 0.9207641716254307, "researchAndDevelopmentExpenses": 0.0, "generalAndAdministrativeExpenses": 678000000, "sellingAndMarketingExpenses": 0.0, "otherExpenses": 1216000000, "operatingExpenses": 1894000000, "costAndExpenses": 1894000000, "interestExpense": 0.0, "depreciationAndAmortization": 345000000, "ebitda": 1594000000, "ebitdaratio": 0.499217037269, "operatingIncome": 1249000000, "operatingIncomeRatio": 0.391168180395, "totalOtherIncomeExpensesNet": 20000000, "incomeBeforeTax": 1098000000, "incomeBeforeTaxRatio": 0.343877231444, "incomeTaxExpense": 255000000, "netIncome": 843000000, "netIncomeRatio": 0.264015032884, "eps": 1.01, "epsdiluted": 1.01, "weightedAverageShsOut": 857000000, "weightedAverageShsOutDil": 861000000, "link": "https://www.sec.gov/Archives/edgar/data/277948/000027794819000011/0000277948-19-000011-index.htm", "finalLink": "https://www.sec.gov/Archives/edgar/data/277948/000027794819000011/csx-12312018x10k.htm"}, {"date": "2018-09-30", "symbol": "CSX", "fillingDate": "2018-10-17", "acceptedDate": "2018-10-16 17:49:10", "period": "Q3", "revenue": 3129000000, "costOfRevenue": 268000000, "grossProfit": 2861000000, "grossProfitRatio": 0.9143496324704379, "researchAndDevelopmentExpenses": 0.0, "generalAndAdministrativeExpenses": 695000000, "sellingAndMarketingExpenses": 0.0, "otherExpenses": 1141000000, "operatingExpenses": 1836000000, "costAndExpenses": 1836000000, "interestExpense": 0.0, "depreciationAndAmortization": 334000000, "ebitda": 1627000000, "ebitdaratio": 0.519974432726, "operatingIncome": 1293000000, "operatingIncomeRatio": 0.413231064238, "totalOtherIncomeExpensesNet": 19000000, "incomeBeforeTax": 1150000000, "incomeBeforeTaxRatio": 0.36752956216, "incomeTaxExpense": 256000000, "netIncome": 894000000, "netIncomeRatio": 0.285714285714, "eps": 1.05, "epsdiluted": 1.04, "weightedAverageShsOut": 866000000, "weightedAverageShsOutDil": 870000000, "link": "https://www.sec.gov/Archives/edgar/data/277948/000027794818000050/0000277948-18-000050-index.htm", "finalLink": "https://www.sec.gov/Archives/edgar/data/277948/000027794818000050/csx09301810-q.htm"}, {"date": "2018-06-30", "symbol": "CSX", "fillingDate": "2018-07-18", "acceptedDate": "2018-07-17 17:49:10", "period": "Q2", "revenue": 3102000000, "costOfRevenue": 270000000, "grossProfit": 2832000000, "grossProfitRatio": 0.9129593810444874, "researchAndDevelopmentExpenses": 0.0, "generalAndAdministrativeExpenses": 669000000, "sellingAndMarketingExpenses": 0.0, "otherExpenses": 1150000000, "operatingExpenses": 1819000000, "costAndExpenses": 1819000000, "interestExpense": -149000000, "depreciationAndAmortization": 329000000, "ebitda": 1612000000, "ebitdaratio": 0.519664732431, "operatingIncome": 1283000000, "operatingIncomeRatio": 0.41360412637, "totalOtherIncomeExpensesNet": 18000000, "incomeBeforeTax": 1144000000, "incomeBeforeTaxRatio": 0.368794326241, "incomeTaxExpense": 267000000, "netIncome": 877000000, "netIncomeRatio": 0.282720825274, "eps": 1.02, "epsdiluted": 1.01, "weightedAverageShsOut": 875000000, "weightedAverageShsOutDil": 878000000, "link": "https://www.sec.gov/Archives/edgar/data/277948/000027794818000040/0000277948-18-000040-index.htm", "finalLink": "https://www.sec.gov/Archives/edgar/data/277948/000027794818000040/csx06301810-q.htm"}, {"date": "2018-03-31", "symbol": "CSX", "fillingDate": "2018-04-18", "acceptedDate": "2018-04-18 16:51:40", "period": "Q1", "revenue": 2876000000, "costOfRevenue": 255000000, "grossProfit": 2621000000, "grossProfitRatio": 0.9113351877607788, "researchAndDevelopmentExpenses": 0.0, "generalAndAdministrativeExpenses": 696000000, "sellingAndMarketingExpenses": 0.0, "otherExpenses": 1136000000, "operatingExpenses": 1832000000, "costAndExpenses": 1832000000, "interestExpense": 149000000, "depreciationAndAmortization": 323000000, "ebitda": 1367000000, "ebitdaratio": 0.475312934631, "operatingIncome": 1044000000, "operatingIncomeRatio": 0.363004172462, "totalOtherIncomeExpensesNet": 17000000, "incomeBeforeTax": 912000000, "incomeBeforeTaxRatio": 0.317107093185, "incomeTaxExpense": 217000000, "netIncome": 695000000, "netIncomeRatio": 0.241655076495, "eps": 0.78, "epsdiluted": 0.78, "weightedAverageShsOut": 885000000, "weightedAverageShsOutDil": 888000000, "link": "https://www.sec.gov/Archives/edgar/data/277948/000027794818000019/0000277948-18-000019-index.htm", "finalLink": "https://www.sec.gov/Archives/edgar/data/277948/000027794818000019/csx03311810-q.htm"}, {"date": "2017-12-31", "symbol": "CSX", "fillingDate": "2018-02-07", "acceptedDate": "2018-02-07 14:01:18", "period": "FY", "revenue": 2863000000, "costOfRevenue": 243000000, "grossProfit": 2620000000, "grossProfitRatio": 0.9151239958085924, "researchAndDevelopmentExpenses": 0.0, "generalAndAdministrativeExpenses": 665000000, "sellingAndMarketingExpenses": 0.0, "otherExpenses": 1077000000, "operatingExpenses": 1742000000, "costAndExpenses": 1742000000, "interestExpense": 140000000, "depreciationAndAmortization": 337000000, "ebitda": 1458000000, "ebitdaratio": 0.509256025148, "operatingIncome": 1121000000, "operatingIncomeRatio": 0.391547327978, "totalOtherIncomeExpensesNet": 2000000.0, "incomeBeforeTax": 983000000, "incomeBeforeTaxRatio": 0.343346140412, "incomeTaxExpense": 3157000000, "netIncome": 4140000000, "netIncomeRatio": 1.44603562696, "eps": 4.56, "epsdiluted": 4.54, "weightedAverageShsOut": 911000000, "weightedAverageShsOutDil": 914000000, "link": "https://www.sec.gov/Archives/edgar/data/277948/000027794818000009/0000277948-18-000009-index.htm", "finalLink": "https://www.sec.gov/Archives/edgar/data/277948/000027794818000009/csx-12312017x10k.htm"}, {"date": "2017-09-30", "symbol": "CSX", "fillingDate": "2017-10-18", "acceptedDate": "2017-10-18 12:08:26", "period": "Q3", "revenue": 2743000000, "costOfRevenue": 205000000, "grossProfit": 2538000000, "grossProfitRatio": 0.9252643091505651, "researchAndDevelopmentExpenses": 0.0, "generalAndAdministrativeExpenses": 717000000, "sellingAndMarketingExpenses": 0.0, "otherExpenses": 1150000000, "operatingExpenses": 1867000000, "costAndExpenses": 1867000000, "interestExpense": 269000000, "depreciationAndAmortization": 331000000, "ebitda": 1207000000, "ebitdaratio": 0.440029165148, "operatingIncome": 876000000, "operatingIncomeRatio": 0.319358366752, "totalOtherIncomeExpensesNet": 6000000.0, "incomeBeforeTax": 750000000, "incomeBeforeTaxRatio": 0.273423259205, "incomeTaxExpense": 291000000, "netIncome": 459000000, "netIncomeRatio": 0.167335034634, "eps": 0.51, "epsdiluted": 0.51, "weightedAverageShsOut": 916000000, "weightedAverageShsOutDil": 919000000, "link": "https://www.sec.gov/Archives/edgar/data/277948/000027794817000059/0000277948-17-000059-index.htm", "finalLink": "https://www.sec.gov/Archives/edgar/data/277948/000027794817000059/csx09301710-q.htm"}, {"date": "2017-06-30", "symbol": "CSX", "fillingDate": "2017-07-19", "acceptedDate": "2017-07-19 15:45:34", "period": "Q2", "revenue": 2933000000, "costOfRevenue": 198000000, "grossProfit": 2735000000, "grossProfitRatio": 0.9324923286737129, "researchAndDevelopmentExpenses": 0.0, "generalAndAdministrativeExpenses": 743000000, "sellingAndMarketingExpenses": 0.0, "otherExpenses": 1232000000, "operatingExpenses": 1975000000, "costAndExpenses": 1975000000, "interestExpense": -137000000, "depreciationAndAmortization": 327000000, "ebitda": 1285000000, "ebitdaratio": 0.438117967951, "operatingIncome": 958000000, "operatingIncomeRatio": 0.326628025912, "totalOtherIncomeExpensesNet": 6000000.0, "incomeBeforeTax": 827000000, "incomeBeforeTaxRatio": 0.281963859529, "incomeTaxExpense": 317000000, "netIncome": 510000000, "netIncomeRatio": 0.17388339584, "eps": 0.55, "epsdiluted": 0.55, "weightedAverageShsOut": 923000000, "weightedAverageShsOutDil": 926000000, "link": "https://www.sec.gov/Archives/edgar/data/277948/000027794817000045/0000277948-17-000045-index.htm", "finalLink": "https://www.sec.gov/Archives/edgar/data/277948/000027794817000045/csx06301710-q.htm"}, {"date": "2017-03-31", "symbol": "CSX", "fillingDate": "2017-04-20", "acceptedDate": "2017-04-20 11:14:36", "period": "Q1", "revenue": 2869000000, "costOfRevenue": 218000000, "grossProfit": 2651000000, "grossProfitRatio": 0.9240153363541304, "researchAndDevelopmentExpenses": 0.0, "generalAndAdministrativeExpenses": 789000000, "sellingAndMarketingExpenses": 0.0, "otherExpenses": 1368000000, "operatingExpenses": 2157000000, "costAndExpenses": 2157000000, "interestExpense": 137000000, "depreciationAndAmortization": 320000000, "ebitda": 1032000000, "ebitdaratio": 0.359707215058, "operatingIncome": 712000000, "operatingIncomeRatio": 0.248170094109, "totalOtherIncomeExpensesNet": 7000000.0, "incomeBeforeTax": 582000000, "incomeBeforeTaxRatio": 0.202858138724, "incomeTaxExpense": 220000000, "netIncome": 362000000, "netIncomeRatio": 0.126176368072, "eps": 0.39, "epsdiluted": 0.39, "weightedAverageShsOut": 927000000, "weightedAverageShsOutDil": 929000000, "link": "https://www.sec.gov/Archives/edgar/data/277948/000027794817000019/0000277948-17-000019-index.htm", "finalLink": "https://www.sec.gov/Archives/edgar/data/277948/000027794817000019/csx03311710-q.htm"}, {"date": "2016-12-30", "symbol": "CSX", "fillingDate": "2017-02-14", "acceptedDate": "2017-02-14 09:41:29", "period": "FY", "revenue": 3037000000, "costOfRevenue": 217000000, "grossProfit": 2820000000, "grossProfitRatio": 0.928547909120843, "researchAndDevelopmentExpenses": 0.0, "generalAndAdministrativeExpenses": 852000000, "sellingAndMarketingExpenses": 0.0, "otherExpenses": 1181000000, "operatingExpenses": 2033000000, "costAndExpenses": 2033000000, "interestExpense": 156000000, "depreciationAndAmortization": 348000000, "ebitda": 1352000000, "ebitdaratio": 0.445176160685, "operatingIncome": 1004000000, "operatingIncomeRatio": 0.330589397432, "totalOtherIncomeExpensesNet": 18000000, "incomeBeforeTax": 751000000, "incomeBeforeTaxRatio": 0.247283503457, "incomeTaxExpense": 293000000, "netIncome": 458000000, "netIncomeRatio": 0.150806717155, "eps": 0.49, "epsdiluted": 0.49, "weightedAverageShsOut": 947000000, "weightedAverageShsOutDil": 948000000, "link": "https://www.sec.gov/Archives/edgar/data/277948/000027794817000009/0000277948-17-000009-index.htm", "finalLink": "https://www.sec.gov/Archives/edgar/data/277948/000027794817000009/csx-12302016x10k.htm"}, {"date": "2016-09-23", "symbol": "CSX", "fillingDate": "2016-10-12", "acceptedDate": "2016-10-12 16:34:13", "period": "Q3", "revenue": 2710000000, "costOfRevenue": 174000000, "grossProfit": 2536000000, "grossProfitRatio": 0.9357933579335793, "researchAndDevelopmentExpenses": 0.0, "generalAndAdministrativeExpenses": 762000000, "sellingAndMarketingExpenses": 0.0, "otherExpenses": 1107000000, "operatingExpenses": 1869000000, "costAndExpenses": 1869000000, "interestExpense": 139000000, "depreciationAndAmortization": 321000000, "ebitda": 1162000000, "ebitdaratio": 0.428782287823, "operatingIncome": 841000000, "operatingIncomeRatio": 0.310332103321, "totalOtherIncomeExpensesNet": 13000000, "incomeBeforeTax": 715000000, "incomeBeforeTaxRatio": 0.263837638376, "incomeTaxExpense": 260000000, "netIncome": 455000000, "netIncomeRatio": 0.167896678967, "eps": 0.48, "epsdiluted": 0.48, "weightedAverageShsOut": 952000000, "weightedAverageShsOutDil": 953000000, "link": "https://www.sec.gov/Archives/edgar/data/277948/000027794816000082/0000277948-16-000082-index.htm", "finalLink": "https://www.sec.gov/Archives/edgar/data/277948/000027794816000082/csx09231610-q.htm"}, {"date": "2016-06-24", "symbol": "CSX", "fillingDate": "2016-07-14", "acceptedDate": "2016-07-14 16:21:10", "period": "Q2", "revenue": 2704000000, "costOfRevenue": 172000000, "grossProfit": 2532000000, "grossProfitRatio": 0.9363905325443787, "researchAndDevelopmentExpenses": 0.0, "generalAndAdministrativeExpenses": 749000000, "sellingAndMarketingExpenses": 0.0, "otherExpenses": 1115000000, "operatingExpenses": 1864000000, "costAndExpenses": 1864000000, "interestExpense": 141000000, "depreciationAndAmortization": 319000000, "ebitda": 1159000000, "ebitdaratio": 0.428624260355, "operatingIncome": 840000000, "operatingIncomeRatio": 0.310650887574, "totalOtherIncomeExpensesNet": 8000000.0, "incomeBeforeTax": 707000000, "incomeBeforeTaxRatio": 0.261464497041, "incomeTaxExpense": 262000000, "netIncome": 445000000, "netIncomeRatio": 0.164571005917, "eps": 0.47, "epsdiluted": 0.47, "weightedAverageShsOut": 957000000, "weightedAverageShsOutDil": 958000000, "link": "https://www.sec.gov/Archives/edgar/data/277948/000027794816000073/0000277948-16-000073-index.htm", "finalLink": "https://www.sec.gov/Archives/edgar/data/277948/000027794816000073/csx06241610-q.htm"}, {"date": "2016-03-25", "symbol": "CSX", "fillingDate": "2016-04-13", "acceptedDate": "2016-04-13 15:32:57", "period": "Q1", "revenue": 2618000000, "costOfRevenue": 150000000, "grossProfit": 2468000000, "grossProfitRatio": 0.9427043544690603, "researchAndDevelopmentExpenses": 0.0, "generalAndAdministrativeExpenses": 796000000, "sellingAndMarketingExpenses": 0.0, "otherExpenses": 1118000000, "operatingExpenses": 1914000000, "costAndExpenses": 1914000000, "interestExpense": 143000000, "depreciationAndAmortization": 313000000, "ebitda": 1017000000, "ebitdaratio": 0.3884644767, "operatingIncome": 704000000, "operatingIncomeRatio": 0.268907563025, "totalOtherIncomeExpensesNet": 7000000.0, "incomeBeforeTax": 568000000, "incomeBeforeTaxRatio": 0.216959511077, "incomeTaxExpense": 212000000, "netIncome": 356000000, "netIncomeRatio": 0.135981665393, "eps": 0.37, "epsdiluted": 0.37, "weightedAverageShsOut": 962000000, "weightedAverageShsOutDil": 963000000, "link": "https://www.sec.gov/Archives/edgar/data/277948/000027794816000056/0000277948-16-000056-index.htm", "finalLink": "https://www.sec.gov/Archives/edgar/data/277948/000027794816000056/csx03251610-q.htm"}, {"date": "2015-12-25", "symbol": "CSX", "fillingDate": "2016-02-10", "acceptedDate": "2016-02-10 11:48:55", "period": "FY", "revenue": 2781000000, "costOfRevenue": 201000000, "grossProfit": 2580000000, "grossProfitRatio": 0.9277238403451996, "researchAndDevelopmentExpenses": 0.0, "generalAndAdministrativeExpenses": 799000000, "sellingAndMarketingExpenses": 0.0, "otherExpenses": 1191000000, "operatingExpenses": 1990000000, "costAndExpenses": 1990000000, "interestExpense": 140000000, "depreciationAndAmortization": 312000000, "ebitda": 1103000000, "ebitdaratio": 0.396619920892, "operatingIncome": 791000000, "operatingIncomeRatio": 0.284430061129, "totalOtherIncomeExpensesNet": 90000000, "incomeBeforeTax": 741000000, "incomeBeforeTaxRatio": 0.266450916936, "incomeTaxExpense": 275000000, "netIncome": 466000000, "netIncomeRatio": 0.167565623876, "eps": 0.48, "epsdiluted": 0.48, "weightedAverageShsOut": 983000000, "weightedAverageShsOutDil": 984000000, "link": "https://www.sec.gov/Archives/edgar/data/277948/000027794816000046/0000277948-16-000046-index.htm", "finalLink": "https://www.sec.gov/Archives/edgar/data/277948/000027794816000046/csx-12252015x10k.htm"}, {"date": "2015-09-25", "symbol": "CSX", "fillingDate": "2015-10-14", "acceptedDate": "2015-10-14 16:27:36", "period": "Q3", "revenue": 2939000000, "costOfRevenue": 223000000, "grossProfit": 2716000000, "grossProfitRatio": 0.9241238516502212, "researchAndDevelopmentExpenses": 0.0, "generalAndAdministrativeExpenses": 787000000, "sellingAndMarketingExpenses": 0.0, "otherExpenses": 3746000000, "operatingExpenses": 4533000000, "costAndExpenses": 2006000000, "interestExpense": 136000000, "depreciationAndAmortization": 302000000, "ebitda": 1235000000, "ebitdaratio": 0.420210956108, "operatingIncome": 933000000, "operatingIncomeRatio": 0.317454916638, "totalOtherIncomeExpensesNet": 8000000.0, "incomeBeforeTax": 799000000, "incomeBeforeTaxRatio": 0.271861177271, "incomeTaxExpense": 292000000, "netIncome": 507000000, "netIncomeRatio": 0.172507655665, "eps": 0.51, "epsdiluted": 0.52, "weightedAverageShsOut": 986000000, "weightedAverageShsOutDil": 987000000, "link": "https://www.sec.gov/Archives/edgar/data/277948/000027794815000039/0000277948-15-000039-index.htm", "finalLink": "https://www.sec.gov/Archives/edgar/data/277948/000027794815000039/csx0925201510-q.htm"}, {"date": "2015-06-26", "symbol": "CSX", "fillingDate": "2015-07-15", "acceptedDate": "2015-07-15 15:18:14", "period": "Q2", "revenue": 3064000000, "costOfRevenue": 559000000, "grossProfit": 2505000000, "grossProfitRatio": 0.8175587467362925, "researchAndDevelopmentExpenses": 0.0, "generalAndAdministrativeExpenses": 825000000, "sellingAndMarketingExpenses": 0.0, "otherExpenses": 0.0, "operatingExpenses": 825000000, "costAndExpenses": 2047000000, "interestExpense": 134000000, "depreciationAndAmortization": 299000000, "ebitda": 1316000000, "ebitdaratio": 0.429503916449, "operatingIncome": 1017000000, "operatingIncomeRatio": 0.331919060052, "totalOtherIncomeExpensesNet": 4000000.0, "incomeBeforeTax": 887000000, "incomeBeforeTaxRatio": 0.289490861619, "incomeTaxExpense": 334000000, "netIncome": 553000000, "netIncomeRatio": 0.180483028721, "eps": 0.56, "epsdiluted": 0.55, "weightedAverageShsOut": 989000000, "weightedAverageShsOutDil": 990000000, "link": "https://www.sec.gov/Archives/edgar/data/277948/000027794815000034/0000277948-15-000034-index.htm", "finalLink": "https://www.sec.gov/Archives/edgar/data/277948/000027794815000034/csx0626201510-q.htm"}, {"date": "2015-03-27", "symbol": "CSX", "fillingDate": "2015-04-15", "acceptedDate": "2015-04-15 11:03:26", "period": "Q1", "revenue": 3027000000, "costOfRevenue": 627000000, "grossProfit": 2400000000, "grossProfitRatio": 0.7928642220019821, "researchAndDevelopmentExpenses": 0.0, "generalAndAdministrativeExpenses": 879000000, "sellingAndMarketingExpenses": 0.0, "otherExpenses": 0.0, "operatingExpenses": 879000000, "costAndExpenses": 2184000000, "interestExpense": 134000000, "depreciationAndAmortization": 295000000, "ebitda": 1138000000, "ebitdaratio": 0.375949785266, "operatingIncome": 843000000, "operatingIncomeRatio": 0.278493557978, "totalOtherIncomeExpensesNet": 2000000.0, "incomeBeforeTax": 711000000, "incomeBeforeTaxRatio": 0.234886025768, "incomeTaxExpense": 269000000, "netIncome": 442000000, "netIncomeRatio": 0.146019160885, "eps": 0.45, "epsdiluted": 0.45, "weightedAverageShsOut": 991000000, "weightedAverageShsOutDil": 992000000, "link": "https://www.sec.gov/Archives/edgar/data/277948/000027794815000017/0000277948-15-000017-index.htm", "finalLink": "https://www.sec.gov/Archives/edgar/data/277948/000027794815000017/csx0327201510-q.htm"}, {"date": "2014-12-26", "symbol": "CSX", "fillingDate": "2015-02-11", "acceptedDate": "2015-02-11 11:14:51", "period": "FY", "revenue": 3192000000, "costOfRevenue": 624000000, "grossProfit": 2568000000, "grossProfitRatio": 0.8045112781954887, "researchAndDevelopmentExpenses": 0.0, "generalAndAdministrativeExpenses": 909000000, "sellingAndMarketingExpenses": 0.0, "otherExpenses": 7000000.0, "operatingExpenses": 909000000, "costAndExpenses": 2291000000, "interestExpense": 133000000, "depreciationAndAmortization": 290000000, "ebitda": 1191000000, "ebitdaratio": 0.373120300752, "operatingIncome": 901000000, "operatingIncomeRatio": 0.282268170426, "totalOtherIncomeExpensesNet": 7000000.0, "incomeBeforeTax": 775000000, "incomeBeforeTaxRatio": 0.242794486216, "incomeTaxExpense": 284000000, "netIncome": 491000000, "netIncomeRatio": 0.153822055138, "eps": 0.5, "epsdiluted": 0.49, "weightedAverageShsOut": 1001000000, "weightedAverageShsOutDil": 1002000000, "link": "https://www.sec.gov/Archives/edgar/data/277948/000027794815000010/0000277948-15-000010-index.htm", "finalLink": "https://www.sec.gov/Archives/edgar/data/277948/000027794815000010/csx-12262014x10k.htm"}, {"date": "2014-09-26", "symbol": "CSX", "fillingDate": "2014-10-15", "acceptedDate": "2014-10-15 15:25:44", "period": "Q3", "revenue": 3221000000, "costOfRevenue": 610000000, "grossProfit": 2611000000, "grossProfitRatio": 0.8106178205526234, "researchAndDevelopmentExpenses": 0.0, "generalAndAdministrativeExpenses": 845000000, "sellingAndMarketingExpenses": 0.0, "otherExpenses": -26000000, "operatingExpenses": 845000000, "costAndExpenses": 2245000000, "interestExpense": 137000000, "depreciationAndAmortization": 291000000, "ebitda": 1267000000, "ebitdaratio": 0.39335610059, "operatingIncome": 976000000, "operatingIncomeRatio": 0.303011487116, "totalOtherIncomeExpensesNet": -26000000, "incomeBeforeTax": 813000000, "incomeBeforeTaxRatio": 0.252406085067, "incomeTaxExpense": 304000000, "netIncome": 509000000, "netIncomeRatio": 0.158025457932, "eps": 0.51, "epsdiluted": 0.51, "weightedAverageShsOut": 1003000000, "weightedAverageShsOutDil": 1004000000, "link": "https://www.sec.gov/Archives/edgar/data/277948/000027794814000038/0000277948-14-000038-index.htm", "finalLink": "https://www.sec.gov/Archives/edgar/data/277948/000027794814000038/csx0926201410-q.htm"}, {"date": "2014-06-27", "symbol": "CSX", "fillingDate": "2014-07-15", "acceptedDate": "2014-07-15 16:10:41", "period": "Q2", "revenue": 3244000000, "costOfRevenue": 621000000, "grossProfit": 2623000000, "grossProfitRatio": 0.8085696670776819, "researchAndDevelopmentExpenses": 0.0, "generalAndAdministrativeExpenses": 809000000, "sellingAndMarketingExpenses": 0.0, "otherExpenses": -5000000.0, "operatingExpenses": 809000000, "costAndExpenses": 2247000000, "interestExpense": 135000000, "depreciationAndAmortization": 287000000, "ebitda": 1284000000, "ebitdaratio": 0.395807644883, "operatingIncome": 997000000, "operatingIncomeRatio": 0.307336621455, "totalOtherIncomeExpensesNet": -12000000, "incomeBeforeTax": 850000000, "incomeBeforeTaxRatio": 0.262022194821, "incomeTaxExpense": 321000000, "netIncome": 529000000, "netIncomeRatio": 0.1630702836, "eps": 0.52, "epsdiluted": 0.52, "weightedAverageShsOut": 1005000000, "weightedAverageShsOutDil": 1006000000, "link": "https://www.sec.gov/Archives/edgar/data/277948/000027794814000031/0000277948-14-000031-index.htm", "finalLink": "https://www.sec.gov/Archives/edgar/data/277948/000027794814000031/csx0627201410-q.htm"}, {"date": "2014-03-28", "symbol": "CSX", "fillingDate": "2014-04-16", "acceptedDate": "2014-04-16 15:55:37", "period": "Q1", "revenue": 3012000000, "costOfRevenue": 629000000, "grossProfit": 2383000000, "grossProfitRatio": 0.7911686586985391, "researchAndDevelopmentExpenses": 0.0, "generalAndAdministrativeExpenses": 814000000, "sellingAndMarketingExpenses": 0.0, "otherExpenses": 0.0, "operatingExpenses": 814000000, "costAndExpenses": 2273000000, "interestExpense": 140000000, "depreciationAndAmortization": 283000000, "ebitda": 1022000000, "ebitdaratio": 0.339309428951, "operatingIncome": 739000000, "operatingIncomeRatio": 0.245351925631, "totalOtherIncomeExpensesNet": 7000000.0, "incomeBeforeTax": 606000000, "incomeBeforeTaxRatio": 0.201195219124, "incomeTaxExpense": 208000000, "netIncome": 398000000, "netIncomeRatio": 0.13213811421, "eps": 0.4, "epsdiluted": 0.4, "weightedAverageShsOut": 1008000000, "weightedAverageShsOutDil": 1008000000, "link": "https://www.sec.gov/Archives/edgar/data/277948/000027794814000018/0000277948-14-000018-index.htm", "finalLink": "https://www.sec.gov/Archives/edgar/data/277948/000027794814000018/csx0328201410-q.htm"}, {"date": "2013-12-27", "symbol": "CSX", "fillingDate": "2014-02-12", "acceptedDate": "2014-02-12 16:15:05", "period": "FY", "revenue": 3000000000, "costOfRevenue": 632000000, "grossProfit": 2368000000, "grossProfitRatio": 0.7893333333333333, "researchAndDevelopmentExpenses": 0.0, "generalAndAdministrativeExpenses": 803000000, "sellingAndMarketingExpenses": 0.0, "otherExpenses": 0.0, "operatingExpenses": 803000000, "costAndExpenses": 2219000000, "interestExpense": 139000000, "depreciationAndAmortization": 281000000, "ebitda": 1062000000, "ebitdaratio": 0.354, "operatingIncome": 781000000, "operatingIncomeRatio": 0.260333333333, "totalOtherIncomeExpensesNet": 11000000, "incomeBeforeTax": 642000000, "incomeBeforeTaxRatio": 0.214, "incomeTaxExpense": 235000000, "netIncome": 407000000, "netIncomeRatio": 0.135666666667, "eps": 0.4, "epsdiluted": 0.4, "weightedAverageShsOut": 1019000000, "weightedAverageShsOutDil": 1019000000, "link": "https://www.sec.gov/Archives/edgar/data/277948/000027794814000011/0000277948-14-000011-index.htm", "finalLink": "https://www.sec.gov/Archives/edgar/data/277948/000027794814000011/csx-12272013x10k.htm"}, {"date": "2013-09-27", "symbol": "CSX", "fillingDate": "2013-10-16", "acceptedDate": "2013-10-16 15:30:15", "period": "Q3", "revenue": 2999000000, "costOfRevenue": 576000000, "grossProfit": 2423000000, "grossProfitRatio": 0.8079359786595531, "researchAndDevelopmentExpenses": 0.0, "generalAndAdministrativeExpenses": 791000000, "sellingAndMarketingExpenses": 0.0, "otherExpenses": -191000000, "operatingExpenses": 600000000, "costAndExpenses": 2145000000, "interestExpense": 136000000, "depreciationAndAmortization": 277000000, "ebitda": 1131000000, "ebitdaratio": 0.37712570857, "operatingIncome": 854000000, "operatingIncomeRatio": 0.284761587196, "totalOtherIncomeExpensesNet": 5000000.0, "incomeBeforeTax": 723000000, "incomeBeforeTaxRatio": 0.24108036012, "incomeTaxExpense": 260000000, "netIncome": 463000000, "netIncomeRatio": 0.154384794932, "eps": 0.46, "epsdiluted": 0.46, "weightedAverageShsOut": 1021000000, "weightedAverageShsOutDil": 1021000000, "link": "https://www.sec.gov/Archives/edgar/data/277948/000027794813000040/0000277948-13-000040-index.htm", "finalLink": "https://www.sec.gov/Archives/edgar/data/277948/000027794813000040/csx0927201310-q.htm"}, {"date": "2013-06-28", "symbol": "CSX", "fillingDate": "2013-07-17", "acceptedDate": "2013-07-17 16:16:48", "period": "Q2", "revenue": 3069000000, "costOfRevenue": 560000000, "grossProfit": 2509000000, "grossProfitRatio": 0.8175301401107853, "researchAndDevelopmentExpenses": 0.0, "generalAndAdministrativeExpenses": 777000000, "sellingAndMarketingExpenses": 0.0, "otherExpenses": 96000000, "operatingExpenses": 873000000, "costAndExpenses": 2106000000, "interestExpense": 140000000, "depreciationAndAmortization": 276000000, "ebitda": 1239000000, "ebitdaratio": 0.403714565005, "operatingIncome": 963000000, "operatingIncomeRatio": 0.313782991202, "totalOtherIncomeExpensesNet": 9000000.0, "incomeBeforeTax": 832000000, "incomeBeforeTaxRatio": 0.27109807755, "incomeTaxExpense": 297000000, "netIncome": 535000000, "netIncomeRatio": 0.174323884001, "eps": 0.52, "epsdiluted": 0.52, "weightedAverageShsOut": 1022000000, "weightedAverageShsOutDil": 1023000000, "link": "https://www.sec.gov/Archives/edgar/data/277948/000027794813000032/0000277948-13-000032-index.htm", "finalLink": "https://www.sec.gov/Archives/edgar/data/277948/000027794813000032/csx0628201310-q.htm"}, {"date": "2013-03-29", "symbol": "CSX", "fillingDate": "2013-04-16", "acceptedDate": "2013-04-16 16:04:21", "period": "Q1", "revenue": 2958000000, "costOfRevenue": 507000000, "grossProfit": 2451000000, "grossProfitRatio": 0.8286004056795132, "researchAndDevelopmentExpenses": 0.0, "generalAndAdministrativeExpenses": 767000000, "sellingAndMarketingExpenses": 0.0, "otherExpenses": 95000000, "operatingExpenses": 862000000, "costAndExpenses": 2083000000, "interestExpense": 147000000, "depreciationAndAmortization": 270000000, "ebitda": 1145000000, "ebitdaratio": 0.38708586883, "operatingIncome": 875000000, "operatingIncomeRatio": 0.295807978364, "totalOtherIncomeExpensesNet": -3000000.0, "incomeBeforeTax": 725000000, "incomeBeforeTaxRatio": 0.245098039216, "incomeTaxExpense": 266000000, "netIncome": 459000000, "netIncomeRatio": 0.155172413793, "eps": 0.45, "epsdiluted": 0.45, "weightedAverageShsOut": 1022000000, "weightedAverageShsOutDil": 1023000000, "link": "https://www.sec.gov/Archives/edgar/data/277948/000027794813000015/0000277948-13-000015-index.htm", "finalLink": "https://www.sec.gov/Archives/edgar/data/277948/000027794813000015/csx0329201310-q.htm"}, {"date": "2012-12-28", "symbol": "CSX", "fillingDate": "2013-02-19", "acceptedDate": "2013-02-19 15:27:46", "period": "FY", "revenue": 2884000000, "costOfRevenue": 539000000, "grossProfit": 2345000000, "grossProfitRatio": 0.8131067961165048, "researchAndDevelopmentExpenses": 0.0, "generalAndAdministrativeExpenses": 752000000, "sellingAndMarketingExpenses": 0.0, "otherExpenses": 97000000, "operatingExpenses": 849000000, "costAndExpenses": 2080000000, "interestExpense": 145000000, "depreciationAndAmortization": 271000000, "ebitda": 1075000000, "ebitdaratio": 0.372746185853, "operatingIncome": 804000000, "operatingIncomeRatio": 0.278779472954, "totalOtherIncomeExpensesNet": 59000000, "incomeBeforeTax": 718000000, "incomeBeforeTaxRatio": 0.248959778086, "incomeTaxExpense": 275000000, "netIncome": 443000000, "netIncomeRatio": 0.153606102635, "eps": 0.43, "epsdiluted": 0.43, "weightedAverageShsOut": 1038000000, "weightedAverageShsOutDil": 1040000000, "link": "https://www.sec.gov/Archives/edgar/data/277948/000027794813000008/0000277948-13-000008-index.htm", "finalLink": "https://www.sec.gov/Archives/edgar/data/277948/000027794813000008/csx-12282012x10k.htm"}, {"date": "2012-09-28", "symbol": "CSX", "fillingDate": "2012-10-16", "acceptedDate": "2012-10-16 17:06:55", "period": "Q3", "revenue": 2894000000, "costOfRevenue": 525000000, "grossProfit": 2369000000, "grossProfitRatio": 0.8185901865929509, "researchAndDevelopmentExpenses": 0.0, "generalAndAdministrativeExpenses": 754000000, "sellingAndMarketingExpenses": 0.0, "otherExpenses": 96000000, "operatingExpenses": 850000000, "costAndExpenses": 2040000000, "interestExpense": 138000000, "depreciationAndAmortization": 268000000, "ebitda": 1122000000, "ebitdaratio": 0.387698686938, "operatingIncome": 854000000, "operatingIncomeRatio": 0.295093296475, "totalOtherIncomeExpensesNet": 5000000.0, "incomeBeforeTax": 721000000, "incomeBeforeTaxRatio": 0.249136143746, "incomeTaxExpense": 266000000, "netIncome": 455000000, "netIncomeRatio": 0.157221838286, "eps": 0.44, "epsdiluted": 0.44, "weightedAverageShsOut": 1042000000, "weightedAverageShsOutDil": 1044000000, "link": "https://www.sec.gov/Archives/edgar/data/277948/000027794812000048/0000277948-12-000048-index.htm", "finalLink": "https://www.sec.gov/Archives/edgar/data/277948/000027794812000048/csx0928201210-q.htm"}, {"date": "2012-06-29", "symbol": "CSX", "fillingDate": "2012-07-19", "acceptedDate": "2012-07-19 10:47:34", "period": "Q2", "revenue": 3012000000, "costOfRevenue": 550000000, "grossProfit": 2462000000, "grossProfitRatio": 0.8173970783532537, "researchAndDevelopmentExpenses": 0.0, "generalAndAdministrativeExpenses": 744000000, "sellingAndMarketingExpenses": 0.0, "otherExpenses": 102000000, "operatingExpenses": 846000000, "costAndExpenses": 2069000000, "interestExpense": -129000000, "depreciationAndAmortization": 263000000, "ebitda": 1206000000, "ebitdaratio": 0.400398406375, "operatingIncome": 943000000, "operatingIncomeRatio": 0.313081009296, "totalOtherIncomeExpensesNet": 5000000.0, "incomeBeforeTax": 809000000, "incomeBeforeTaxRatio": 0.268592297477, "incomeTaxExpense": 297000000, "netIncome": 512000000, "netIncomeRatio": 0.169986719788, "eps": 0.49, "epsdiluted": 0.49, "weightedAverageShsOut": 1044000000, "weightedAverageShsOutDil": 1046000000, "link": "https://www.sec.gov/Archives/edgar/data/277948/000027794812000040/0000277948-12-000040-index.htm", "finalLink": "https://www.sec.gov/Archives/edgar/data/277948/000027794812000040/csx0629201210-q.htm"}, {"date": "2012-03-30", "symbol": "CSX", "fillingDate": "2012-04-19", "acceptedDate": "2012-04-19 11:36:37", "period": "Q1", "revenue": 2966000000, "costOfRevenue": 542000000, "grossProfit": 2424000000, "grossProfitRatio": 0.8172623061362104, "researchAndDevelopmentExpenses": 0.0, "generalAndAdministrativeExpenses": 770000000, "sellingAndMarketingExpenses": 0.0, "otherExpenses": 97000000, "operatingExpenses": 867000000, "costAndExpenses": 2110000000, "interestExpense": 0.0, "depreciationAndAmortization": 257000000, "ebitda": 1113000000, "ebitdaratio": 0.375252865813, "operatingIncome": 856000000, "operatingIncomeRatio": 0.288604180715, "totalOtherIncomeExpensesNet": 4000000.0, "incomeBeforeTax": 716000000, "incomeBeforeTaxRatio": 0.241402562374, "incomeTaxExpense": 267000000, "netIncome": 449000000, "netIncomeRatio": 0.151382333109, "eps": 0.43, "epsdiluted": 0.43, "weightedAverageShsOut": 1047000000, "weightedAverageShsOutDil": 1049000000, "link": "https://www.sec.gov/Archives/edgar/data/277948/000027794812000023/0000277948-12-000023-index.htm", "finalLink": "https://www.sec.gov/Archives/edgar/data/277948/000027794812000023/csx0330201210-q.htm"}, {"date": "2011-12-30", "symbol": "CSX", "fillingDate": "2012-02-21", "acceptedDate": "2012-02-21 13:43:35", "period": "FY", "revenue": 2951000000, "costOfRevenue": 580000000, "grossProfit": 2371000000, "grossProfitRatio": 0.8034564554388343, "researchAndDevelopmentExpenses": 0.0, "generalAndAdministrativeExpenses": 779000000, "sellingAndMarketingExpenses": 0.0, "otherExpenses": 92000000, "operatingExpenses": 871000000, "costAndExpenses": 2110000000, "interestExpense": 140000000, "depreciationAndAmortization": 236000000, "ebitda": 1077000000, "ebitdaratio": 0.364961030159, "operatingIncome": 841000000, "operatingIncomeRatio": 0.284988139614, "totalOtherIncomeExpensesNet": 11000000, "incomeBeforeTax": 712000000, "incomeBeforeTaxRatio": 0.241274144358, "incomeTaxExpense": 255000000, "netIncome": 457000000, "netIncomeRatio": 0.154862758387, "eps": 0.43, "epsdiluted": 0.43, "weightedAverageShsOut": 1083000000, "weightedAverageShsOutDil": 1089000000, "link": "https://www.sec.gov/Archives/edgar/data/277948/000027794812000014/0000277948-12-000014-index.htm", "finalLink": "https://www.sec.gov/Archives/edgar/data/277948/000027794812000014/csx-12302011x10k.htm"}, {"date": "2011-09-30", "symbol": "CSX", "fillingDate": "2011-10-26", "acceptedDate": "2011-10-26 14:21:53", "period": "Q3", "revenue": 2963000000, "costOfRevenue": 562000000, "grossProfit": 2401000000, "grossProfitRatio": 0.8103273709078637, "researchAndDevelopmentExpenses": 0.0, "generalAndAdministrativeExpenses": 765000000, "sellingAndMarketingExpenses": 0.0, "otherExpenses": 95000000, "operatingExpenses": 860000000, "costAndExpenses": 2085000000, "interestExpense": 138000000, "depreciationAndAmortization": 251000000, "ebitda": 1129000000, "ebitdaratio": 0.381032737091, "operatingIncome": 878000000, "operatingIncomeRatio": 0.296321295984, "totalOtherIncomeExpensesNet": 6000000.0, "incomeBeforeTax": 746000000, "incomeBeforeTaxRatio": 0.251771852852, "incomeTaxExpense": 282000000, "netIncome": 464000000, "netIncomeRatio": 0.156598042524, "eps": 0.44, "epsdiluted": 0.43, "weightedAverageShsOut": 1094000000, "weightedAverageShsOutDil": 1100000000, "link": "https://www.sec.gov/Archives/edgar/data/277948/000027794811000061/0000277948-11-000061-index.htm", "finalLink": "https://www.sec.gov/Archives/edgar/data/277948/000027794811000061/csx0930201110-q.htm"}, {"date": "2011-07-01", "symbol": "CSX", "fillingDate": "2011-07-21", "acceptedDate": "2011-07-21 14:00:53", "period": "Q2", "revenue": 3019000000, "costOfRevenue": 1087000000, "grossProfit": 1932000000, "grossProfitRatio": 0.6399470023186485, "researchAndDevelopmentExpenses": 0.0, "generalAndAdministrativeExpenses": 764000000, "sellingAndMarketingExpenses": 0.0, "otherExpenses": -1080000000, "operatingExpenses": -316000000, "costAndExpenses": 2093000000, "interestExpense": 134000000, "depreciationAndAmortization": 246000000, "ebitda": 1172000000, "ebitdaratio": 0.388208015899, "operatingIncome": 926000000, "operatingIncomeRatio": 0.306724080821, "totalOtherIncomeExpensesNet": 0.0, "incomeBeforeTax": 792000000, "incomeBeforeTaxRatio": 0.26233852269, "incomeTaxExpense": 286000000, "netIncome": 506000000, "netIncomeRatio": 0.167605167274, "eps": -0.26, "epsdiluted": -0.25, "weightedAverageShsOut": 1105228000, "weightedAverageShsOutDil": 1111886000, "link": "https://www.sec.gov/Archives/edgar/data/277948/000027794811000045/0000277948-11-000045-index.htm", "finalLink": "https://www.sec.gov/Archives/edgar/data/277948/000027794811000045/csx0701201110-q.htm"}, {"date": "2011-04-01", "symbol": "CSX", "fillingDate": "2011-04-20", "acceptedDate": "2011-04-20 17:21:26", "period": "Q1", "revenue": 2810000000, "costOfRevenue": 0.0, "grossProfit": 2810000000, "grossProfitRatio": 1.0, "researchAndDevelopmentExpenses": 0.0, "generalAndAdministrativeExpenses": 765000000, "sellingAndMarketingExpenses": 0.0, "otherExpenses": 1272000000, "operatingExpenses": 2037000000, "costAndExpenses": 2037000000, "interestExpense": 140000000, "depreciationAndAmortization": 243000000, "ebitda": 1016000000, "ebitdaratio": 0.361565836299, "operatingIncome": 773000000, "operatingIncomeRatio": 0.275088967972, "totalOtherIncomeExpensesNet": 5000000.0, "incomeBeforeTax": 638000000, "incomeBeforeTaxRatio": 0.22704626334519573, "incomeTaxExpense": 243000000, "netIncome": 395000000, "netIncomeRatio": 0.140569395018, "eps": 1.07, "epsdiluted": 1.06, "weightedAverageShsOut": 369349000, "weightedAverageShsOutDil": 371586000, "link": "https://www.sec.gov/Archives/edgar/data/277948/000027794811000017/0000277948-11-000017-index.htm", "finalLink": "https://www.sec.gov/Archives/edgar/data/277948/000027794811000017/form_10q.htm"}, {"date": "2010-12-31", "symbol": "CSX", "fillingDate": "2011-02-18", "acceptedDate": "2011-02-18 11:05:56", "period": "FY", "revenue": 9605800000, "costOfRevenue": 866000000, "grossProfit": 8739800000, "grossProfitRatio": 0.9098461346269962, "researchAndDevelopmentExpenses": -14400000, "generalAndAdministrativeExpenses": 2795100000, "sellingAndMarketingExpenses": 0.0, "otherExpenses": 4608000000, "operatingExpenses": 7388700000, "costAndExpenses": 6636900000, "interestExpense": 538100000, "depreciationAndAmortization": 890200000, "ebitda": 3858500000, "ebitdaratio": 0.401684399009, "operatingIncome": 2968300000, "operatingIncomeRatio": 0.309011222386, "totalOtherIncomeExpensesNet": 4000000.0, "incomeBeforeTax": 1525800000, "incomeBeforeTaxRatio": 0.15884153324, "incomeTaxExpense": 968600000, "netIncome": 1501200000, "netIncomeRatio": 0.156280580483, "eps": 3.0, "epsdiluted": 2.97, "weightedAverageShsOut": 381108000, "weightedAverageShsOutDil": 384509000, "link": "https://www.sec.gov/Archives/edgar/data/277948/000114036111010655/0001140361-11-010655-index.htm", "finalLink": "https://www.sec.gov/Archives/edgar/data/277948/000114036111010655/document_10k.htm"}, {"date": "2010-09-24", "symbol": "CSX", "fillingDate": "2010-10-15", "acceptedDate": "2010-10-15 14:01:26", "period": "Q3", "revenue": 2666000000, "costOfRevenue": 279000000, "grossProfit": 2387000000, "grossProfitRatio": 0.8953488372093024, "researchAndDevelopmentExpenses": 0.0, "generalAndAdministrativeExpenses": 0.0, "sellingAndMarketingExpenses": 0.0, "otherExpenses": 0.0, "operatingExpenses": 0.0, "costAndExpenses": 279000000, "interestExpense": 131000000, "depreciationAndAmortization": 232000000, "ebitda": 1057000000, "ebitdaratio": 0.39647411852963244, "operatingIncome": 825000000, "operatingIncomeRatio": 0.3094523630907727, "totalOtherIncomeExpensesNet": 8000000.0, "incomeBeforeTax": 702000000, "incomeBeforeTaxRatio": 0.2633158289572393, "incomeTaxExpense": -288000000, "netIncome": 990000000, "netIncomeRatio": 0.37134283570892723, "eps": 0.384102, "epsdiluted": 0.384102, "weightedAverageShsOut": 384102000, "weightedAverageShsOutDil": 387516000, "link": "https://www.sec.gov/Archives/edgar/data/277948/000027794810000059/0000277948-10-000059-index.htm", "finalLink": "https://www.sec.gov/Archives/edgar/data/277948/000027794810000059/form_10-q.htm"}, {"date": "2010-06-25", "symbol": "CSX", "fillingDate": "2010-07-15", "acceptedDate": "2010-07-15 16:04:34", "period": "Q2", "revenue": 2663000000, "costOfRevenue": 304000000, "grossProfit": 2359000000, "grossProfitRatio": 0.8858430341719865, "researchAndDevelopmentExpenses": 0.0, "generalAndAdministrativeExpenses": 0.0, "sellingAndMarketingExpenses": 0.0, "otherExpenses": 0.0, "operatingExpenses": 0.0, "costAndExpenses": 304000000, "interestExpense": 135000000, "depreciationAndAmortization": 229000000, "ebitda": 995000000, "ebitdaratio": 0.37363875328576795, "operatingIncome": 766000000, "operatingIncomeRatio": 0.2876455125797972, "totalOtherIncomeExpensesNet": 9000000.0, "incomeBeforeTax": 640000000, "incomeBeforeTaxRatio": 0.2403304543747653, "incomeTaxExpense": -227000000, "netIncome": 867000000, "netIncomeRatio": 0.3255726624108149, "eps": 1.86, "epsdiluted": 1.86, "weightedAverageShsOut": 387121000, "weightedAverageShsOutDil": 390357000, "link": "https://www.sec.gov/Archives/edgar/data/277948/000027794810000046/0000277948-10-000046-index.htm", "finalLink": "https://www.sec.gov/Archives/edgar/data/277948/000027794810000046/form_10q.htm"}, {"date": "2010-03-26", "symbol": "CSX", "fillingDate": "2010-04-19", "acceptedDate": "2010-04-19 15:56:42", "period": "Q1", "revenue": 2491000000, "costOfRevenue": 283000000, "grossProfit": 2208000000, "grossProfitRatio": 0.8863910076274588, "researchAndDevelopmentExpenses": 0.0, "generalAndAdministrativeExpenses": 0.0, "sellingAndMarketingExpenses": 0.0, "otherExpenses": 0.0, "operatingExpenses": 0.0, "costAndExpenses": 283000000, "interestExpense": 142000000, "depreciationAndAmortization": 229000000, "ebitda": 863000000, "ebitdaratio": 0.34644720995584105, "operatingIncome": 634000000, "operatingIncomeRatio": 0.2545162585307106, "totalOtherIncomeExpensesNet": 11000000, "incomeBeforeTax": 503000000, "incomeBeforeTaxRatio": 0.20192693697310318, "incomeTaxExpense": -197000000, "netIncome": 700000000, "netIncomeRatio": 0.2810116419108792, "eps": 0.391079, "epsdiluted": 0.391079, "weightedAverageShsOut": 391079.0, "weightedAverageShsOutDil": 394323.0, "link": "https://www.sec.gov/Archives/edgar/data/277948/000027794810000025/0000277948-10-000025-index.htm", "finalLink": "https://www.sec.gov/Archives/edgar/data/277948/000027794810000025/form_10q.htm"}, {"date": "2009-12-25", "symbol": "CSX", "fillingDate": "2010-02-19", "acceptedDate": "2010-02-19 08:56:51", "period": "FY", "revenue": 2320000000, "costOfRevenue": 599000000, "grossProfit": 1721000000, "grossProfitRatio": 0.7418103448275862, "researchAndDevelopmentExpenses": 0.0, "generalAndAdministrativeExpenses": 0.0, "sellingAndMarketingExpenses": 0.0, "otherExpenses": 0.0, "operatingExpenses": 0.0, "costAndExpenses": -599000000, "interestExpense": 138000000, "depreciationAndAmortization": 229000000, "ebitda": 812000000, "ebitdaratio": 0.35, "operatingIncome": 583000000, "operatingIncomeRatio": 0.2512931034482759, "totalOtherIncomeExpensesNet": 15000000, "incomeBeforeTax": 460000000, "incomeBeforeTaxRatio": 0.19827586206896552, "incomeTaxExpense": -155000000, "netIncome": 615000000, "netIncomeRatio": 0.2650862068965517, "eps": 0.392127, "epsdiluted": 0.392127, "weightedAverageShsOut": 392127.0, "weightedAverageShsOutDil": 395686.0, "link": "https://www.sec.gov/Archives/edgar/data/277948/000027794810000013/0000277948-10-000013-index.htm", "finalLink": "https://www.sec.gov/Archives/edgar/data/277948/000027794810000013/document_10k.htm"}, {"date": "2009-09-25", "symbol": "CSX", "fillingDate": "2009-10-20", "acceptedDate": "2009-10-19 17:41:31", "period": "Q3", "revenue": 2289000000, "costOfRevenue": 223000000, "grossProfit": 2066000000, "grossProfitRatio": 0.9025775447793797, "researchAndDevelopmentExpenses": 0.0, "generalAndAdministrativeExpenses": 0.0, "sellingAndMarketingExpenses": 0.0, "otherExpenses": 0.0, "operatingExpenses": 0.0, "costAndExpenses": 223000000, "interestExpense": 140000000, "depreciationAndAmortization": 225000000, "ebitda": 823000000, "ebitdaratio": 0.3595456531236348, "operatingIncome": 598000000, "operatingIncomeRatio": 0.26124945391000437, "totalOtherIncomeExpensesNet": 6000000.0, "incomeBeforeTax": 464000000, "incomeBeforeTaxRatio": 0.20270860637833116, "incomeTaxExpense": -171000000, "netIncome": 635000000, "netIncomeRatio": 0.27741371778069024, "eps": 0.391847, "epsdiluted": 0.391847, "weightedAverageShsOut": 392127.0, "weightedAverageShsOutDil": 395686.0, "link": "https://www.sec.gov/Archives/edgar/data/277948/000027794809000164/0000277948-09-000164-index.htm", "finalLink": "https://www.sec.gov/Archives/edgar/data/277948/000027794809000164/form_10-q.htm"}, {"date": "2009-06-26", "symbol": "CSX", "fillingDate": "2009-07-15", "acceptedDate": "2009-07-15 16:16:24", "period": "Q2", "revenue": 2185000000, "costOfRevenue": 185000000, "grossProfit": 2000000000, "grossProfitRatio": 0.9153318077803204, "researchAndDevelopmentExpenses": 0.0, "generalAndAdministrativeExpenses": 0.0, "sellingAndMarketingExpenses": 0.0, "otherExpenses": 9000000.0, "operatingExpenses": 0.0, "costAndExpenses": 185000000, "interestExpense": 139000000, "depreciationAndAmortization": 230000000, "ebitda": 812000000, "ebitdaratio": 0.3716247139588101, "operatingIncome": 582000000, "operatingIncomeRatio": 0.26636155606407325, "totalOtherIncomeExpensesNet": 22000000, "incomeBeforeTax": 465000000, "incomeBeforeTaxRatio": 0.2128146453089245, "incomeTaxExpense": -172000000, "netIncome": 637000000, "netIncomeRatio": 0.29153318077803203, "eps": 0.391594, "epsdiluted": 0.391594, "weightedAverageShsOut": 392127.0, "weightedAverageShsOutDil": 395686.0, "link": "https://www.sec.gov/Archives/edgar/data/277948/000027794809000113/0000277948-09-000113-index.htm", "finalLink": "https://www.sec.gov/Archives/edgar/data/277948/000027794809000113/form_10q.htm"}, {"date": "2009-03-27", "symbol": "CSX", "fillingDate": "2009-04-15", "acceptedDate": "2009-04-15 16:44:17", "period": "Q1", "revenue": 2247000000, "costOfRevenue": 191000000, "grossProfit": 2056000000, "grossProfitRatio": 0.914997774810859, "researchAndDevelopmentExpenses": 0.0, "generalAndAdministrativeExpenses": 0.0, "sellingAndMarketingExpenses": 0.0, "otherExpenses": -9000000.0, "operatingExpenses": 0.0, "costAndExpenses": 191000000, "interestExpense": 141000000, "depreciationAndAmortization": 224000000, "ebitda": 746000000, "ebitdaratio": 0.33199821984868716, "operatingIncome": 522000000, "operatingIncomeRatio": 0.23230974632843793, "totalOtherIncomeExpensesNet": -9000000.0, "incomeBeforeTax": 372000000, "incomeBeforeTaxRatio": 0.16555407209612816, "incomeTaxExpense": -126000000, "netIncome": 498000000, "netIncomeRatio": 0.22162883845126835, "eps": 0.63, "epsdiluted": 0.63, "weightedAverageShsOut": 790476190, "weightedAverageShsOutDil": 790476190, "link": "https://www.sec.gov/Archives/edgar/data/277948/000027794809000066/0000277948-09-000066-index.htm", "finalLink": "https://www.sec.gov/Archives/edgar/data/277948/000027794809000066/form_10q.htm"}, {"date": "2008-12-26", "symbol": "CSX", "fillingDate": "2009-02-19", "acceptedDate": "2009-02-18 19:07:09", "period": "FY", "revenue": 2674000000, "costOfRevenue": 331000000, "grossProfit": 2343000000, "grossProfitRatio": 0.8762154076290202, "researchAndDevelopmentExpenses": 0.0, "generalAndAdministrativeExpenses": 0.0, "sellingAndMarketingExpenses": 0.0, "otherExpenses": 1982000000, "operatingExpenses": 1982000000, "costAndExpenses": 2313000000, "interestExpense": 136000000, "depreciationAndAmortization": 232000000, "ebitda": 924000000, "ebitdaratio": 0.34554973821989526, "operatingIncome": 692000000, "operatingIncomeRatio": 0.2587883320867614, "totalOtherIncomeExpensesNet": -172000000, "incomeBeforeTax": 2790000000, "incomeBeforeTaxRatio": 1.043380703066567, "incomeTaxExpense": -137000000, "netIncome": 2927000000, "netIncomeRatio": 1.0946148092744952, "eps": 0.400683, "epsdiluted": 0.400683, "weightedAverageShsOut": 7305026666, "weightedAverageShsOutDil": 7305026666, "link": "https://www.sec.gov/Archives/edgar/data/277948/000027794809000042/0000277948-09-000042-index.htm", "finalLink": "https://www.sec.gov/Archives/edgar/data/277948/000027794809000042/document_10k.htm"}, {"date": "2008-09-26", "symbol": "CSX", "fillingDate": "2008-10-15", "acceptedDate": "2008-10-15 12:13:00", "period": "Q3", "revenue": 2961000000, "costOfRevenue": 508000000, "grossProfit": 2453000000, "grossProfitRatio": 0.828436339074637, "researchAndDevelopmentExpenses": 0.0, "generalAndAdministrativeExpenses": 0.0, "sellingAndMarketingExpenses": 0.0, "otherExpenses": 2228000000, "operatingExpenses": 2228000000, "costAndExpenses": 2736000000, "interestExpense": 131000000, "depreciationAndAmortization": 230000000, "ebitda": 963000000, "ebitdaratio": 0.3252279635258359, "operatingIncome": 733000000, "operatingIncomeRatio": 0.2475515028706518, "totalOtherIncomeExpensesNet": 8000000.0, "incomeBeforeTax": -1796000000, "incomeBeforeTaxRatio": -0.6065518405943938, "incomeTaxExpense": -228000000, "netIncome": -1568000000, "netIncomeRatio": -0.5295508274231678, "eps": 0.404196, "epsdiluted": 0.404196, "weightedAverageShsOut": 3869598479, "weightedAverageShsOutDil": 3869598479, "link": "https://www.sec.gov/Archives/edgar/data/277948/000027794808000142/0000277948-08-000142-index.htm", "finalLink": "https://www.sec.gov/Archives/edgar/data/277948/000027794808000142/document_10-q.htm"}, {"date": "2008-06-27", "symbol": "CSX", "fillingDate": "2008-07-16", "acceptedDate": "2008-07-16 08:58:54", "period": "Q2", "revenue": 2907000000, "costOfRevenue": 537000000, "grossProfit": 2370000000, "grossProfitRatio": 0.8152734778121775, "researchAndDevelopmentExpenses": 0.0, "generalAndAdministrativeExpenses": 0.0, "sellingAndMarketingExpenses": 0.0, "otherExpenses": 2190000000, "operatingExpenses": 2190000000, "costAndExpenses": 2727000000, "interestExpense": 133000000, "depreciationAndAmortization": 231000000, "ebitda": 948000000, "ebitdaratio": 0.32610939112487103, "operatingIncome": 717000000, "operatingIncomeRatio": 0.24664602683178535, "totalOtherIncomeExpensesNet": 6000000.0, "incomeBeforeTax": 590000000, "incomeBeforeTaxRatio": 0.20295837633298933, "incomeTaxExpense": -205000000, "netIncome": 795000000, "netIncomeRatio": 0.27347781217750256, "eps": 0.40521, "epsdiluted": 0.40521, "weightedAverageShsOut": 3869598479, "weightedAverageShsOutDil": 3869598479, "link": "https://www.sec.gov/Archives/edgar/data/277948/000027794808000095/0000277948-08-000095-index.htm", "finalLink": "https://www.sec.gov/Archives/edgar/data/277948/000027794808000095/document-10q.htm"}, {"date": "2008-03-28", "symbol": "CSX", "fillingDate": "2008-04-16", "acceptedDate": "2008-04-16 10:12:10", "period": "Q1", "revenue": 2713000000, "costOfRevenue": 441000000, "grossProfit": 2272000000, "grossProfitRatio": 0.8374493180980465, "researchAndDevelopmentExpenses": 0.0, "generalAndAdministrativeExpenses": 0.0, "sellingAndMarketingExpenses": 0.0, "otherExpenses": 2087000000, "operatingExpenses": 2087000000, "costAndExpenses": 2528000000, "interestExpense": 119000000, "depreciationAndAmortization": 225000000, "ebitda": 851000000, "ebitdaratio": 0.3136748986361961, "operatingIncome": 626000000, "operatingIncomeRatio": 0.23074087725764836, "totalOtherIncomeExpensesNet": 55000000, "incomeBeforeTax": 562000000, "incomeBeforeTaxRatio": 0.20715075562108368, "incomeTaxExpense": -211000000, "netIncome": 773000000, "netIncomeRatio": 0.28492443789163285, "eps": 0.40428, "epsdiluted": 0.40428, "weightedAverageShsOut": 1912041159, "weightedAverageShsOutDil": 1912041159, "link": "https://www.sec.gov/Archives/edgar/data/277948/000027794808000063/0000277948-08-000063-index.htm", "finalLink": "https://www.sec.gov/Archives/edgar/data/277948/000027794808000063/document_10-q.htm"}, {"date": "2007-12-28", "symbol": "CSX", "fillingDate": "2008-02-22", "acceptedDate": "2008-02-22 14:58:08", "period": "FY", "revenue": 2577000000, "costOfRevenue": 357000000, "grossProfit": 2220000000, "grossProfitRatio": 0.8614668218859138, "researchAndDevelopmentExpenses": 0.0, "generalAndAdministrativeExpenses": 0.0, "sellingAndMarketingExpenses": 0.0, "otherExpenses": 1968000000, "operatingExpenses": 1968000000, "costAndExpenses": 2325000000, "interestExpense": 115000000, "depreciationAndAmortization": 224000000, "ebitda": 833000000, "ebitdaratio": 0.323244082266201, "operatingIncome": 609000000, "operatingIncomeRatio": 0.23632130384167638, "totalOtherIncomeExpensesNet": 76000000, "incomeBeforeTax": 570000000, "incomeBeforeTaxRatio": 0.22118742724097787, "incomeTaxExpense": -205000000, "netIncome": 775000000, "netIncomeRatio": 0.3007372914241366, "eps": 0.43027, "epsdiluted": 0.43027, "weightedAverageShsOut": 6131034001, "weightedAverageShsOutDil": 6131034001, "link": "https://www.sec.gov/Archives/edgar/data/277948/000027794808000036/0000277948-08-000036-index.htm", "finalLink": "https://www.sec.gov/Archives/edgar/data/277948/000027794808000036/form2007_10k.htm"}, {"date": "2007-09-28", "symbol": "CSX", "fillingDate": "2007-10-23", "acceptedDate": "2007-10-23 12:07:30", "period": "Q3", "revenue": 2501000000, "costOfRevenue": 304000000, "grossProfit": 2197000000, "grossProfitRatio": 0.8784486205517793, "researchAndDevelopmentExpenses": 0.0, "generalAndAdministrativeExpenses": 0.0, "sellingAndMarketingExpenses": 0.0, "otherExpenses": 1946000000, "operatingExpenses": 1946000000, "costAndExpenses": 2250000000, "interestExpense": 102000000, "depreciationAndAmortization": 218000000, "ebitda": 773000000, "ebitdaratio": 0.3090763694522191, "operatingIncome": 555000000, "operatingIncomeRatio": 0.2219112355057977, "totalOtherIncomeExpensesNet": 17000000, "incomeBeforeTax": 470000000, "incomeBeforeTaxRatio": 0.1879248300679728, "incomeTaxExpense": -173000000, "netIncome": 643000000, "netIncomeRatio": 0.25709716113554576, "eps": 0.436265, "epsdiluted": 0.436265, "weightedAverageShsOut": 4270340274, "weightedAverageShsOutDil": 4270340274, "link": "https://www.sec.gov/Archives/edgar/data/277948/000027794807000092/0000277948-07-000092-index.htm", "finalLink": "https://www.sec.gov/Archives/edgar/data/277948/000027794807000092/d10-q.htm"}, {"date": "2007-06-29", "symbol": "CSX", "fillingDate": "2007-07-25", "acceptedDate": "2007-07-25 17:08:18", "period": "Q2", "revenue": 2530000000, "costOfRevenue": 290000000, "grossProfit": 2240000000, "grossProfitRatio": 0.8853754940711462, "researchAndDevelopmentExpenses": 0.0, "generalAndAdministrativeExpenses": 0.0, "sellingAndMarketingExpenses": 0.0, "otherExpenses": 1926000000, "operatingExpenses": 1926000000, "costAndExpenses": 2216000000, "interestExpense": 101000000, "depreciationAndAmortization": 223000000, "ebitda": 827000000, "ebitdaratio": 0.3268774703557312, "operatingIncome": 604000000, "operatingIncomeRatio": 0.23873517786561266, "totalOtherIncomeExpensesNet": 11000000, "incomeBeforeTax": 514000000, "incomeBeforeTaxRatio": 0.20316205533596837, "incomeTaxExpense": -190000000, "netIncome": 704000000, "netIncomeRatio": 0.2782608695652174, "eps": 1.29, "epsdiluted": 1.29, "weightedAverageShsOut": 945736434, "weightedAverageShsOutDil": 945736434, "link": "https://www.sec.gov/Archives/edgar/data/277948/000027794807000067/0000277948-07-000067-index.htm", "finalLink": "https://www.sec.gov/Archives/edgar/data/277948/000027794807000067/documentq2.htm"}, {"date": "2007-03-30", "symbol": "CSX", "fillingDate": "2007-04-18", "acceptedDate": "2007-04-18 08:52:48", "period": "Q1", "revenue": 2422000000, "costOfRevenue": 259000000, "grossProfit": 2163000000, "grossProfitRatio": 0.8930635838150289, "researchAndDevelopmentExpenses": 0.0, "generalAndAdministrativeExpenses": 0.0, "sellingAndMarketingExpenses": 0.0, "otherExpenses": 1934000000, "operatingExpenses": 1934000000, "costAndExpenses": 2193000000, "interestExpense": 99000000, "depreciationAndAmortization": 225000000, "ebitda": 713000000, "ebitdaratio": 0.2943848059454996, "operatingIncome": 488000000, "operatingIncomeRatio": 0.2014863748967795, "totalOtherIncomeExpensesNet": -11000000, "incomeBeforeTax": 378000000, "incomeBeforeTaxRatio": 0.15606936416184972, "incomeTaxExpense": -138000000, "netIncome": 516000000, "netIncomeRatio": 0.21304706853839803, "eps": 0.55, "epsdiluted": 0.55, "weightedAverageShsOut": 938181818, "weightedAverageShsOutDil": 938181818, "link": "https://www.sec.gov/Archives/edgar/data/277948/000119312507083489/0001193125-07-083489-index.htm", "finalLink": "https://www.sec.gov/Archives/edgar/data/277948/000119312507083489/d10q.htm"}, {"date": "2006-12-29", "symbol": "CSX", "fillingDate": "2007-02-15", "acceptedDate": "2007-02-14 18:08:19", "period": "FY", "revenue": 2396000000, "costOfRevenue": 271000000, "grossProfit": 2125000000, "grossProfitRatio": 0.8868948247078464, "researchAndDevelopmentExpenses": 0.0, "generalAndAdministrativeExpenses": 0.0, "sellingAndMarketingExpenses": 0.0, "otherExpenses": 1889000000, "operatingExpenses": 1889000000, "costAndExpenses": 2160000000, "interestExpense": 99000000, "depreciationAndAmortization": 219000000, "ebitda": 726000000, "ebitdaratio": 0.3030050083472454, "operatingIncome": 507000000, "operatingIncomeRatio": 0.21160267111853087, "totalOtherIncomeExpensesNet": 62000000, "incomeBeforeTax": 470000000, "incomeBeforeTaxRatio": 0.19616026711185308, "incomeTaxExpense": -123000000, "netIncome": 593000000, "netIncomeRatio": 0.2474958263772955, "eps": 2.98, "epsdiluted": 2.98, "weightedAverageShsOut": 795973154, "weightedAverageShsOutDil": 795973154, "link": "https://www.sec.gov/Archives/edgar/data/277948/000119312507032135/0001193125-07-032135-index.htm", "finalLink": "https://www.sec.gov/Archives/edgar/data/277948/000119312507032135/d10k.htm"}, {"date": "2006-09-29", "symbol": "CSX", "fillingDate": "2006-10-18", "acceptedDate": "2006-10-18 15:52:29", "period": "Q3", "revenue": 2418000000, "costOfRevenue": 300000000, "grossProfit": 2118000000, "grossProfitRatio": 0.8759305210918115, "researchAndDevelopmentExpenses": 0.0, "generalAndAdministrativeExpenses": 0.0, "sellingAndMarketingExpenses": 0.0, "otherExpenses": 1929000000, "operatingExpenses": 1929000000, "costAndExpenses": 2229000000, "interestExpense": 97000000, "depreciationAndAmortization": 218000000, "ebitda": 707000000, "ebitdaratio": 0.2923904052936311, "operatingIncome": 489000000, "operatingIncomeRatio": 0.2022332506203474, "totalOtherIncomeExpensesNet": 25000000, "incomeBeforeTax": 417000000, "incomeBeforeTaxRatio": 0.17245657568238212, "incomeTaxExpense": -89000000, "netIncome": 506000000, "netIncomeRatio": 0.20926385442514475, "eps": 2.18, "epsdiluted": 2.18, "weightedAverageShsOut": 816055045, "weightedAverageShsOutDil": 816055045, "link": "https://www.sec.gov/Archives/edgar/data/277948/000119312506210093/0001193125-06-210093-index.htm", "finalLink": "https://www.sec.gov/Archives/edgar/data/277948/000119312506210093/d10q.htm"}, {"date": "2006-06-30", "symbol": "CSX", "fillingDate": "2006-07-21", "acceptedDate": "2006-07-21 13:20:45", "period": "Q2", "revenue": 2421000000, "costOfRevenue": 288000000, "grossProfit": 2133000000, "grossProfitRatio": 0.8810408921933085, "researchAndDevelopmentExpenses": 0.0, "generalAndAdministrativeExpenses": 0.0, "sellingAndMarketingExpenses": 0.0, "otherExpenses": 1775000000, "operatingExpenses": 1775000000, "costAndExpenses": 2063000000, "interestExpense": 98000000, "depreciationAndAmortization": 218000000, "ebitda": 864000000, "ebitdaratio": 0.35687732342007433, "operatingIncome": 646000000, "operatingIncomeRatio": 0.26683188764973154, "totalOtherIncomeExpensesNet": 11000000, "incomeBeforeTax": 559000000, "incomeBeforeTaxRatio": 0.2308963238331268, "incomeTaxExpense": -169000000, "netIncome": 728000000, "netIncomeRatio": 0.3007021891780256, "eps": 2.88, "epsdiluted": 2.88, "weightedAverageShsOut": 442013888, "weightedAverageShsOutDil": 442013888, "link": "https://www.sec.gov/Archives/edgar/data/277948/000119312506150851/0001193125-06-150851-index.htm", "finalLink": "https://www.sec.gov/Archives/edgar/data/277948/000119312506150851/d10q.htm"}, {"date": "2006-03-31", "symbol": "CSX", "fillingDate": "2006-04-25", "acceptedDate": "2006-04-25 17:19:48", "period": "Q1", "revenue": 2331000000, "costOfRevenue": 253000000, "grossProfit": 2078000000, "grossProfitRatio": 0.8914628914628915, "researchAndDevelopmentExpenses": 0.0, "generalAndAdministrativeExpenses": 0.0, "sellingAndMarketingExpenses": 0.0, "otherExpenses": 1835000000, "operatingExpenses": 1835000000, "costAndExpenses": 2088000000, "interestExpense": 98000000, "depreciationAndAmortization": 212000000, "ebitda": 708000000, "ebitdaratio": 0.30373230373230375, "operatingIncome": 496000000, "operatingIncomeRatio": 0.21278421278421278, "totalOtherIncomeExpensesNet": -3000000.0, "incomeBeforeTax": 395000000, "incomeBeforeTaxRatio": 0.16945516945516945, "incomeTaxExpense": -150000000, "netIncome": 545000000, "netIncomeRatio": 0.2338052338052338, "eps": 1.12, "epsdiluted": 1.12, "weightedAverageShsOut": 486607142, "weightedAverageShsOutDil": 486607142, "link": "https://www.sec.gov/Archives/edgar/data/277948/000095014406003895/0000950144-06-003895-index.htm", "finalLink": "https://www.sec.gov/Archives/edgar/data/277948/000095014406003895/g01004e10vq.htm"}, {"date": "2005-12-30", "symbol": "CSX", "fillingDate": "2006-02-24", "acceptedDate": "2006-02-24 13:48:45", "period": "FY", "revenue": 2219000000, "costOfRevenue": 240000000, "grossProfit": 1979000000, "grossProfitRatio": 0.8918431726002704, "researchAndDevelopmentExpenses": 0.0, "generalAndAdministrativeExpenses": 0.0, "sellingAndMarketingExpenses": 0.0, "otherExpenses": 1807000000, "operatingExpenses": 1807000000, "costAndExpenses": 2047000000, "interestExpense": 99000000, "depreciationAndAmortization": 213000000, "ebitda": 625000000, "ebitdaratio": 0.28165840468679587, "operatingIncome": 412000000, "operatingIncomeRatio": 0.18566922036953581, "totalOtherIncomeExpensesNet": 62000000, "incomeBeforeTax": 375000000, "incomeBeforeTaxRatio": 0.1689950428120775, "incomeTaxExpense": -138000000, "netIncome": 513000000, "netIncomeRatio": 0.23118521856692203, "eps": 3.33, "epsdiluted": 3.33, "weightedAverageShsOut": 406006006, "weightedAverageShsOutDil": 406006006, "link": "https://www.sec.gov/Archives/edgar/data/277948/000095014406001485/0000950144-06-001485-index.htm", "finalLink": "https://www.sec.gov/Archives/edgar/data/277948/000095014406001485/g99714e10vk.htm"}, {"date": "2005-09-30", "symbol": "CSX", "fillingDate": "2005-10-26", "acceptedDate": "2005-10-26 14:12:07", "period": "Q3", "revenue": 2125000000, "costOfRevenue": 188000000, "grossProfit": 1937000000, "grossProfitRatio": 0.9115294117647059, "researchAndDevelopmentExpenses": 0.0, "generalAndAdministrativeExpenses": 0.0, "sellingAndMarketingExpenses": 0.0, "otherExpenses": 1772000000, "operatingExpenses": 1772000000, "costAndExpenses": 1960000000, "interestExpense": 100000000, "depreciationAndAmortization": 202000000, "ebitda": 555000000, "ebitdaratio": 0.2611764705882353, "operatingIncome": 353000000, "operatingIncomeRatio": 0.16611764705882354, "totalOtherIncomeExpensesNet": 11000000, "incomeBeforeTax": 264000000, "incomeBeforeTaxRatio": 0.12423529411764705, "incomeTaxExpense": -256000000, "netIncome": 520000000, "netIncomeRatio": 0.2447058823529412, "eps": 2.23, "epsdiluted": 2.23, "weightedAverageShsOut": 376233183, "weightedAverageShsOutDil": 376233183, "link": "https://www.sec.gov/Archives/edgar/data/277948/000095014405010710/0000950144-05-010710-index.htm", "finalLink": "https://www.sec.gov/Archives/edgar/data/277948/000095014405010710/g97819e10vq.htm"}, {"date": "2005-07-01", "symbol": "CSX", "fillingDate": "2005-08-02", "acceptedDate": "2005-08-02 17:20:40", "period": "Q2", "revenue": 4274000000, "costOfRevenue": 355000000, "grossProfit": 3919000000, "grossProfitRatio": 0.9169396350023398, "researchAndDevelopmentExpenses": 0.0, "generalAndAdministrativeExpenses": 0.0, "sellingAndMarketingExpenses": 0.0, "otherExpenses": 3443000000, "operatingExpenses": 3512000000, "costAndExpenses": 3867000000, "interestExpense": 317000000, "depreciationAndAmortization": 209000000, "ebitda": 946000000, "ebitdaratio": 0.2213383247543285, "operatingIncome": 737000000, "operatingIncomeRatio": 0.1724379971923257, "totalOtherIncomeExpensesNet": -18000000, "incomeBeforeTax": 254000000, "incomeBeforeTaxRatio": 0.05942910622367805, "incomeTaxExpense": 86000000, "netIncome": 168000000, "netIncomeRatio": 0.039307440336920914, "eps": 1.48, "epsdiluted": 1.48, "weightedAverageShsOut": 215540540, "weightedAverageShsOutDil": 215540540, "link": "https://www.sec.gov/Archives/edgar/data/277948/000095014405008055/0000950144-05-008055-index.htm", "finalLink": "https://www.sec.gov/Archives/edgar/data/277948/000095014405008055/g96581e10vq.htm"}, {"date": "2005-04-01", "symbol": "CSX", "fillingDate": "2005-05-04", "acceptedDate": "2005-05-04 10:59:57", "period": "Q1", "revenue": 0.0, "costOfRevenue": 0.0, "grossProfit": 0.0, "grossProfitRatio": 0.0, "researchAndDevelopmentExpenses": 0.0, "generalAndAdministrativeExpenses": 0.0, "sellingAndMarketingExpenses": 0.0, "otherExpenses": 46000000, "operatingExpenses": -23000000, "costAndExpenses": -23000000, "interestExpense": -93000000, "depreciationAndAmortization": 209000000, "ebitda": 257000000, "ebitdaratio": 0.0, "operatingIncome": 48000000, "operatingIncomeRatio": 0.0, "totalOtherIncomeExpensesNet": 46000000, "incomeBeforeTax": 143000000, "incomeBeforeTaxRatio": 0.0, "incomeTaxExpense": -8000000.0, "netIncome": 151000000, "netIncomeRatio": 0.0, "eps": 0.0, "epsdiluted": 0.0, "weightedAverageShsOut": 214358974, "weightedAverageShsOutDil": 214358974, "link": "https://www.sec.gov/Archives/edgar/data/277948/000095014405004821/0000950144-05-004821-index.htm", "finalLink": "https://www.sec.gov/Archives/edgar/data/277948/000095014405004821/g94918e10vq.htm"}, {"date": "2004-12-31", "symbol": "CSX", "fillingDate": "2005-03-08", "acceptedDate": "2005-03-08 12:19:38", "period": "FY", "revenue": 2044000000, "costOfRevenue": 0.0, "grossProfit": 2044000000, "grossProfitRatio": 1.0, "researchAndDevelopmentExpenses": 0.0, "generalAndAdministrativeExpenses": 0.0, "sellingAndMarketingExpenses": 0.0, "otherExpenses": 1760000000, "operatingExpenses": 1760000000, "costAndExpenses": 1760000000, "interestExpense": -112000000, "depreciationAndAmortization": 219000000, "ebitda": 503000000, "ebitdaratio": 0.24608610567514677, "operatingIncome": 284000000, "operatingIncomeRatio": 0.13894324853228962, "totalOtherIncomeExpensesNet": 55000000, "incomeBeforeTax": 227000000, "incomeBeforeTaxRatio": 0.11105675146771037, "incomeTaxExpense": 81000000, "netIncome": 146000000, "netIncomeRatio": 0.07142857142857142, "eps": 1.95, "epsdiluted": 1.95, "weightedAverageShsOut": 214358974, "weightedAverageShsOutDil": 214358974, "link": "https://www.sec.gov/Archives/edgar/data/277948/000095014405002216/0000950144-05-002216-index.htm", "finalLink": "https://www.sec.gov/Archives/edgar/data/277948/000095014405002216/g93458e10vk.htm"}, {"date": "2004-09-24", "symbol": "CSX", "fillingDate": "2004-11-03", "acceptedDate": "2004-11-03 14:34:31", "period": "Q3", "revenue": 1980000000, "costOfRevenue": 0.0, "grossProfit": 1980000000, "grossProfitRatio": 1.0, "researchAndDevelopmentExpenses": 0.0, "generalAndAdministrativeExpenses": 0.0, "sellingAndMarketingExpenses": 0.0, "otherExpenses": 1716000000, "operatingExpenses": 1716000000, "costAndExpenses": 1716000000, "interestExpense": -106000000, "depreciationAndAmortization": 179000000, "ebitda": 443000000, "ebitdaratio": 0.22373737373737373, "operatingIncome": 264000000, "operatingIncomeRatio": 0.13333333333333333, "totalOtherIncomeExpensesNet": 25000000, "incomeBeforeTax": 183000000, "incomeBeforeTaxRatio": 0.09242424242424242, "incomeTaxExpense": 60000000, "netIncome": 123000000, "netIncomeRatio": 0.06212121212121212, "eps": 1.27, "epsdiluted": 1.27, "weightedAverageShsOut": 214173228, "weightedAverageShsOutDil": 214173228, "link": "https://www.sec.gov/Archives/edgar/data/277948/000095014404010373/0000950144-04-010373-index.htm", "finalLink": "https://www.sec.gov/Archives/edgar/data/277948/000095014404010373/g91589e10vq.htm"}, {"date": "2004-06-25", "symbol": "CSX", "fillingDate": "2004-07-29", "acceptedDate": "2004-07-29 09:17:58", "period": "Q2", "revenue": 3996000000, "costOfRevenue": 0.0, "grossProfit": 3996000000, "grossProfitRatio": 1.0, "researchAndDevelopmentExpenses": 0.0, "generalAndAdministrativeExpenses": 0.0, "sellingAndMarketingExpenses": 0.0, "otherExpenses": 3554000000, "operatingExpenses": 3567000000, "costAndExpenses": 3567000000, "interestExpense": -120000000, "depreciationAndAmortization": 165000000, "ebitda": 594000000, "ebitdaratio": 0.14864864864864866, "operatingIncome": 429000000, "operatingIncomeRatio": 0.10735735735735735, "totalOtherIncomeExpensesNet": 2000000.0, "incomeBeforeTax": 223000000, "incomeBeforeTaxRatio": 0.055805805805805804, "incomeTaxExpense": 104000000, "netIncome": 119000000, "netIncomeRatio": 0.029779779779779778, "eps": 0.69, "epsdiluted": 0.69, "weightedAverageShsOut": 215942028, "weightedAverageShsOutDil": 215942028, "link": "https://www.sec.gov/Archives/edgar/data/277948/000095014404007416/0000950144-04-007416-index.htm", "finalLink": "https://www.sec.gov/Archives/edgar/data/277948/000095014404007416/g89976e10vq.htm"}, {"date": "2004-03-26", "symbol": "CSX", "fillingDate": "2004-04-30", "acceptedDate": "2004-04-30 12:12:30", "period": "Q1", "revenue": 0.0, "costOfRevenue": 0.0, "grossProfit": 0.0, "grossProfitRatio": 0.0, "researchAndDevelopmentExpenses": 0.0, "generalAndAdministrativeExpenses": 0.0, "sellingAndMarketingExpenses": 0.0, "otherExpenses": -10000000, "operatingExpenses": -23000000, "costAndExpenses": -23000000, "interestExpense": -97000000, "depreciationAndAmortization": 167000000, "ebitda": 190000000, "ebitdaratio": 0.0, "operatingIncome": 23000000, "operatingIncomeRatio": 0.0, "totalOtherIncomeExpensesNet": -10000000, "incomeBeforeTax": 4000000.0, "incomeBeforeTaxRatio": 0.0, "incomeTaxExpense": -26000000, "netIncome": 30000000, "netIncomeRatio": 0.0, "eps": 0.0, "epsdiluted": 0.0, "weightedAverageShsOut": 214772727, "weightedAverageShsOutDil": 214772727, "link": "https://www.sec.gov/Archives/edgar/data/277948/000095014404004650/0000950144-04-004650-index.htm", "finalLink": "https://www.sec.gov/Archives/edgar/data/277948/000095014404004650/g88821e10vq.htm"}, {"date": "2003-12-26", "symbol": "CSX", "fillingDate": "2004-03-10", "acceptedDate": "2004-03-10 16:05:16", "period": "FY", "revenue": 1953000000, "costOfRevenue": 0.0, "grossProfit": 1953000000, "grossProfitRatio": 1.0, "researchAndDevelopmentExpenses": 0.0, "generalAndAdministrativeExpenses": 0.0, "sellingAndMarketingExpenses": 0.0, "otherExpenses": 1691000000, "operatingExpenses": 1691000000, "costAndExpenses": 1691000000, "interestExpense": -107000000, "depreciationAndAmortization": 161000000, "ebitda": 423000000, "ebitdaratio": 0.21658986175115208, "operatingIncome": 262000000, "operatingIncomeRatio": 0.134152585765489, "totalOtherIncomeExpensesNet": 27000000, "incomeBeforeTax": 248000000, "incomeBeforeTaxRatio": 0.12698412698412698, "incomeTaxExpense": 59000000, "netIncome": 189000000, "netIncomeRatio": 0.0967741935483871, "eps": 0.88, "epsdiluted": 0.88, "weightedAverageShsOut": 214772727, "weightedAverageShsOutDil": 214772727, "link": "https://www.sec.gov/Archives/edgar/data/277948/000095014404002244/0000950144-04-002244-index.htm", "finalLink": "https://www.sec.gov/Archives/edgar/data/277948/000095014404002244/g87590e10vk.htm"}, {"date": "2003-09-26", "symbol": "CSX", "fillingDate": "2003-10-24", "acceptedDate": "2003-10-24 15:03:34", "period": "Q3", "revenue": 1882000000, "costOfRevenue": 0.0, "grossProfit": 1882000000, "grossProfitRatio": 1.0, "researchAndDevelopmentExpenses": 0.0, "generalAndAdministrativeExpenses": 0.0, "sellingAndMarketingExpenses": 0.0, "otherExpenses": 1980000000, "operatingExpenses": 1980000000, "costAndExpenses": 1980000000, "interestExpense": -103000000, "depreciationAndAmortization": 160000000, "ebitda": 62000000, "ebitdaratio": 0.03294367693942614, "operatingIncome": -98000000, "operatingIncomeRatio": -0.052072263549415514, "totalOtherIncomeExpensesNet": 21000000, "incomeBeforeTax": -246000000, "incomeBeforeTaxRatio": -0.13071200850159406, "incomeTaxExpense": -77000000, "netIncome": -169000000, "netIncomeRatio": -0.089798087141339, "eps": 0.31, "epsdiluted": 0.31, "weightedAverageShsOut": 213924050, "weightedAverageShsOutDil": 213924050, "link": "https://www.sec.gov/Archives/edgar/data/277948/000119312503066861/0001193125-03-066861-index.htm", "finalLink": "https://www.sec.gov/Archives/edgar/data/277948/000119312503066861/d10q.htm"}, {"date": "2003-06-27", "symbol": "CSX", "fillingDate": "2003-07-30", "acceptedDate": "2003-07-30 16:27:20", "period": "Q2", "revenue": 3958000000, "costOfRevenue": 0.0, "grossProfit": 3958000000, "grossProfitRatio": 1.0, "researchAndDevelopmentExpenses": 0.0, "generalAndAdministrativeExpenses": 0.0, "sellingAndMarketingExpenses": 0.0, "otherExpenses": 3351000000, "operatingExpenses": 3532000000, "costAndExpenses": 3532000000, "interestExpense": -117000000, "depreciationAndAmortization": 162000000, "ebitda": 588000000, "ebitdaratio": 0.14855987872662962, "operatingIncome": 426000000, "operatingIncomeRatio": 0.1076301162203133, "totalOtherIncomeExpensesNet": -136000000, "incomeBeforeTax": 282000000, "incomeBeforeTaxRatio": 0.07124810510358767, "incomeTaxExpense": 113000000, "netIncome": 169000000, "netIncomeRatio": 0.04269833249115715, "eps": 0.79, "epsdiluted": 0.79, "weightedAverageShsOut": 213924050, "weightedAverageShsOutDil": 213924050, "link": "https://www.sec.gov/Archives/edgar/data/277948/000119312503026402/0001193125-03-026402-index.htm", "finalLink": "https://www.sec.gov/Archives/edgar/data/277948/000119312503026402/d10q.htm"}, {"date": "2003-03-28", "symbol": "CSX", "fillingDate": "2003-04-30", "acceptedDate": "2003-04-30 16:59:47", "period": "Q1", "revenue": 0.0, "costOfRevenue": 0.0, "grossProfit": 0.0, "grossProfitRatio": 0.0, "researchAndDevelopmentExpenses": 0.0, "generalAndAdministrativeExpenses": 0.0, "sellingAndMarketingExpenses": 0.0, "otherExpenses": 145000000, "operatingExpenses": -36000000, "costAndExpenses": -36000000, "interestExpense": -91000000, "depreciationAndAmortization": 160000000, "ebitda": 196000000, "ebitdaratio": 0.0, "operatingIncome": 36000000, "operatingIncomeRatio": 0.0, "totalOtherIncomeExpensesNet": 145000000, "incomeBeforeTax": -19000000, "incomeBeforeTaxRatio": 0.0, "incomeTaxExpense": -19000000, "netIncome": 0.0, "netIncomeRatio": 0.0, "eps": 0.0, "epsdiluted": 0.0, "weightedAverageShsOut": 0.0, "weightedAverageShsOutDil": 0.0, "link": "https://www.sec.gov/Archives/edgar/data/277948/000091664103001210/0000916641-03-001210-index.htm", "finalLink": "https://www.sec.gov/Archives/edgar/data/277948/000091664103001210/d10q.htm"}, {"date": "2002-12-27", "symbol": "CSX", "fillingDate": "2003-02-26", "acceptedDate": "2003-02-26 12:21:53", "period": "FY", "revenue": 2000.0, "costOfRevenue": 0.0, "grossProfit": 2000.0, "grossProfitRatio": 1.0, "researchAndDevelopmentExpenses": 0.0, "generalAndAdministrativeExpenses": 0.0, "sellingAndMarketingExpenses": 0.0, "otherExpenses": 0.0, "operatingExpenses": -222000.0, "costAndExpenses": -222000.0, "interestExpense": -556000.0, "depreciationAndAmortization": -477000.0, "ebitda": -255000.0, "ebitdaratio": -127.5, "operatingIncome": 222000.0, "operatingIncomeRatio": 111.0, "totalOtherIncomeExpensesNet": 813000.0, "incomeBeforeTax": 479000.0, "incomeBeforeTaxRatio": 239.5, "incomeTaxExpense": -107000.0, "netIncome": 586000.0, "netIncomeRatio": 293.0, "eps": 0.0, "epsdiluted": 0.0, "weightedAverageShsOut": 212903.0, "weightedAverageShsOutDil": 212903.0, "link": "https://www.sec.gov/Archives/edgar/data/277948/000091664103000356/0000916641-03-000356-index.htm", "finalLink": "https://www.sec.gov/Archives/edgar/data/277948/000091664103000356/d10k.htm"}, {"date": "2002-09-27", "symbol": "CSX", "fillingDate": "2002-10-28", "acceptedDate": "2002-10-28 11:55:40", "period": "Q3", "revenue": 6092000000, "costOfRevenue": 0.0, "grossProfit": 6092000000, "grossProfitRatio": 1.0, "researchAndDevelopmentExpenses": 0.0, "generalAndAdministrativeExpenses": 0.0, "sellingAndMarketingExpenses": 0.0, "otherExpenses": 5066000000, "operatingExpenses": 5419000000, "costAndExpenses": 5419000000, "interestExpense": -135000000, "depreciationAndAmortization": 165000000, "ebitda": 838000000, "ebitdaratio": 0.13755745239658568, "operatingIncome": 673000000, "operatingIncomeRatio": 0.11047275114904793, "totalOtherIncomeExpensesNet": -176000000, "incomeBeforeTax": 362000000, "incomeBeforeTaxRatio": 0.05942219304005253, "incomeTaxExpense": 203000000, "netIncome": 159000000, "netIncomeRatio": 0.026099803020354563, "eps": 1.55, "epsdiluted": 1.55, "weightedAverageShsOut": 212903225, "weightedAverageShsOutDil": 212903225, "link": "https://www.sec.gov/Archives/edgar/data/277948/000091664102001687/0000916641-02-001687-index.htm", "finalLink": "https://www.sec.gov/Archives/edgar/data/277948/000091664102001687/d10q.htm"}]