[{"date": "2020-02-27", "symbol": "MU", "fillingDate": "2020-03-26", "acceptedDate": "2020-03-26 13:52:52", "period": "Q2", "revenue": 4797000000, "costOfRevenue": 3442000000, "grossProfit": 1355000000, "grossProfitRatio": 0.28246820929747757, "researchAndDevelopmentExpenses": 681000000, "generalAndAdministrativeExpenses": 223000000, "sellingAndMarketingExpenses": 0.0, "otherExpenses": 11000000, "operatingExpenses": 904000000, "costAndExpenses": 4346000000, "interestExpense": 46000000, "depreciationAndAmortization": 1371000000, "ebitda": 1811000000, "ebitdaratio": 0.37752762143, "operatingIncome": 440000000, "operatingIncomeRatio": 0.091723994163, "totalOtherIncomeExpensesNet": 11000000, "incomeBeforeTax": 427000000, "incomeBeforeTaxRatio": 0.0890139670627, "incomeTaxExpense": 21000000, "netIncome": 405000000, "netIncomeRatio": 0.0844277673546, "eps": 0.37, "epsdiluted": 0.36, "weightedAverageShsOut": 1109000000, "weightedAverageShsOutDil": 1131000000, "link": "https://www.sec.gov/Archives/edgar/data/723125/000072312520000034/0000723125-20-000034-index.htm", "finalLink": "https://www.sec.gov/Archives/edgar/data/723125/000072312520000034/mu-20200227.htm"}, {"date": "2019-11-28", "symbol": "MU", "fillingDate": "2019-12-20", "acceptedDate": "2019-12-20 12:21:53", "period": "Q1", "revenue": 5144000000, "costOfRevenue": 3778000000, "grossProfit": 1366000000, "grossProfitRatio": 0.265552099533437, "researchAndDevelopmentExpenses": 640000000, "generalAndAdministrativeExpenses": 211000000, "sellingAndMarketingExpenses": 0.0, "otherExpenses": -3000000.0, "operatingExpenses": 851000000, "costAndExpenses": 4629000000, "interestExpense": 47000000, "depreciationAndAmortization": 1306000000, "ebitda": 1824000000, "ebitdaratio": 0.354587869362, "operatingIncome": 518000000, "operatingIncomeRatio": 0.100699844479, "totalOtherIncomeExpensesNet": -3000000.0, "incomeBeforeTax": 561000000, "incomeBeforeTaxRatio": 0.109059097978, "incomeTaxExpense": 55000000, "netIncome": 491000000, "netIncomeRatio": 0.0954510108865, "eps": 0.44, "epsdiluted": 0.43, "weightedAverageShsOut": 1107000000, "weightedAverageShsOutDil": 1129000000, "link": "https://www.sec.gov/Archives/edgar/data/723125/000072312519000174/0000723125-19-000174-index.htm", "finalLink": "https://www.sec.gov/Archives/edgar/data/723125/000072312519000174/mu-20191128.htm"}, {"date": "2019-08-29", "symbol": "MU", "fillingDate": "2019-10-17", "acceptedDate": "2019-10-17 14:44:04", "period": "FY", "revenue": 4870000000, "costOfRevenue": 3475000000, "grossProfit": 1395000000, "grossProfitRatio": 0.2864476386036961, "researchAndDevelopmentExpenses": 623000000, "generalAndAdministrativeExpenses": 212000000, "sellingAndMarketingExpenses": 0.0, "otherExpenses": -90000000, "operatingExpenses": 835000000, "costAndExpenses": 4310000000, "interestExpense": 39000000, "depreciationAndAmortization": 1426000000, "ebitda": 2076000000, "ebitdaratio": 0.426283367556, "operatingIncome": 650000000, "operatingIncomeRatio": 0.133470225873, "totalOtherIncomeExpensesNet": -90000000, "incomeBeforeTax": 655000000, "incomeBeforeTaxRatio": 0.134496919918, "incomeTaxExpense": 71000000, "netIncome": 561000000, "netIncomeRatio": 0.115195071869, "eps": 0.52, "epsdiluted": 0.5, "weightedAverageShsOut": 1114000000, "weightedAverageShsOutDil": 1143000000, "link": "https://www.sec.gov/Archives/edgar/data/723125/000072312519000094/0000723125-19-000094-index.htm", "finalLink": "https://www.sec.gov/Archives/edgar/data/723125/000072312519000094/a2019q4.htm"}, {"date": "2019-05-30", "symbol": "MU", "fillingDate": "2019-06-26", "acceptedDate": "2019-06-26 16:00:55", "period": "Q3", "revenue": 4788000000, "costOfRevenue": 2960000000, "grossProfit": 1828000000, "grossProfitRatio": 0.3817878028404344, "researchAndDevelopmentExpenses": 606000000, "generalAndAdministrativeExpenses": 206000000, "sellingAndMarketingExpenses": 0.0, "otherExpenses": 6000000.0, "operatingExpenses": 812000000, "costAndExpenses": 3772000000, "interestExpense": 29000000, "depreciationAndAmortization": 1370000000, "ebitda": 2380000000, "ebitdaratio": 0.497076023392, "operatingIncome": 1010000000, "operatingIncomeRatio": 0.210944026734, "totalOtherIncomeExpensesNet": 6000000.0, "incomeBeforeTax": 716000000, "incomeBeforeTaxRatio": 0.149540517962, "incomeTaxExpense": 135000000, "netIncome": 840000000, "netIncomeRatio": 0.175438596491, "eps": 0.78, "epsdiluted": 0.77, "weightedAverageShsOut": 1117000000, "weightedAverageShsOutDil": 1148000000, "link": "https://www.sec.gov/Archives/edgar/data/723125/000072312519000035/0000723125-19-000035-index.htm", "finalLink": "https://www.sec.gov/Archives/edgar/data/723125/000072312519000035/a2019q3.htm"}, {"date": "2019-02-28", "symbol": "MU", "fillingDate": "2019-03-21", "acceptedDate": "2019-03-21 15:11:06", "period": "Q2", "revenue": 5835000000, "costOfRevenue": 2971000000, "grossProfit": 2864000000, "grossProfitRatio": 0.4908311910882605, "researchAndDevelopmentExpenses": 601000000, "generalAndAdministrativeExpenses": 209000000, "sellingAndMarketingExpenses": 0.0, "otherExpenses": 97000000, "operatingExpenses": 810000000, "costAndExpenses": 3781000000, "interestExpense": 27000000, "depreciationAndAmortization": 1324000000, "ebitda": 3281000000, "ebitdaratio": 0.562296486718, "operatingIncome": 1957000000, "operatingIncomeRatio": 0.335389888603, "totalOtherIncomeExpensesNet": 97000000, "incomeBeforeTax": 1904000000, "incomeBeforeTaxRatio": 0.326306769494, "incomeTaxExpense": 280000000, "netIncome": 1619000000, "netIncomeRatio": 0.277463581834, "eps": 1.46, "epsdiluted": 1.43, "weightedAverageShsOut": 1123000000, "weightedAverageShsOutDil": 1157000000, "link": "https://www.sec.gov/Archives/edgar/data/723125/000072312519000014/0000723125-19-000014-index.htm", "finalLink": "https://www.sec.gov/Archives/edgar/data/723125/000072312519000014/a2019q2.htm"}, {"date": "2018-11-29", "symbol": "MU", "fillingDate": "2018-12-19", "acceptedDate": "2018-12-19 10:49:25", "period": "Q1", "revenue": 7913000000, "costOfRevenue": 3298000000, "grossProfit": 4615000000, "grossProfitRatio": 0.5832174902059901, "researchAndDevelopmentExpenses": 611000000, "generalAndAdministrativeExpenses": 209000000, "sellingAndMarketingExpenses": 0.0, "otherExpenses": 36000000, "operatingExpenses": 820000000, "costAndExpenses": 4118000000, "interestExpense": 33000000, "depreciationAndAmortization": 1353000000, "ebitda": 5112000000, "ebitdaratio": 0.646025527613, "operatingIncome": 3759000000, "operatingIncomeRatio": 0.475041071654, "totalOtherIncomeExpensesNet": 36000000, "incomeBeforeTax": 3773000000, "incomeBeforeTaxRatio": 0.476810312145, "incomeTaxExpense": 477000000, "netIncome": 3293000000, "netIncomeRatio": 0.41615063819, "eps": 2.91, "epsdiluted": 2.81, "weightedAverageShsOut": 1133000000, "weightedAverageShsOutDil": 1174000000, "link": "https://www.sec.gov/Archives/edgar/data/723125/000072312518000156/0000723125-18-000156-index.htm", "finalLink": "https://www.sec.gov/Archives/edgar/data/723125/000072312518000156/a2019q1.htm"}, {"date": "2018-08-30", "symbol": "MU", "fillingDate": "2018-10-15", "acceptedDate": "2018-10-15 14:40:51", "period": "FY", "revenue": 8440000000, "costOfRevenue": 3289000000, "grossProfit": 5151000000, "grossProfitRatio": 0.6103080568720379, "researchAndDevelopmentExpenses": 567000000, "generalAndAdministrativeExpenses": 215000000, "sellingAndMarketingExpenses": 0.0, "otherExpenses": -8000000.0, "operatingExpenses": 782000000, "costAndExpenses": 4071000000, "interestExpense": 50000000, "depreciationAndAmortization": 1308000000, "ebitda": 5685000000, "ebitdaratio": 0.673578199052, "operatingIncome": 4377000000, "operatingIncomeRatio": 0.518601895735, "totalOtherIncomeExpensesNet": -8000000.0, "incomeBeforeTax": 4346000000, "incomeBeforeTaxRatio": 0.514928909953, "incomeTaxExpense": 20000000, "netIncome": 4325000000, "netIncomeRatio": 0.512440758294, "eps": 3.74, "epsdiluted": 3.55, "weightedAverageShsOut": 1152000000, "weightedAverageShsOutDil": 1229000000, "link": "https://www.sec.gov/Archives/edgar/data/723125/000072312518000092/0000723125-18-000092-index.htm", "finalLink": "https://www.sec.gov/Archives/edgar/data/723125/000072312518000092/a2018q4.htm"}, {"date": "2018-05-31", "symbol": "MU", "fillingDate": "2018-06-22", "acceptedDate": "2018-06-22 11:39:04", "period": "Q3", "revenue": 7797000000, "costOfRevenue": 3074000000, "grossProfit": 4723000000, "grossProfitRatio": 0.6057457996665384, "researchAndDevelopmentExpenses": 603000000, "generalAndAdministrativeExpenses": 211000000, "sellingAndMarketingExpenses": 0.0, "otherExpenses": -44000000, "operatingExpenses": 814000000, "costAndExpenses": 3888000000, "interestExpense": 80000000, "depreciationAndAmortization": 1256000000, "ebitda": 5209000000, "ebitdaratio": 0.668077465692, "operatingIncome": 3953000000, "operatingIncomeRatio": 0.506989867898, "totalOtherIncomeExpensesNet": -44000000, "incomeBeforeTax": 3716000000, "incomeBeforeTaxRatio": 0.476593561626, "incomeTaxExpense": 109000000, "netIncome": 3823000000, "netIncomeRatio": 0.490316788508, "eps": 3.3, "epsdiluted": 3.1, "weightedAverageShsOut": 1150000000, "weightedAverageShsOutDil": 1233000000, "link": "https://www.sec.gov/Archives/edgar/data/723125/000072312518000065/0000723125-18-000065-index.htm", "finalLink": "https://www.sec.gov/Archives/edgar/data/723125/000072312518000065/a2018q3.htm"}, {"date": "2018-03-01", "symbol": "MU", "fillingDate": "2018-03-23", "acceptedDate": "2018-03-23 14:52:31", "period": "Q2", "revenue": 7351000000, "costOfRevenue": 3081000000, "grossProfit": 4270000000, "grossProfitRatio": 0.580873350564549, "researchAndDevelopmentExpenses": 523000000, "generalAndAdministrativeExpenses": 196000000, "sellingAndMarketingExpenses": 0.0, "otherExpenses": -16000000, "operatingExpenses": 719000000, "costAndExpenses": 3800000000, "interestExpense": 88000000, "depreciationAndAmortization": 1177000000, "ebitda": 4744000000, "ebitdaratio": 0.645354373555, "operatingIncome": 3567000000, "operatingIncomeRatio": 0.485240103387, "totalOtherIncomeExpensesNet": -16000000, "incomeBeforeTax": 3453000000, "incomeBeforeTaxRatio": 0.46973200925, "incomeTaxExpense": 143000000, "netIncome": 3309000000, "netIncomeRatio": 0.450142837709, "eps": 2.87, "epsdiluted": 2.67, "weightedAverageShsOut": 1145000000, "weightedAverageShsOutDil": 1232000000, "link": "https://www.sec.gov/Archives/edgar/data/723125/000072312518000036/0000723125-18-000036-index.htm", "finalLink": "https://www.sec.gov/Archives/edgar/data/723125/000072312518000036/a2018q2.htm"}, {"date": "2017-11-30", "symbol": "MU", "fillingDate": "2017-12-20", "acceptedDate": "2017-12-20 14:56:35", "period": "Q1", "revenue": 6803000000, "costOfRevenue": 3056000000, "grossProfit": 3747000000, "grossProfitRatio": 0.550786417756872, "researchAndDevelopmentExpenses": 448000000, "generalAndAdministrativeExpenses": 191000000, "sellingAndMarketingExpenses": 0.0, "otherExpenses": 11000000, "operatingExpenses": 639000000, "costAndExpenses": 3695000000, "interestExpense": 124000000, "depreciationAndAmortization": 1119000000, "ebitda": 4216000000, "ebitdaratio": 0.61972659121, "operatingIncome": 3097000000, "operatingIncomeRatio": 0.455240335146, "totalOtherIncomeExpensesNet": 11000000, "incomeBeforeTax": 2792000000, "incomeBeforeTaxRatio": 0.410407173306, "incomeTaxExpense": 114000000, "netIncome": 2678000000, "netIncomeRatio": 0.393649860356, "eps": 2.36, "epsdiluted": 2.19, "weightedAverageShsOut": 1134000000, "weightedAverageShsOutDil": 1225000000, "link": "https://www.sec.gov/Archives/edgar/data/723125/000072312517000166/0000723125-17-000166-index.htm", "finalLink": "https://www.sec.gov/Archives/edgar/data/723125/000072312517000166/a2018q1.htm"}, {"date": "2017-08-31", "symbol": "MU", "fillingDate": "2017-10-26", "acceptedDate": "2017-10-26 12:51:41", "period": "FY", "revenue": 6138000000, "costOfRevenue": 3026000000, "grossProfit": 3112000000, "grossProfitRatio": 0.5070055392636038, "researchAndDevelopmentExpenses": 447000000, "generalAndAdministrativeExpenses": 193000000, "sellingAndMarketingExpenses": 0.0, "otherExpenses": -3000000.0, "operatingExpenses": 640000000, "costAndExpenses": 3666000000, "interestExpense": 148000000, "depreciationAndAmortization": 1098000000, "ebitda": 3600000000, "ebitdaratio": 0.58651026393, "operatingIncome": 2502000000, "operatingIncomeRatio": 0.407624633431, "totalOtherIncomeExpensesNet": -3000000.0, "incomeBeforeTax": 2321000000, "incomeBeforeTaxRatio": 0.378136200717, "incomeTaxExpense": 47000000, "netIncome": 2368000000, "netIncomeRatio": 0.385793418051, "eps": 2.15, "epsdiluted": 2.03, "weightedAverageShsOut": 1089000000, "weightedAverageShsOutDil": 1154000000, "link": "https://www.sec.gov/Archives/edgar/data/723125/000072312517000131/0000723125-17-000131-index.htm", "finalLink": "https://www.sec.gov/Archives/edgar/data/723125/000072312517000131/a2017q4.htm"}, {"date": "2017-06-01", "symbol": "MU", "fillingDate": "2017-06-30", "acceptedDate": "2017-06-30 11:51:53", "period": "Q3", "revenue": 5566000000, "costOfRevenue": 2957000000, "grossProfit": 2609000000, "grossProfitRatio": 0.4687387711103126, "researchAndDevelopmentExpenses": 434000000, "generalAndAdministrativeExpenses": 204000000, "sellingAndMarketingExpenses": 0.0, "otherExpenses": -4000000.0, "operatingExpenses": 638000000, "costAndExpenses": 3595000000, "interestExpense": 153000000, "depreciationAndAmortization": 1051000000, "ebitda": 3014000000, "ebitdaratio": 0.541501976285, "operatingIncome": 1963000000, "operatingIncomeRatio": 0.352676967301, "totalOtherIncomeExpensesNet": -4000000.0, "incomeBeforeTax": 1737000000, "incomeBeforeTaxRatio": 0.312073302192, "incomeTaxExpense": 92000000, "netIncome": 1647000000, "netIncomeRatio": 0.295903701042, "eps": 1.52, "epsdiluted": 1.43, "weightedAverageShsOut": 1082000000, "weightedAverageShsOutDil": 1142000000, "link": "https://www.sec.gov/Archives/edgar/data/723125/000072312517000085/0000723125-17-000085-index.htm", "finalLink": "https://www.sec.gov/Archives/edgar/data/723125/000072312517000085/a2017q3.htm"}, {"date": "2017-03-02", "symbol": "MU", "fillingDate": "2017-03-28", "acceptedDate": "2017-03-28 12:12:39", "period": "Q2", "revenue": 4648000000, "costOfRevenue": 2944000000, "grossProfit": 1704000000, "grossProfitRatio": 0.36660929432013767, "researchAndDevelopmentExpenses": 473000000, "generalAndAdministrativeExpenses": 187000000, "sellingAndMarketingExpenses": 0.0, "otherExpenses": -4000000.0, "operatingExpenses": 660000000, "costAndExpenses": 3604000000, "interestExpense": 161000000, "depreciationAndAmortization": 1034000000, "ebitda": 2078000000, "ebitdaratio": 0.447074010327, "operatingIncome": 1044000000, "operatingIncomeRatio": 0.224612736661, "totalOtherIncomeExpensesNet": -4000000.0, "incomeBeforeTax": 925000000, "incomeBeforeTaxRatio": 0.199010327022, "incomeTaxExpense": 38000000, "netIncome": 894000000, "netIncomeRatio": 0.192340791738, "eps": 0.83, "epsdiluted": 0.79, "weightedAverageShsOut": 1070000000, "weightedAverageShsOutDil": 1125000000, "link": "https://www.sec.gov/Archives/edgar/data/723125/000072312517000037/0000723125-17-000037-index.htm", "finalLink": "https://www.sec.gov/Archives/edgar/data/723125/000072312517000037/a2017q2.htm"}, {"date": "2016-12-01", "symbol": "MU", "fillingDate": "2017-01-09", "acceptedDate": "2017-01-09 12:12:32", "period": "Q1", "revenue": 3970000000, "costOfRevenue": 2959000000, "grossProfit": 1011000000, "grossProfitRatio": 0.25465994962216626, "researchAndDevelopmentExpenses": 470000000, "generalAndAdministrativeExpenses": 159000000, "sellingAndMarketingExpenses": 0.0, "otherExpenses": -6000000.0, "operatingExpenses": 629000000, "costAndExpenses": 3588000000, "interestExpense": 139000000, "depreciationAndAmortization": 803000000, "ebitda": 1162000000, "ebitdaratio": 0.292695214106, "operatingIncome": 359000000, "operatingIncomeRatio": 0.0904282115869, "totalOtherIncomeExpensesNet": -6000000.0, "incomeBeforeTax": 213000000, "incomeBeforeTaxRatio": 0.0536523929471, "incomeTaxExpense": 31000000, "netIncome": 180000000, "netIncomeRatio": 0.0453400503778, "eps": 0.17, "epsdiluted": 0.16, "weightedAverageShsOut": 1040000000, "weightedAverageShsOutDil": 1091000000, "link": "https://www.sec.gov/Archives/edgar/data/723125/000072312517000005/0000723125-17-000005-index.htm", "finalLink": "https://www.sec.gov/Archives/edgar/data/723125/000072312517000005/a2017q1.htm"}, {"date": "2016-09-01", "symbol": "MU", "fillingDate": "2016-10-28", "acceptedDate": "2016-10-28 13:49:01", "period": "FY", "revenue": 3217000000, "costOfRevenue": 2638000000, "grossProfit": 579000000, "grossProfitRatio": 0.1799813490829966, "researchAndDevelopmentExpenses": 411000000, "generalAndAdministrativeExpenses": 157000000, "sellingAndMarketingExpenses": 0.0, "otherExpenses": -24000000, "operatingExpenses": 568000000, "costAndExpenses": 3206000000, "interestExpense": 135000000, "depreciationAndAmortization": 746000000, "ebitda": 714000000, "ebitdaratio": 0.221945912341, "operatingIncome": -24000000, "operatingIncomeRatio": -0.007460366801367734, "totalOtherIncomeExpensesNet": -24000000, "incomeBeforeTax": -173000000, "incomeBeforeTaxRatio": -0.053776810693192414, "incomeTaxExpense": 3000000.0, "netIncome": -170000000, "netIncomeRatio": -0.052844264843021446, "eps": -0.17, "epsdiluted": -0.17, "weightedAverageShsOut": 1036000000, "weightedAverageShsOutDil": 1036000000, "link": "https://www.sec.gov/Archives/edgar/data/723125/000072312516000269/0000723125-16-000269-index.htm", "finalLink": "https://www.sec.gov/Archives/edgar/data/723125/000072312516000269/a2016q4.htm"}, {"date": "2016-06-02", "symbol": "MU", "fillingDate": "2016-07-06", "acceptedDate": "2016-07-06 14:02:03", "period": "Q3", "revenue": 2898000000, "costOfRevenue": 2400000000, "grossProfit": 498000000, "grossProfitRatio": 0.17184265010351968, "researchAndDevelopmentExpenses": 382000000, "generalAndAdministrativeExpenses": 148000000, "sellingAndMarketingExpenses": 0.0, "otherExpenses": -5000000.0, "operatingExpenses": 530000000, "costAndExpenses": 2930000000, "interestExpense": 109000000, "depreciationAndAmortization": 785000000, "ebitda": 758000000, "ebitdaratio": 0.261559696342, "operatingIncome": -5000000.0, "operatingIncomeRatio": -0.001725327812284334, "totalOtherIncomeExpensesNet": -5000000.0, "incomeBeforeTax": -230000000, "incomeBeforeTaxRatio": -0.07936507936507936, "incomeTaxExpense": 15000000, "netIncome": -215000000, "netIncomeRatio": -0.07418909592822637, "eps": -0.21, "epsdiluted": -0.2, "weightedAverageShsOut": 1035000000, "weightedAverageShsOutDil": 1035000000, "link": "https://www.sec.gov/Archives/edgar/data/723125/000072312516000201/0000723125-16-000201-index.htm", "finalLink": "https://www.sec.gov/Archives/edgar/data/723125/000072312516000201/a2016q3.htm"}, {"date": "2016-03-03", "symbol": "MU", "fillingDate": "2016-04-08", "acceptedDate": "2016-04-08 14:28:32", "period": "Q2", "revenue": 2934000000, "costOfRevenue": 2355000000, "grossProfit": 579000000, "grossProfitRatio": 0.19734151329243355, "researchAndDevelopmentExpenses": 403000000, "generalAndAdministrativeExpenses": 175000000, "sellingAndMarketingExpenses": 0.0, "otherExpenses": 6000000.0, "operatingExpenses": 578000000, "costAndExpenses": 2933000000, "interestExpense": 97000000, "depreciationAndAmortization": 805000000, "ebitda": 800000000, "ebitdaratio": 0.27266530334, "operatingIncome": 6000000.0, "operatingIncomeRatio": 0.002044989775051125, "totalOtherIncomeExpensesNet": 6000000.0, "incomeBeforeTax": -101000000, "incomeBeforeTaxRatio": -0.03442399454669393, "incomeTaxExpense": 5000000.0, "netIncome": -96000000, "netIncomeRatio": -0.032719836400818, "eps": -0.09, "epsdiluted": -0.09, "weightedAverageShsOut": 1035000000, "weightedAverageShsOutDil": 1072000000, "link": "https://www.sec.gov/Archives/edgar/data/723125/000072312516000176/0000723125-16-000176-index.htm", "finalLink": "https://www.sec.gov/Archives/edgar/data/723125/000072312516000176/a2016q2.htm"}, {"date": "2015-12-03", "symbol": "MU", "fillingDate": "2016-01-08", "acceptedDate": "2016-01-08 13:54:55", "period": "Q1", "revenue": 3350000000, "costOfRevenue": 2501000000, "grossProfit": 849000000, "grossProfitRatio": 0.25343283582089554, "researchAndDevelopmentExpenses": 421000000, "generalAndAdministrativeExpenses": 179000000, "sellingAndMarketingExpenses": 0.0, "otherExpenses": 17000000, "operatingExpenses": 600000000, "costAndExpenses": 3101000000, "interestExpense": 96000000, "depreciationAndAmortization": 770000000, "ebitda": 1002000000, "ebitdaratio": 0.299104477612, "operatingIncome": 232000000, "operatingIncomeRatio": 0.0692537313433, "totalOtherIncomeExpensesNet": 17000000, "incomeBeforeTax": 143000000, "incomeBeforeTaxRatio": 0.0426865671642, "incomeTaxExpense": 4000000.0, "netIncome": 206000000, "netIncomeRatio": 0.0614925373134, "eps": 0.2, "epsdiluted": 0.19, "weightedAverageShsOut": 1035000000, "weightedAverageShsOutDil": 1085000000, "link": "https://www.sec.gov/Archives/edgar/data/723125/000072312516000146/0000723125-16-000146-index.htm", "finalLink": "https://www.sec.gov/Archives/edgar/data/723125/000072312516000146/a2016q1.htm"}, {"date": "2015-09-03", "symbol": "MU", "fillingDate": "2015-10-27", "acceptedDate": "2015-10-27 15:37:39", "period": "FY", "revenue": 3600000000, "costOfRevenue": 2630000000, "grossProfit": 970000000, "grossProfitRatio": 0.26944444444444443, "researchAndDevelopmentExpenses": 379000000, "generalAndAdministrativeExpenses": 170000000, "sellingAndMarketingExpenses": 0.0, "otherExpenses": -9000000.0, "operatingExpenses": 549000000, "costAndExpenses": 3179000000, "interestExpense": 101000000, "depreciationAndAmortization": 743000000, "ebitda": 1170000000, "ebitdaratio": 0.325, "operatingIncome": 427000000, "operatingIncomeRatio": 0.118611111111, "totalOtherIncomeExpensesNet": -9000000.0, "incomeBeforeTax": 355000000, "incomeBeforeTaxRatio": 0.0986111111111, "incomeTaxExpense": 69000000, "netIncome": 471000000, "netIncomeRatio": 0.130833333333, "eps": 0.45, "epsdiluted": 0.42, "weightedAverageShsOut": 1070000000, "weightedAverageShsOutDil": 1170000000, "link": "https://www.sec.gov/Archives/edgar/data/723125/000072312515000112/0000723125-15-000112-index.htm", "finalLink": "https://www.sec.gov/Archives/edgar/data/723125/000072312515000112/a2015q4.htm"}, {"date": "2015-06-04", "symbol": "MU", "fillingDate": "2015-07-10", "acceptedDate": "2015-07-10 15:08:19", "period": "Q3", "revenue": 3853000000, "costOfRevenue": 2651000000, "grossProfit": 1202000000, "grossProfitRatio": 0.31196470282896444, "researchAndDevelopmentExpenses": 406000000, "generalAndAdministrativeExpenses": 169000000, "sellingAndMarketingExpenses": 0.0, "otherExpenses": -4000000.0, "operatingExpenses": 575000000, "costAndExpenses": 3226000000, "interestExpense": 97000000, "depreciationAndAmortization": 707000000, "ebitda": 1338000000, "ebitdaratio": 0.347261873865, "operatingIncome": 631000000, "operatingIncomeRatio": 0.163768492084, "totalOtherIncomeExpensesNet": -4000000.0, "incomeBeforeTax": 527000000, "incomeBeforeTaxRatio": 0.136776537763, "incomeTaxExpense": 104000000, "netIncome": 491000000, "netIncomeRatio": 0.127433168959, "eps": 0.45, "epsdiluted": 0.43, "weightedAverageShsOut": 1072000000, "weightedAverageShsOutDil": 1185000000, "link": "https://www.sec.gov/Archives/edgar/data/723125/000072312515000063/0000723125-15-000063-index.htm", "finalLink": "https://www.sec.gov/Archives/edgar/data/723125/000072312515000063/a2015q3.htm"}, {"date": "2015-03-05", "symbol": "MU", "fillingDate": "2015-04-10", "acceptedDate": "2015-04-10 14:11:37", "period": "Q2", "revenue": 4166000000, "costOfRevenue": 2761000000, "grossProfit": 1405000000, "grossProfitRatio": 0.3372539606337014, "researchAndDevelopmentExpenses": 379000000, "generalAndAdministrativeExpenses": 187000000, "sellingAndMarketingExpenses": 0.0, "otherExpenses": -16000000, "operatingExpenses": 566000000, "costAndExpenses": 3327000000, "interestExpense": 83000000, "depreciationAndAmortization": 674000000, "ebitda": 1529000000, "ebitdaratio": 0.367018722996, "operatingIncome": 855000000, "operatingIncomeRatio": 0.205232837254, "totalOtherIncomeExpensesNet": -16000000, "incomeBeforeTax": 746000000, "incomeBeforeTaxRatio": 0.179068650984, "incomeTaxExpense": 47000000, "netIncome": 934000000, "netIncomeRatio": 0.224195871339, "eps": 0.87, "epsdiluted": 0.78, "weightedAverageShsOut": 1072000000, "weightedAverageShsOutDil": 1193000000, "link": "https://www.sec.gov/Archives/edgar/data/723125/000072312515000039/0000723125-15-000039-index.htm", "finalLink": "https://www.sec.gov/Archives/edgar/data/723125/000072312515000039/a2015q2.htm"}, {"date": "2014-12-04", "symbol": "MU", "fillingDate": "2015-01-09", "acceptedDate": "2015-01-09 13:01:10", "period": "Q1", "revenue": 4573000000, "costOfRevenue": 2935000000, "grossProfit": 1638000000, "grossProfitRatio": 0.3581893724032364, "researchAndDevelopmentExpenses": 376000000, "generalAndAdministrativeExpenses": 193000000, "sellingAndMarketingExpenses": 0.0, "otherExpenses": -16000000, "operatingExpenses": 569000000, "costAndExpenses": 3504000000, "interestExpense": 90000000, "depreciationAndAmortization": 681000000, "ebitda": 1766000000, "ebitdaratio": 0.386179750711, "operatingIncome": 1085000000, "operatingIncomeRatio": 0.237262191122, "totalOtherIncomeExpensesNet": -16000000, "incomeBeforeTax": 981000000, "incomeBeforeTaxRatio": 0.214520008747, "incomeTaxExpense": 75000000, "netIncome": 1003000000, "netIncomeRatio": 0.219330855019, "eps": 0.94, "epsdiluted": 0.84, "weightedAverageShsOut": 1070000000, "weightedAverageShsOutDil": 1195000000, "link": "https://www.sec.gov/Archives/edgar/data/723125/000072312515000010/0000723125-15-000010-index.htm", "finalLink": "https://www.sec.gov/Archives/edgar/data/723125/000072312515000010/a2015q1.htm"}, {"date": "2014-08-28", "symbol": "MU", "fillingDate": "2014-10-27", "acceptedDate": "2014-10-27 16:21:54", "period": "FY", "revenue": 4227000000, "costOfRevenue": 2842000000, "grossProfit": 1385000000, "grossProfitRatio": 0.32765554766974214, "researchAndDevelopmentExpenses": 358000000, "generalAndAdministrativeExpenses": 180000000, "sellingAndMarketingExpenses": 0.0, "otherExpenses": -3000000.0, "operatingExpenses": 538000000, "costAndExpenses": 3380000000, "interestExpense": 88000000, "depreciationAndAmortization": 590000000, "ebitda": 1418000000, "ebitdaratio": 0.335462502957, "operatingIncome": 828000000, "operatingIncomeRatio": 0.195883605394, "totalOtherIncomeExpensesNet": -3000000.0, "incomeBeforeTax": 1163000000, "incomeBeforeTaxRatio": 0.275136030282, "incomeTaxExpense": 87000000, "netIncome": 1150000000, "netIncomeRatio": 0.272060563047, "eps": 1.08, "epsdiluted": 0.96, "weightedAverageShsOut": 1060000000, "weightedAverageShsOutDil": 1198000000, "link": "https://www.sec.gov/Archives/edgar/data/723125/000072312514000195/0000723125-14-000195-index.htm", "finalLink": "https://www.sec.gov/Archives/edgar/data/723125/000072312514000195/a2014q4.htm"}, {"date": "2014-05-29", "symbol": "MU", "fillingDate": "2014-07-03", "acceptedDate": "2014-07-03 13:38:01", "period": "Q3", "revenue": 3982000000, "costOfRevenue": 2614000000, "grossProfit": 1368000000, "grossProfitRatio": 0.34354595680562533, "researchAndDevelopmentExpenses": 349000000, "generalAndAdministrativeExpenses": 174000000, "sellingAndMarketingExpenses": 0.0, "otherExpenses": -3000000.0, "operatingExpenses": 523000000, "costAndExpenses": 3137000000, "interestExpense": 80000000, "depreciationAndAmortization": 578000000, "ebitda": 1417000000, "ebitdaratio": 0.355851330989, "operatingIncome": 839000000, "operatingIncomeRatio": 0.210698141637, "totalOtherIncomeExpensesNet": -3000000.0, "incomeBeforeTax": 791000000, "incomeBeforeTaxRatio": 0.198643897539, "incomeTaxExpense": 72000000, "netIncome": 806000000, "netIncomeRatio": 0.20241084882, "eps": 0.76, "epsdiluted": 0.67, "weightedAverageShsOut": 1058000000, "weightedAverageShsOutDil": 1196000000, "link": "https://www.sec.gov/Archives/edgar/data/723125/000072312514000120/0000723125-14-000120-index.htm", "finalLink": "https://www.sec.gov/Archives/edgar/data/723125/000072312514000120/a2014q3.htm"}, {"date": "2014-02-27", "symbol": "MU", "fillingDate": "2014-04-07", "acceptedDate": "2014-04-07 16:04:13", "period": "Q2", "revenue": 4107000000, "costOfRevenue": 2704000000, "grossProfit": 1403000000, "grossProfitRatio": 0.3416118821524227, "researchAndDevelopmentExpenses": 344000000, "generalAndAdministrativeExpenses": 177000000, "sellingAndMarketingExpenses": 0.0, "otherExpenses": 1000000.0, "operatingExpenses": 521000000, "costAndExpenses": 3225000000, "interestExpense": 83000000, "depreciationAndAmortization": 561000000, "ebitda": 1430000000, "ebitdaratio": 0.348186023862, "operatingIncome": 869000000, "operatingIncomeRatio": 0.211589968347, "totalOtherIncomeExpensesNet": 1000000.0, "incomeBeforeTax": 732000000, "incomeBeforeTaxRatio": 0.17823228634, "incomeTaxExpense": 63000000, "netIncome": 731000000, "netIncomeRatio": 0.17798879961, "eps": 0.69, "epsdiluted": 0.61, "weightedAverageShsOut": 1053000000, "weightedAverageShsOutDil": 1199000000, "link": "https://www.sec.gov/Archives/edgar/data/723125/000072312514000068/0000723125-14-000068-index.htm", "finalLink": "https://www.sec.gov/Archives/edgar/data/723125/000072312514000068/a2014q2.htm"}, {"date": "2013-11-28", "symbol": "MU", "fillingDate": "2014-01-07", "acceptedDate": "2014-01-07 16:13:09", "period": "Q1", "revenue": 4042000000, "costOfRevenue": 2761000000, "grossProfit": 1281000000, "grossProfitRatio": 0.3169223156853043, "researchAndDevelopmentExpenses": 320000000, "generalAndAdministrativeExpenses": 176000000, "sellingAndMarketingExpenses": 0.0, "otherExpenses": 237000000, "operatingExpenses": 496000000, "costAndExpenses": 3257000000, "interestExpense": 101000000, "depreciationAndAmortization": 541000000, "ebitda": 1092000000, "ebitdaratio": 0.270163285502, "operatingIncome": 551000000, "operatingIncomeRatio": 0.136318654132, "totalOtherIncomeExpensesNet": 237000000, "incomeBeforeTax": 386000000, "incomeBeforeTaxRatio": 0.095497278575, "incomeTaxExpense": 80000000, "netIncome": 358000000, "netIncomeRatio": 0.0885700148441, "eps": 0.34, "epsdiluted": 0.3, "weightedAverageShsOut": 1046000000, "weightedAverageShsOutDil": 1196000000, "link": "https://www.sec.gov/Archives/edgar/data/723125/000072312514000013/0000723125-14-000013-index.htm", "finalLink": "https://www.sec.gov/Archives/edgar/data/723125/000072312514000013/a2014q1.htm"}, {"date": "2013-08-29", "symbol": "MU", "fillingDate": "2013-10-28", "acceptedDate": "2013-10-28 16:39:35", "period": "FY", "revenue": 2843000000, "costOfRevenue": 2135000000, "grossProfit": 708000000, "grossProfitRatio": 0.24903271192402393, "researchAndDevelopmentExpenses": 267000000, "generalAndAdministrativeExpenses": 193000000, "sellingAndMarketingExpenses": 0.0, "otherExpenses": 9000000.0, "operatingExpenses": 460000000, "costAndExpenses": 2595000000, "interestExpense": 64000000, "depreciationAndAmortization": 486000000, "ebitda": 693000000, "ebitdaratio": 0.243756595146, "operatingIncome": 207000000, "operatingIncomeRatio": 0.0728104115371, "totalOtherIncomeExpensesNet": 9000000.0, "incomeBeforeTax": 1571000000, "incomeBeforeTaxRatio": 0.552585297221, "incomeTaxExpense": 5000000.0, "netIncome": 1708000000, "netIncomeRatio": 0.600773830461, "eps": 1.67, "epsdiluted": 1.64, "weightedAverageShsOut": 1021700000, "weightedAverageShsOutDil": 1056300000, "link": "https://www.sec.gov/Archives/edgar/data/723125/000072312513000228/0000723125-13-000228-index.htm", "finalLink": "https://www.sec.gov/Archives/edgar/data/723125/000072312513000228/a2013q4.htm"}, {"date": "2013-05-30", "symbol": "MU", "fillingDate": "2013-07-08", "acceptedDate": "2013-07-08 16:38:44", "period": "Q3", "revenue": 2318000000, "costOfRevenue": 1762000000, "grossProfit": 556000000, "grossProfitRatio": 0.23986194995685936, "researchAndDevelopmentExpenses": 226000000, "generalAndAdministrativeExpenses": 127000000, "sellingAndMarketingExpenses": 0.0, "otherExpenses": -40000000, "operatingExpenses": 353000000, "costAndExpenses": 2115000000, "interestExpense": 54000000, "depreciationAndAmortization": 470000000, "ebitda": 619000000, "ebitdaratio": 0.2670405522, "operatingIncome": 149000000, "operatingIncomeRatio": 0.0642795513374, "totalOtherIncomeExpensesNet": -40000000, "incomeBeforeTax": 52000000, "incomeBeforeTaxRatio": 0.0224331320104, "incomeTaxExpense": 1000000.0, "netIncome": 43000000, "netIncomeRatio": 0.018550474547, "eps": 0.04, "epsdiluted": 0.04, "weightedAverageShsOut": 1017900000, "weightedAverageShsOutDil": 1017900000, "link": "https://www.sec.gov/Archives/edgar/data/723125/000072312513000108/0000723125-13-000108-index.htm", "finalLink": "https://www.sec.gov/Archives/edgar/data/723125/000072312513000108/a2013q3.htm"}, {"date": "2013-02-28", "symbol": "MU", "fillingDate": "2013-04-08", "acceptedDate": "2013-04-08 16:34:38", "period": "Q2", "revenue": 2078000000, "costOfRevenue": 1712000000, "grossProfit": 366000000, "grossProfitRatio": 0.17613089509143406, "researchAndDevelopmentExpenses": 214000000, "generalAndAdministrativeExpenses": 123000000, "sellingAndMarketingExpenses": 0.0, "otherExpenses": -8000000.0, "operatingExpenses": 337000000, "costAndExpenses": 2049000000, "interestExpense": 56000000, "depreciationAndAmortization": 485000000, "ebitda": 522000000, "ebitdaratio": 0.251203079885, "operatingIncome": 37000000, "operatingIncomeRatio": 0.0178055822907, "totalOtherIncomeExpensesNet": -8000000.0, "incomeBeforeTax": -275000000, "incomeBeforeTaxRatio": -0.1323387872954764, "incomeTaxExpense": 9000000.0, "netIncome": -284000000, "netIncomeRatio": -0.136669874879692, "eps": -0.28, "epsdiluted": -0.28, "weightedAverageShsOut": 1014900000, "weightedAverageShsOutDil": 1014900000, "link": "https://www.sec.gov/Archives/edgar/data/723125/000072312513000042/0000723125-13-000042-index.htm", "finalLink": "https://www.sec.gov/Archives/edgar/data/723125/000072312513000042/a2013q2.htm"}, {"date": "2012-11-29", "symbol": "MU", "fillingDate": "2013-01-07", "acceptedDate": "2013-01-07 17:06:33", "period": "Q1", "revenue": 1834000000, "costOfRevenue": 1617000000, "grossProfit": 217000000, "grossProfitRatio": 0.1183206106870229, "researchAndDevelopmentExpenses": 224000000, "generalAndAdministrativeExpenses": 119000000, "sellingAndMarketingExpenses": 0.0, "otherExpenses": 31000000, "operatingExpenses": 343000000, "costAndExpenses": 1960000000, "interestExpense": 57000000, "depreciationAndAmortization": 485000000, "ebitda": 328000000, "ebitdaratio": 0.178844056707, "operatingIncome": 31000000, "operatingIncomeRatio": 0.016902944383860415, "totalOtherIncomeExpensesNet": 31000000, "incomeBeforeTax": -288000000, "incomeBeforeTaxRatio": -0.15703380588876772, "incomeTaxExpense": 13000000, "netIncome": -275000000, "netIncomeRatio": -0.1499454743729553, "eps": -0.27, "epsdiluted": -0.27, "weightedAverageShsOut": 1013700000, "weightedAverageShsOutDil": 1013700000, "link": "https://www.sec.gov/Archives/edgar/data/723125/000072312513000007/0000723125-13-000007-index.htm", "finalLink": "https://www.sec.gov/Archives/edgar/data/723125/000072312513000007/a2013q1.htm"}, {"date": "2012-08-30", "symbol": "MU", "fillingDate": "2012-10-29", "acceptedDate": "2012-10-29 16:49:33", "period": "FY", "revenue": 1963000000, "costOfRevenue": 1744000000, "grossProfit": 219000000, "grossProfitRatio": 0.11156393275598574, "researchAndDevelopmentExpenses": 235000000, "generalAndAdministrativeExpenses": 139000000, "sellingAndMarketingExpenses": 0.0, "otherExpenses": -15000000, "operatingExpenses": 374000000, "costAndExpenses": 2118000000, "interestExpense": 53000000, "depreciationAndAmortization": 509000000, "ebitda": 369000000, "ebitdaratio": 0.187977585329, "operatingIncome": -15000000, "operatingIncomeRatio": -0.007641365257259297, "totalOtherIncomeExpensesNet": -15000000, "incomeBeforeTax": -256000000, "incomeBeforeTaxRatio": -0.130412633723892, "incomeTaxExpense": 14000000, "netIncome": -242000000, "netIncomeRatio": -0.12328069281711666, "eps": -0.24, "epsdiluted": -0.24, "weightedAverageShsOut": 991200000, "weightedAverageShsOutDil": 991200000, "link": "https://www.sec.gov/Archives/edgar/data/723125/000072312512000156/0000723125-12-000156-index.htm", "finalLink": "https://www.sec.gov/Archives/edgar/data/723125/000072312512000156/a2012q4.htm"}, {"date": "2012-05-31", "symbol": "MU", "fillingDate": "2012-07-09", "acceptedDate": "2012-07-09 16:11:10", "period": "Q3", "revenue": 2172000000, "costOfRevenue": 1938000000, "grossProfit": 234000000, "grossProfitRatio": 0.10773480662983426, "researchAndDevelopmentExpenses": 231000000, "generalAndAdministrativeExpenses": 156000000, "sellingAndMarketingExpenses": 0.0, "otherExpenses": 38000000, "operatingExpenses": 387000000, "costAndExpenses": 2325000000, "interestExpense": 56000000, "depreciationAndAmortization": 546000000, "ebitda": 355000000, "ebitdaratio": 0.163443830571, "operatingIncome": 38000000, "operatingIncomeRatio": 0.017495395948434623, "totalOtherIncomeExpensesNet": 38000000, "incomeBeforeTax": -282000000, "incomeBeforeTaxRatio": -0.1298342541436464, "incomeTaxExpense": 38000000, "netIncome": -320000000, "netIncomeRatio": -0.14732965009208104, "eps": -0.32, "epsdiluted": -0.32, "weightedAverageShsOut": 983900000, "weightedAverageShsOutDil": 983900000, "link": "https://www.sec.gov/Archives/edgar/data/723125/000072312512000084/0000723125-12-000084-index.htm", "finalLink": "https://www.sec.gov/Archives/edgar/data/723125/000072312512000084/a2012q3.htm"}, {"date": "2012-03-01", "symbol": "MU", "fillingDate": "2012-04-09", "acceptedDate": "2012-04-09 16:07:05", "period": "Q2", "revenue": 2009000000, "costOfRevenue": 1799000000, "grossProfit": 210000000, "grossProfitRatio": 0.10452961672473868, "researchAndDevelopmentExpenses": 222000000, "generalAndAdministrativeExpenses": 174000000, "sellingAndMarketingExpenses": 0.0, "otherExpenses": 19000000, "operatingExpenses": 396000000, "costAndExpenses": 2195000000, "interestExpense": 35000000, "depreciationAndAmortization": 586000000, "ebitda": 381000000, "ebitdaratio": 0.189646590343, "operatingIncome": 19000000, "operatingIncomeRatio": 0.009457441513190641, "totalOtherIncomeExpensesNet": 19000000, "incomeBeforeTax": -291000000, "incomeBeforeTaxRatio": -0.1448481831757093, "incomeTaxExpense": 9000000.0, "netIncome": -282000000, "netIncomeRatio": -0.14036834245893479, "eps": -0.29, "epsdiluted": -0.29, "weightedAverageShsOut": 982100000, "weightedAverageShsOutDil": 982100000, "link": "https://www.sec.gov/Archives/edgar/data/723125/000072312512000057/0000723125-12-000057-index.htm", "finalLink": "https://www.sec.gov/Archives/edgar/data/723125/000072312512000057/a2012q2.htm"}, {"date": "2011-12-01", "symbol": "MU", "fillingDate": "2012-01-10", "acceptedDate": "2012-01-10 14:20:23", "period": "Q1", "revenue": 2090000000, "costOfRevenue": 1785000000, "grossProfit": 305000000, "grossProfitRatio": 0.145933014354067, "researchAndDevelopmentExpenses": 230000000, "generalAndAdministrativeExpenses": 151000000, "sellingAndMarketingExpenses": 0.0, "otherExpenses": 6000000.0, "operatingExpenses": 381000000, "costAndExpenses": 2166000000, "interestExpense": 35000000, "depreciationAndAmortization": 581000000, "ebitda": 499000000, "ebitdaratio": 0.238755980861, "operatingIncome": 6000000.0, "operatingIncomeRatio": 0.0028708133971291866, "totalOtherIncomeExpensesNet": 6000000.0, "incomeBeforeTax": -185000000, "incomeBeforeTaxRatio": -0.08851674641148326, "incomeTaxExpense": 2000000.0, "netIncome": -187000000, "netIncomeRatio": -0.08947368421052632, "eps": -0.19, "epsdiluted": -0.19, "weightedAverageShsOut": 981400000, "weightedAverageShsOutDil": 981400000, "link": "https://www.sec.gov/Archives/edgar/data/723125/000072312512000007/0000723125-12-000007-index.htm", "finalLink": "https://www.sec.gov/Archives/edgar/data/723125/000072312512000007/a2012q1.htm"}, {"date": "2011-09-01", "symbol": "MU", "fillingDate": "2011-10-25", "acceptedDate": "2011-10-25 15:34:34", "period": "FY", "revenue": 2140000000, "costOfRevenue": 1819000000, "grossProfit": 321000000, "grossProfitRatio": 0.15, "researchAndDevelopmentExpenses": 209000000, "generalAndAdministrativeExpenses": 155000000, "sellingAndMarketingExpenses": 0.0, "otherExpenses": 8000000.0, "operatingExpenses": 364000000, "costAndExpenses": 2183000000, "interestExpense": 30000000, "depreciationAndAmortization": 570000000, "ebitda": 519000000, "ebitdaratio": 0.242523364486, "operatingIncome": 8000000.0, "operatingIncomeRatio": 0.003738317757009346, "totalOtherIncomeExpensesNet": 8000000.0, "incomeBeforeTax": -150000000, "incomeBeforeTaxRatio": -0.07009345794392523, "incomeTaxExpense": 16000000, "netIncome": -134000000, "netIncomeRatio": -0.06261682242990654, "eps": -0.14, "epsdiluted": -0.13, "weightedAverageShsOut": 988000000, "weightedAverageShsOutDil": 1007500000, "link": "https://www.sec.gov/Archives/edgar/data/723125/000072312511000189/0000723125-11-000189-index.htm", "finalLink": "https://www.sec.gov/Archives/edgar/data/723125/000072312511000189/mu-912011x10k.htm"}, {"date": "2011-06-02", "symbol": "MU", "fillingDate": "2011-07-12", "acceptedDate": "2011-07-12 15:12:41", "period": "Q3", "revenue": 2139000000, "costOfRevenue": 1661000000, "grossProfit": 478000000, "grossProfitRatio": 0.22346891070593736, "researchAndDevelopmentExpenses": 211000000, "generalAndAdministrativeExpenses": 151000000, "sellingAndMarketingExpenses": 0.0, "otherExpenses": -121000000, "operatingExpenses": 362000000, "costAndExpenses": 2023000000, "interestExpense": 28000000, "depreciationAndAmortization": 559000000, "ebitda": 796000000, "ebitdaratio": 0.372136512389, "operatingIncome": 237000000, "operatingIncomeRatio": 0.11079943899, "totalOtherIncomeExpensesNet": -121000000, "incomeBeforeTax": 225000000, "incomeBeforeTaxRatio": 0.105189340813, "incomeTaxExpense": 104000000, "netIncome": 75000000, "netIncomeRatio": 0.0350631136045, "eps": 0.08, "epsdiluted": 0.08, "weightedAverageShsOut": 986600000, "weightedAverageShsOutDil": 1036900000, "link": "https://www.sec.gov/Archives/edgar/data/723125/000072312511000122/0000723125-11-000122-index.htm", "finalLink": "https://www.sec.gov/Archives/edgar/data/723125/000072312511000122/mu-622011x10q.htm"}, {"date": "2011-03-03", "symbol": "MU", "fillingDate": "2011-04-12", "acceptedDate": "2011-04-12 16:55:00", "period": "Q2", "revenue": 2257000000, "costOfRevenue": 1822000000, "grossProfit": 435000000, "grossProfitRatio": 0.19273371732388125, "researchAndDevelopmentExpenses": 186000000, "generalAndAdministrativeExpenses": 146000000, "sellingAndMarketingExpenses": 0.0, "otherExpenses": -76000000, "operatingExpenses": 332000000, "costAndExpenses": 2154000000, "interestExpense": 28000000, "depreciationAndAmortization": 516000000, "ebitda": 677000000, "ebitdaratio": 0.299955693398, "operatingIncome": 161000000, "operatingIncomeRatio": 0.0713336287107, "totalOtherIncomeExpensesNet": -76000000, "incomeBeforeTax": 158000000, "incomeBeforeTaxRatio": 0.0700044306602, "incomeTaxExpense": 35000000, "netIncome": 72000000, "netIncomeRatio": 0.0319007532122, "eps": 0.07, "epsdiluted": 0.07, "weightedAverageShsOut": 980500000, "weightedAverageShsOutDil": 1034500000, "link": "https://www.sec.gov/Archives/edgar/data/723125/000072312511000085/0000723125-11-000085-index.htm", "finalLink": "https://www.sec.gov/Archives/edgar/data/723125/000072312511000085/q2-10q_fy11.htm"}, {"date": "2010-12-02", "symbol": "MU", "fillingDate": "2011-01-11", "acceptedDate": "2011-01-11 15:26:05", "period": "Q1", "revenue": 2252000000, "costOfRevenue": 1728000000, "grossProfit": 524000000, "grossProfitRatio": 0.23268206039076378, "researchAndDevelopmentExpenses": 185000000, "generalAndAdministrativeExpenses": 140000000, "sellingAndMarketingExpenses": 0.0, "otherExpenses": -191000000, "operatingExpenses": 325000000, "costAndExpenses": 2053000000, "interestExpense": 38000000, "depreciationAndAmortization": 517000000, "ebitda": 925000000, "ebitdaratio": 0.410746003552, "operatingIncome": 408000000, "operatingIncomeRatio": 0.181172291297, "totalOtherIncomeExpensesNet": -191000000, "incomeBeforeTax": 246000000, "incomeBeforeTaxRatio": 0.109236234458, "incomeTaxExpense": 48000000, "netIncome": 155000000, "netIncomeRatio": 0.0688277087034, "eps": 0.16, "epsdiluted": 0.15, "weightedAverageShsOut": 972900000, "weightedAverageShsOutDil": 1031300000, "link": "https://www.sec.gov/Archives/edgar/data/723125/000072312511000037/0000723125-11-000037-index.htm", "finalLink": "https://www.sec.gov/Archives/edgar/data/723125/000072312511000037/q1-10q_fy11.htm"}, {"date": "2010-09-02", "symbol": "MU", "fillingDate": "2010-10-26", "acceptedDate": "2010-10-26 13:57:47", "period": "FY", "revenue": 2493000000, "costOfRevenue": 1712000000, "grossProfit": 781000000, "grossProfitRatio": 0.31327717609306055, "researchAndDevelopmentExpenses": 197000000, "generalAndAdministrativeExpenses": 141000000, "sellingAndMarketingExpenses": 0.0, "otherExpenses": 13000000, "operatingExpenses": -2000000.0, "costAndExpenses": 1710000000, "interestExpense": 41000000, "depreciationAndAmortization": -1474000000, "ebitda": -1461000000, "ebitdaratio": -0.5860409145607701, "operatingIncome": 13000000, "operatingIncomeRatio": 0.005214600882470918, "totalOtherIncomeExpensesNet": 13000000, "incomeBeforeTax": 334000000, "incomeBeforeTaxRatio": 0.13397513036502207, "incomeTaxExpense": -25000000, "netIncome": 359000000, "netIncomeRatio": 0.14400320898515845, "eps": 2.09, "epsdiluted": 1.85, "weightedAverageShsOut": 887000000, "weightedAverageShsOutDil": 1050000000, "link": "https://www.sec.gov/Archives/edgar/data/723125/000072312510000174/0000723125-10-000174-index.htm", "finalLink": "https://www.sec.gov/Archives/edgar/data/723125/000072312510000174/q4fy2010.htm"}, {"date": "2010-06-03", "symbol": "MU", "fillingDate": "2010-07-13", "acceptedDate": "2010-07-13 16:15:15", "period": "Q3", "revenue": 2288000000, "costOfRevenue": 1440000000, "grossProfit": 848000000, "grossProfitRatio": 0.3706293706293706, "researchAndDevelopmentExpenses": 142000000, "generalAndAdministrativeExpenses": 190000000, "sellingAndMarketingExpenses": 0.0, "otherExpenses": -19000000, "operatingExpenses": 1000000.0, "costAndExpenses": 1441000000, "interestExpense": 44000000, "depreciationAndAmortization": 497000000, "ebitda": 478000000, "ebitdaratio": 0.2089160839160839, "operatingIncome": -19000000, "operatingIncomeRatio": -0.008304195804195804, "totalOtherIncomeExpensesNet": -19000000, "incomeBeforeTax": 1001000000, "incomeBeforeTaxRatio": 0.4375, "incomeTaxExpense": 41000000, "netIncome": 960000000, "netIncomeRatio": 0.4195804195804196, "eps": 1.75, "epsdiluted": 1.55, "weightedAverageShsOut": 860000000, "weightedAverageShsOutDil": 1019000000, "link": "https://www.sec.gov/Archives/edgar/data/723125/000072312510000091/0000723125-10-000091-index.htm", "finalLink": "https://www.sec.gov/Archives/edgar/data/723125/000072312510000091/q3-fy2010.htm"}, {"date": "2010-03-04", "symbol": "MU", "fillingDate": "2010-04-09", "acceptedDate": "2010-04-09 16:32:25", "period": "Q2", "revenue": 1961000000, "costOfRevenue": 1319000000, "grossProfit": 642000000, "grossProfitRatio": 0.32738398776134625, "researchAndDevelopmentExpenses": 148000000, "generalAndAdministrativeExpenses": 100000000, "sellingAndMarketingExpenses": 0.0, "otherExpenses": -20000000, "operatingExpenses": -1000000.0, "costAndExpenses": 1318000000, "interestExpense": 46000000, "depreciationAndAmortization": 486000000, "ebitda": 466000000, "ebitdaratio": 0.2376338602753697, "operatingIncome": -20000000, "operatingIncomeRatio": -0.010198878123406425, "totalOtherIncomeExpensesNet": -20000000, "incomeBeforeTax": 375000000, "incomeBeforeTaxRatio": 0.19122896481387047, "incomeTaxExpense": -4000000.0, "netIncome": 379000000, "netIncomeRatio": 0.19326874043855177, "eps": 0.67, "epsdiluted": 0.61, "weightedAverageShsOut": 847000000, "weightedAverageShsOutDil": 1003000000, "link": "https://www.sec.gov/Archives/edgar/data/723125/000072312510000050/0000723125-10-000050-index.htm", "finalLink": "https://www.sec.gov/Archives/edgar/data/723125/000072312510000050/q2fy10_10-q.htm"}, {"date": "2009-12-03", "symbol": "MU", "fillingDate": "2010-01-12", "acceptedDate": "2010-01-12 14:40:38", "period": "Q1", "revenue": 1740000000, "costOfRevenue": 1297000000, "grossProfit": 443000000, "grossProfitRatio": 0.2545977011494253, "researchAndDevelopmentExpenses": 137000000, "generalAndAdministrativeExpenses": 97000000, "sellingAndMarketingExpenses": 0.0, "otherExpenses": 9000000.0, "operatingExpenses": 56000000, "costAndExpenses": 1353000000, "interestExpense": 47000000, "depreciationAndAmortization": 491000000, "ebitda": 500000000, "ebitdaratio": 0.28735632183908044, "operatingIncome": 9000000.0, "operatingIncomeRatio": 0.005172413793103448, "totalOtherIncomeExpensesNet": 9000000.0, "incomeBeforeTax": 209000000, "incomeBeforeTaxRatio": 0.12011494252873563, "incomeTaxExpense": 7000000.0, "netIncome": 202000000, "netIncomeRatio": 0.11609195402298851, "eps": 0.24, "epsdiluted": 0.23, "weightedAverageShsOut": 972900000, "weightedAverageShsOutDil": 1031300000, "link": "https://www.sec.gov/Archives/edgar/data/723125/000072312510000019/0000723125-10-000019-index.htm", "finalLink": "https://www.sec.gov/Archives/edgar/data/723125/000072312510000019/q1-10q_2010.htm"}, {"date": "2009-09-03", "symbol": "MU", "fillingDate": "2009-10-28", "acceptedDate": "2009-10-28 13:00:39", "period": "FY", "revenue": 1302000000, "costOfRevenue": 1132000000, "grossProfit": 170000000, "grossProfitRatio": 0.130568356374808, "researchAndDevelopmentExpenses": 139000000, "generalAndAdministrativeExpenses": 82000000, "sellingAndMarketingExpenses": 0.0, "otherExpenses": -14000000, "operatingExpenses": -14000000, "costAndExpenses": 1118000000, "interestExpense": 33000000, "depreciationAndAmortization": 491000000, "ebitda": 477000000, "ebitdaratio": 0.3663594470046083, "operatingIncome": -14000000, "operatingIncomeRatio": -0.010752688172043012, "totalOtherIncomeExpensesNet": -14000000, "incomeBeforeTax": -75000000, "incomeBeforeTaxRatio": -0.0576036866359447, "incomeTaxExpense": 13000000, "netIncome": -88000000, "netIncomeRatio": -0.06758832565284179, "eps": -2.29, "epsdiluted": -2.29, "weightedAverageShsOut": 800000000, "weightedAverageShsOutDil": 800000000, "link": "https://www.sec.gov/Archives/edgar/data/723125/000072312509000128/0000723125-09-000128-index.htm", "finalLink": "https://www.sec.gov/Archives/edgar/data/723125/000072312509000128/fy200910-k.htm"}, {"date": "2009-06-04", "symbol": "MU", "fillingDate": "2009-07-14", "acceptedDate": "2009-07-14 14:11:49", "period": "Q3", "revenue": 1106000000, "costOfRevenue": 999000000, "grossProfit": 107000000, "grossProfitRatio": 0.09674502712477397, "researchAndDevelopmentExpenses": 162000000, "generalAndAdministrativeExpenses": 80000000, "sellingAndMarketingExpenses": 0.0, "otherExpenses": 92000000, "operatingExpenses": 92000000, "costAndExpenses": 1091000000, "interestExpense": 37000000, "depreciationAndAmortization": 514000000, "ebitda": 606000000, "ebitdaratio": 0.5479204339963833, "operatingIncome": 92000000, "operatingIncomeRatio": 0.08318264014466546, "totalOtherIncomeExpensesNet": 92000000, "incomeBeforeTax": -288000000, "incomeBeforeTaxRatio": -0.2603978300180832, "incomeTaxExpense": 2000000.0, "netIncome": -290000000, "netIncomeRatio": -0.26220614828209765, "eps": -2.22, "epsdiluted": -2.22, "weightedAverageShsOut": 786000000, "weightedAverageShsOutDil": 786000000, "link": "https://www.sec.gov/Archives/edgar/data/723125/000072312509000061/0000723125-09-000061-index.htm", "finalLink": "https://www.sec.gov/Archives/edgar/data/723125/000072312509000061/q309_10-q.htm"}, {"date": "2009-03-05", "symbol": "MU", "fillingDate": "2009-04-07", "acceptedDate": "2009-04-07 14:24:52", "period": "Q2", "revenue": 993000000, "costOfRevenue": 1260000000, "grossProfit": -267000000, "grossProfitRatio": -0.2688821752265861, "researchAndDevelopmentExpenses": 168000000, "generalAndAdministrativeExpenses": 90000000, "sellingAndMarketingExpenses": 0.0, "otherExpenses": 20000000, "operatingExpenses": 20000000, "costAndExpenses": 1280000000, "interestExpense": 35000000, "depreciationAndAmortization": 540000000, "ebitda": 560000000, "ebitdaratio": 0.5639476334340383, "operatingIncome": 20000000, "operatingIncomeRatio": 0.02014098690835851, "totalOtherIncomeExpensesNet": 20000000, "incomeBeforeTax": -755000000, "incomeBeforeTaxRatio": -0.7603222557905337, "incomeTaxExpense": -4000000.0, "netIncome": -751000000, "netIncomeRatio": -0.756294058408862, "eps": -1.88, "epsdiluted": -1.88, "weightedAverageShsOut": 773000000, "weightedAverageShsOutDil": 773000000, "link": "https://www.sec.gov/Archives/edgar/data/723125/000072312509000029/0000723125-09-000029-index.htm", "finalLink": "https://www.sec.gov/Archives/edgar/data/723125/000072312509000029/q209_10-q.htm"}, {"date": "2008-12-04", "symbol": "MU", "fillingDate": "2009-01-13", "acceptedDate": "2009-01-13 15:00:56", "period": "Q1", "revenue": 1402000000, "costOfRevenue": 1851000000, "grossProfit": -449000000, "grossProfitRatio": -0.3202567760342368, "researchAndDevelopmentExpenses": 178000000, "generalAndAdministrativeExpenses": 102000000, "sellingAndMarketingExpenses": 0.0, "otherExpenses": 9000000.0, "operatingExpenses": 9000000.0, "costAndExpenses": 1860000000, "interestExpense": 30000000, "depreciationAndAmortization": 594000000, "ebitda": 603000000, "ebitdaratio": 0.43009985734664763, "operatingIncome": 9000000.0, "operatingIncomeRatio": 0.006419400855920114, "totalOtherIncomeExpensesNet": 9000000.0, "incomeBeforeTax": -719000000, "incomeBeforeTaxRatio": -0.5128388017118403, "incomeTaxExpense": -13000000, "netIncome": -706000000, "netIncomeRatio": -0.5035663338088445, "eps": -0.91, "epsdiluted": -0.91, "weightedAverageShsOut": 773000000, "weightedAverageShsOutDil": 773000000, "link": "https://www.sec.gov/Archives/edgar/data/723125/000072312509000003/0000723125-09-000003-index.htm", "finalLink": "https://www.sec.gov/Archives/edgar/data/723125/000072312509000003/q109_10-q.htm"}, {"date": "2008-10-08", "symbol": "MU", "fillingDate": "2008-10-27", "acceptedDate": "2008-10-27 16:38:04", "period": "FY", "revenue": 1449000000, "costOfRevenue": 1514000000, "grossProfit": -65000000, "grossProfitRatio": -0.04485852311939269, "researchAndDevelopmentExpenses": 167000000, "generalAndAdministrativeExpenses": 107000000, "sellingAndMarketingExpenses": 0.0, "otherExpenses": -5000000.0, "operatingExpenses": -6000000.0, "costAndExpenses": 1508000000, "interestExpense": 20000000, "depreciationAndAmortization": 532000000, "ebitda": 527000000, "ebitdaratio": 0.3636991028295376, "operatingIncome": -5000000.0, "operatingIncomeRatio": -0.003450655624568668, "totalOtherIncomeExpensesNet": -5000000.0, "incomeBeforeTax": -320000000, "incomeBeforeTaxRatio": -0.22084195997239475, "incomeTaxExpense": -2000000.0, "netIncome": -344000000, "netIncomeRatio": -0.23740510697032435, "eps": -2.1, "epsdiluted": -2.1, "weightedAverageShsOut": 772000000, "weightedAverageShsOutDil": 772000000, "link": "https://www.sec.gov/Archives/edgar/data/723125/000072312508000111/0000723125-08-000111-index.htm", "finalLink": "https://www.sec.gov/Archives/edgar/data/723125/000072312508000111/fy08-10k.htm"}, {"date": "2008-06-26", "symbol": "MU", "fillingDate": "2008-07-08", "acceptedDate": "2008-07-08 15:30:42", "period": "Q3", "revenue": 1498000000, "costOfRevenue": 1450000000, "grossProfit": 48000000, "grossProfitRatio": 0.03204272363150868, "researchAndDevelopmentExpenses": 170000000, "generalAndAdministrativeExpenses": 116000000, "sellingAndMarketingExpenses": 0.0, "otherExpenses": -79000000, "operatingExpenses": 0.0, "costAndExpenses": 1450000000, "interestExpense": 21000000, "depreciationAndAmortization": 513000000, "ebitda": 492000000, "ebitdaratio": 0.32843791722296395, "operatingIncome": -21000000, "operatingIncomeRatio": -0.014018691588785047, "totalOtherIncomeExpensesNet": -21000000, "incomeBeforeTax": -264000000, "incomeBeforeTaxRatio": -0.17623497997329773, "incomeTaxExpense": -13000000, "netIncome": -236000000, "netIncomeRatio": -0.157543391188251, "eps": -1.65, "epsdiluted": -1.65, "weightedAverageShsOut": 772000000, "weightedAverageShsOutDil": 772000000, "link": "https://www.sec.gov/Archives/edgar/data/723125/000072312508000053/0000723125-08-000053-index.htm", "finalLink": "https://www.sec.gov/Archives/edgar/data/723125/000072312508000053/q308-10q.htm"}, {"date": "2008-02-28", "symbol": "MU", "fillingDate": "2008-04-08", "acceptedDate": "2008-04-08 15:17:11", "period": "Q2", "revenue": 1359000000, "costOfRevenue": 1402000000, "grossProfit": -43000000, "grossProfitRatio": -0.03164091243561442, "researchAndDevelopmentExpenses": 180000000, "generalAndAdministrativeExpenses": 120000000, "sellingAndMarketingExpenses": 0.0, "otherExpenses": 16000000, "operatingExpenses": -6000000.0, "costAndExpenses": 1396000000, "interestExpense": 20000000, "depreciationAndAmortization": 511000000, "ebitda": 469000000, "ebitdaratio": 0.3451066961000736, "operatingIncome": -42000000, "operatingIncomeRatio": -0.03090507726269316, "totalOtherIncomeExpensesNet": -42000000, "incomeBeforeTax": -775000000, "incomeBeforeTaxRatio": -0.5702722590139808, "incomeTaxExpense": 4000000.0, "netIncome": -777000000, "netIncomeRatio": -0.5717439293598234, "eps": -1.35, "epsdiluted": -1.35, "weightedAverageShsOut": 772000000, "weightedAverageShsOutDil": 772000000, "link": "https://www.sec.gov/Archives/edgar/data/723125/000072312508000030/0000723125-08-000030-index.htm", "finalLink": "https://www.sec.gov/Archives/edgar/data/723125/000072312508000030/q2-10q2008.htm"}, {"date": "2007-11-29", "symbol": "MU", "fillingDate": "2008-01-08", "acceptedDate": "2008-01-08 16:34:18", "period": "Q1", "revenue": 1535000000, "costOfRevenue": 1530000000, "grossProfit": 5000000.0, "grossProfitRatio": 0.003257328990228013, "researchAndDevelopmentExpenses": 163000000, "generalAndAdministrativeExpenses": 112000000, "sellingAndMarketingExpenses": 0.0, "otherExpenses": -23000000, "operatingExpenses": -1000000.0, "costAndExpenses": 1529000000, "interestExpense": 21000000, "depreciationAndAmortization": 504000000, "ebitda": 481000000, "ebitdaratio": 0.31335504885993487, "operatingIncome": -23000000, "operatingIncomeRatio": -0.01498371335504886, "totalOtherIncomeExpensesNet": -23000000, "incomeBeforeTax": -252000000, "incomeBeforeTaxRatio": -0.16416938110749185, "incomeTaxExpense": -7000000.0, "netIncome": -262000000, "netIncomeRatio": -0.17068403908794788, "eps": -0.34, "epsdiluted": -0.34, "weightedAverageShsOut": 771000000, "weightedAverageShsOutDil": 771000000, "link": "https://www.sec.gov/Archives/edgar/data/723125/000072312508000004/0000723125-08-000004-index.htm", "finalLink": "https://www.sec.gov/Archives/edgar/data/723125/000072312508000004/q108-10q.htm"}, {"date": "2007-10-12", "symbol": "MU", "fillingDate": "2007-10-26", "acceptedDate": "2007-10-26 16:27:57", "period": "FY", "revenue": 1437000000, "costOfRevenue": 1264000000, "grossProfit": 173000000, "grossProfitRatio": 0.12038970076548365, "researchAndDevelopmentExpenses": 184000000, "generalAndAdministrativeExpenses": 143000000, "sellingAndMarketingExpenses": 0.0, "otherExpenses": -12000000, "operatingExpenses": 0.0, "costAndExpenses": 1264000000, "interestExpense": 23000000, "depreciationAndAmortization": 474000000, "ebitda": 462000000, "ebitdaratio": 0.32150313152400833, "operatingIncome": -12000000, "operatingIncomeRatio": -0.008350730688935281, "totalOtherIncomeExpensesNet": -12000000, "incomeBeforeTax": -146000000, "incomeBeforeTaxRatio": -0.10160055671537926, "incomeTaxExpense": -6000000.0, "netIncome": -158000000, "netIncomeRatio": -0.10995128740431455, "eps": -0.42, "epsdiluted": -0.42, "weightedAverageShsOut": 769000000, "weightedAverageShsOutDil": 769000000, "link": "https://www.sec.gov/Archives/edgar/data/723125/000072312507000108/0000723125-07-000108-index.htm", "finalLink": "https://www.sec.gov/Archives/edgar/data/723125/000072312507000108/mti10k-fy2007.htm"}, {"date": "2007-05-31", "symbol": "MU", "fillingDate": "2007-07-10", "acceptedDate": "2007-07-10 17:01:17", "period": "Q3", "revenue": 1294000000, "costOfRevenue": 1188000000, "grossProfit": 106000000, "grossProfitRatio": 0.08191653786707882, "researchAndDevelopmentExpenses": 195000000, "generalAndAdministrativeExpenses": 134000000, "sellingAndMarketingExpenses": 0.0, "otherExpenses": -72000000, "operatingExpenses": 1000000.0, "costAndExpenses": 1189000000, "interestExpense": 12000000, "depreciationAndAmortization": 444000000, "ebitda": 416000000, "ebitdaratio": 0.321483771251932, "operatingIncome": -28000000, "operatingIncomeRatio": -0.021638330757341576, "totalOtherIncomeExpensesNet": -28000000, "incomeBeforeTax": -177000000, "incomeBeforeTaxRatio": -0.1367851622874807, "incomeTaxExpense": -9000000.0, "netIncome": -225000000, "netIncomeRatio": -0.17387944358578053, "eps": -0.21, "epsdiluted": -0.21, "weightedAverageShsOut": 768000000, "weightedAverageShsOutDil": 768000000, "link": "https://www.sec.gov/Archives/edgar/data/723125/000072312507000047/0000723125-07-000047-index.htm", "finalLink": "https://www.sec.gov/Archives/edgar/data/723125/000072312507000047/mti10q3-07.htm"}, {"date": "2007-03-01", "symbol": "MU", "fillingDate": "2007-04-10", "acceptedDate": "2007-04-10 16:20:50", "period": "Q2", "revenue": 1427000000, "costOfRevenue": 1070000000, "grossProfit": 357000000, "grossProfitRatio": 0.2501751927119832, "researchAndDevelopmentExpenses": 243000000, "generalAndAdministrativeExpenses": 153000000, "sellingAndMarketingExpenses": 0.0, "otherExpenses": 8000000.0, "operatingExpenses": -355000000, "costAndExpenses": 715000000, "interestExpense": 4000000.0, "depreciationAndAmortization": 420000000, "ebitda": 415000000, "ebitdaratio": 0.2908199018920813, "operatingIncome": -5000000.0, "operatingIncomeRatio": -0.00350385423966363, "totalOtherIncomeExpensesNet": -5000000.0, "incomeBeforeTax": 2000000.0, "incomeBeforeTaxRatio": 0.001401541695865452, "incomeTaxExpense": -6000000.0, "netIncome": -52000000, "netIncomeRatio": -0.036440084092501754, "eps": 0.08, "epsdiluted": 0.08, "weightedAverageShsOut": 767000000, "weightedAverageShsOutDil": 776000000, "link": "https://www.sec.gov/Archives/edgar/data/723125/000072312507000028/0000723125-07-000028-index.htm", "finalLink": "https://www.sec.gov/Archives/edgar/data/723125/000072312507000028/mti10q2-07.htm"}, {"date": "2006-11-30", "symbol": "MU", "fillingDate": "2007-01-16", "acceptedDate": "2007-01-16 16:14:31", "period": "Q1", "revenue": 1530000000, "costOfRevenue": 1088000000, "grossProfit": 442000000, "grossProfitRatio": 0.28888888888888886, "researchAndDevelopmentExpenses": 183000000, "generalAndAdministrativeExpenses": 180000000, "sellingAndMarketingExpenses": 0.0, "otherExpenses": 0.0, "operatingExpenses": 363000000, "costAndExpenses": 1451000000, "interestExpense": 1000000.0, "depreciationAndAmortization": 380000000, "ebitda": 349000000, "ebitdaratio": 0.2281045751633987, "operatingIncome": -31000000, "operatingIncomeRatio": -0.020261437908496733, "totalOtherIncomeExpensesNet": -31000000, "incomeBeforeTax": 153000000, "incomeBeforeTaxRatio": 0.1, "incomeTaxExpense": -9000000.0, "netIncome": 115000000, "netIncomeRatio": 0.07516339869281045, "eps": 0.15, "epsdiluted": 0.15, "weightedAverageShsOut": 767000000, "weightedAverageShsOutDil": 779000000, "link": "https://www.sec.gov/Archives/edgar/data/723125/000110465907002662/0001104659-07-002662-index.htm", "finalLink": "https://www.sec.gov/Archives/edgar/data/723125/000110465907002662/a07-1385_110q.htm"}, {"date": "2006-08-31", "symbol": "MU", "fillingDate": "2006-11-08", "acceptedDate": "2006-11-07 19:56:42", "period": "FY", "revenue": 1373000000, "costOfRevenue": 1050000000, "grossProfit": 323000000, "grossProfitRatio": 0.23525127458120904, "researchAndDevelopmentExpenses": 164000000, "generalAndAdministrativeExpenses": 144000000, "sellingAndMarketingExpenses": 0.0, "otherExpenses": -37000000, "operatingExpenses": 3000000.0, "costAndExpenses": 1053000000, "interestExpense": 3000000.0, "depreciationAndAmortization": 345000000, "ebitda": 308000000, "ebitdaratio": 0.22432629278951202, "operatingIncome": -37000000, "operatingIncomeRatio": -0.026948288419519302, "totalOtherIncomeExpensesNet": -37000000, "incomeBeforeTax": 92000000, "incomeBeforeTaxRatio": 0.06700655498907501, "incomeTaxExpense": -4000000.0, "netIncome": 64000000, "netIncomeRatio": 0.04661325564457393, "eps": 0.59, "epsdiluted": 0.57, "weightedAverageShsOut": 692000000, "weightedAverageShsOutDil": 725000000, "link": "https://www.sec.gov/Archives/edgar/data/723125/000110465906072331/0001104659-06-072331-index.htm", "finalLink": "https://www.sec.gov/Archives/edgar/data/723125/000110465906072331/a06-20825_210k.htm"}, {"date": "2006-06-01", "symbol": "MU", "fillingDate": "2006-07-11", "acceptedDate": "2006-07-11 15:43:35", "period": "Q3", "revenue": 1313000000, "costOfRevenue": 982000000, "grossProfit": 331000000, "grossProfitRatio": 0.2520944402132521, "researchAndDevelopmentExpenses": 167000000, "generalAndAdministrativeExpenses": 113000000, "sellingAndMarketingExpenses": 0.0, "otherExpenses": 2000000.0, "operatingExpenses": 3000000.0, "costAndExpenses": 985000000, "interestExpense": 4000000.0, "depreciationAndAmortization": 342000000, "ebitda": 344000000, "ebitdaratio": 0.261995430312262, "operatingIncome": 2000000.0, "operatingIncomeRatio": 0.0015232292460015233, "totalOtherIncomeExpensesNet": 2000000.0, "incomeBeforeTax": 78000000, "incomeBeforeTaxRatio": 0.0594059405940594, "incomeTaxExpense": -7000000.0, "netIncome": 89000000, "netIncomeRatio": 0.06778370144706779, "eps": 0.51, "epsdiluted": 0.49, "weightedAverageShsOut": 673000000, "weightedAverageShsOutDil": 713000000, "link": "https://www.sec.gov/Archives/edgar/data/723125/000110465906046432/0001104659-06-046432-index.htm", "finalLink": "https://www.sec.gov/Archives/edgar/data/723125/000110465906046432/a06-15102_110q.htm"}, {"date": "2006-03-02", "symbol": "MU", "fillingDate": "2006-04-11", "acceptedDate": "2006-04-11 17:10:42", "period": "Q2", "revenue": 1225000000, "costOfRevenue": 990000000, "grossProfit": 235000000, "grossProfitRatio": 0.19183673469387755, "researchAndDevelopmentExpenses": 160000000, "generalAndAdministrativeExpenses": 108000000, "sellingAndMarketingExpenses": 0.0, "otherExpenses": -219000000, "operatingExpenses": -259000000, "costAndExpenses": 731000000, "interestExpense": 8000000.0, "depreciationAndAmortization": 291000000, "ebitda": 72000000, "ebitdaratio": 0.05877551020408163, "operatingIncome": -219000000, "operatingIncomeRatio": -0.17877551020408164, "totalOtherIncomeExpensesNet": -219000000, "incomeBeforeTax": 201000000, "incomeBeforeTaxRatio": 0.16408163265306122, "incomeTaxExpense": -7000000.0, "netIncome": 193000000, "netIncomeRatio": 0.15755102040816327, "eps": 0.39, "epsdiluted": 0.37, "weightedAverageShsOut": 655000000, "weightedAverageShsOutDil": 710000000, "link": "https://www.sec.gov/Archives/edgar/data/723125/000110465906024427/0001104659-06-024427-index.htm", "finalLink": "https://www.sec.gov/Archives/edgar/data/723125/000110465906024427/a06-8731_110q.htm"}, {"date": "2005-12-01", "symbol": "MU", "fillingDate": "2006-01-10", "acceptedDate": "2006-01-10 10:13:42", "period": "Q1", "revenue": 1361000000, "costOfRevenue": 1050000000, "grossProfit": 311000000, "grossProfitRatio": 0.22850844966936076, "researchAndDevelopmentExpenses": 165000000, "generalAndAdministrativeExpenses": 95000000, "sellingAndMarketingExpenses": 0.0, "otherExpenses": -12000000, "operatingExpenses": 260000000, "costAndExpenses": 1310000000, "interestExpense": 10000000, "depreciationAndAmortization": 303000000, "ebitda": 291000000, "ebitdaratio": 0.21381337252020574, "operatingIncome": -12000000, "operatingIncomeRatio": -0.00881704628949302, "totalOtherIncomeExpensesNet": -12000000, "incomeBeforeTax": 62000000, "incomeBeforeTaxRatio": 0.045554739162380606, "incomeTaxExpense": 0.0, "netIncome": 62000000, "netIncomeRatio": 0.045554739162380606, "eps": 0.1, "epsdiluted": 0.09, "weightedAverageShsOut": 650000000, "weightedAverageShsOutDil": 707000000, "link": "https://www.sec.gov/Archives/edgar/data/723125/000110465906001391/0001104659-06-001391-index.htm", "finalLink": "https://www.sec.gov/Archives/edgar/data/723125/000110465906001391/a06-1216_110q.htm"}, {"date": "2005-09-01", "symbol": "MU", "fillingDate": "2005-11-04", "acceptedDate": "2005-11-04 16:21:55", "period": "FY", "revenue": 1258000000, "costOfRevenue": 976000000, "grossProfit": 282000000, "grossProfitRatio": 0.22416534181240064, "researchAndDevelopmentExpenses": 150000000, "generalAndAdministrativeExpenses": 88000000, "sellingAndMarketingExpenses": 0.0, "otherExpenses": -3000000.0, "operatingExpenses": -1000000.0, "costAndExpenses": 975000000, "interestExpense": 11000000, "depreciationAndAmortization": 315000000, "ebitda": 312000000, "ebitdaratio": 0.2480127186009539, "operatingIncome": -3000000.0, "operatingIncomeRatio": -0.0023847376788553257, "totalOtherIncomeExpensesNet": -3000000.0, "incomeBeforeTax": 43000000, "incomeBeforeTaxRatio": 0.03418124006359301, "incomeTaxExpense": 0.0, "netIncome": 44000000, "netIncomeRatio": 0.034976152623211444, "eps": 0.29, "epsdiluted": 0.29, "weightedAverageShsOut": 647000000, "weightedAverageShsOutDil": 702000000, "link": "https://www.sec.gov/Archives/edgar/data/723125/000110465905052716/0001104659-05-052716-index.htm", "finalLink": "https://www.sec.gov/Archives/edgar/data/723125/000110465905052716/a05-19263_110k.htm"}, {"date": "2005-06-02", "symbol": "MU", "fillingDate": "2005-07-07", "acceptedDate": "2005-07-07 16:33:10", "period": "Q3", "revenue": 1054000000, "costOfRevenue": 967000000, "grossProfit": 87000000, "grossProfitRatio": 0.0825426944971537, "researchAndDevelopmentExpenses": 154000000, "generalAndAdministrativeExpenses": 89000000, "sellingAndMarketingExpenses": 0.0, "otherExpenses": -24000000, "operatingExpenses": -7000000.0, "costAndExpenses": 960000000, "interestExpense": 13000000, "depreciationAndAmortization": 319000000, "ebitda": 295000000, "ebitdaratio": 0.27988614800759015, "operatingIncome": -24000000, "operatingIncomeRatio": -0.022770398481973434, "totalOtherIncomeExpensesNet": -24000000, "incomeBeforeTax": -135000000, "incomeBeforeTaxRatio": -0.12808349146110057, "incomeTaxExpense": 7000000.0, "netIncome": -128000000, "netIncomeRatio": -0.12144212523719165, "eps": 0.22, "epsdiluted": 0.22, "weightedAverageShsOut": 647000000, "weightedAverageShsOutDil": 701000000, "link": "https://www.sec.gov/Archives/edgar/data/723125/000110465905031529/0001104659-05-031529-index.htm", "finalLink": "https://www.sec.gov/Archives/edgar/data/723125/000110465905031529/a05-11855_110q.htm"}, {"date": "2005-03-03", "symbol": "MU", "fillingDate": "2005-04-12", "acceptedDate": "2005-04-12 16:27:06", "period": "Q2", "revenue": 1308000000, "costOfRevenue": 954000000, "grossProfit": 354000000, "grossProfitRatio": 0.2706422018348624, "researchAndDevelopmentExpenses": 151000000, "generalAndAdministrativeExpenses": 85000000, "sellingAndMarketingExpenses": 0.0, "otherExpenses": -9000000.0, "operatingExpenses": -9000000.0, "costAndExpenses": 945000000, "interestExpense": 12000000, "depreciationAndAmortization": 317000000, "ebitda": 308000000, "ebitdaratio": 0.23547400611620795, "operatingIncome": -9000000.0, "operatingIncomeRatio": -0.006880733944954129, "totalOtherIncomeExpensesNet": -9000000.0, "incomeBeforeTax": 121000000, "incomeBeforeTaxRatio": 0.09250764525993883, "incomeTaxExpense": -3000000.0, "netIncome": 118000000, "netIncomeRatio": 0.09021406727828746, "eps": 0.42, "epsdiluted": 0.4, "weightedAverageShsOut": 646000000, "weightedAverageShsOutDil": 700000000, "link": "https://www.sec.gov/Archives/edgar/data/723125/000110465905016121/0001104659-05-016121-index.htm", "finalLink": "https://www.sec.gov/Archives/edgar/data/723125/000110465905016121/a05-6589_110q.htm"}, {"date": "2004-12-02", "symbol": "MU", "fillingDate": "2005-01-11", "acceptedDate": "2005-01-11 16:31:43", "period": "Q1", "revenue": 1260000000, "costOfRevenue": 837000000, "grossProfit": 423000000, "grossProfitRatio": 0.3357142857142857, "researchAndDevelopmentExpenses": 148000000, "generalAndAdministrativeExpenses": 86000000, "sellingAndMarketingExpenses": 0.0, "otherExpenses": 14000000, "operatingExpenses": 14000000, "costAndExpenses": 851000000, "interestExpense": 10000000, "depreciationAndAmortization": 313000000, "ebitda": 327000000, "ebitdaratio": 0.25952380952380955, "operatingIncome": 14000000, "operatingIncomeRatio": 0.011111111111111112, "totalOtherIncomeExpensesNet": 14000000, "incomeBeforeTax": 169000000, "incomeBeforeTaxRatio": 0.13412698412698412, "incomeTaxExpense": -14000000, "netIncome": 154000000, "netIncomeRatio": 0.12222222222222222, "eps": 0.24, "epsdiluted": 0.23, "weightedAverageShsOut": 646000000, "weightedAverageShsOutDil": 700000000, "link": "https://www.sec.gov/Archives/edgar/data/723125/000110465905001073/0001104659-05-001073-index.htm", "finalLink": "https://www.sec.gov/Archives/edgar/data/723125/000110465905001073/a05-1274_110q.htm"}, {"date": "2004-09-02", "symbol": "MU", "fillingDate": "2004-10-15", "acceptedDate": "2004-10-15 15:19:05", "period": "FY", "revenue": 1189000000, "costOfRevenue": 797000000, "grossProfit": 392000000, "grossProfitRatio": 0.3296888141295206, "researchAndDevelopmentExpenses": 199000000, "generalAndAdministrativeExpenses": 75000000, "sellingAndMarketingExpenses": 0.0, "otherExpenses": -3000000.0, "operatingExpenses": -3000000.0, "costAndExpenses": 794000000, "interestExpense": 10000000, "depreciationAndAmortization": 309000000, "ebitda": 434000000, "ebitdaratio": 0.3650126156433978, "operatingIncome": 125000000, "operatingIncomeRatio": 0.10513036164844407, "totalOtherIncomeExpensesNet": 1000000.0, "incomeBeforeTax": 122000000, "incomeBeforeTaxRatio": 0.10260723296888141, "incomeTaxExpense": -27000000, "netIncome": 94000000, "netIncomeRatio": 0.07905803195962995, "eps": 0.24, "epsdiluted": 0.24, "weightedAverageShsOut": 641000000, "weightedAverageShsOutDil": 645000000, "link": "https://www.sec.gov/Archives/edgar/data/723125/000110465904030617/0001104659-04-030617-index.htm", "finalLink": "https://www.sec.gov/Archives/edgar/data/723125/000110465904030617/a04-11602_110k.htm"}, {"date": "2004-06-03", "symbol": "MU", "fillingDate": "2004-07-19", "acceptedDate": "2004-07-19 12:55:51", "period": "Q3", "revenue": 1117000000, "costOfRevenue": 728000000, "grossProfit": 389000000, "grossProfitRatio": 0.34825425246195163, "researchAndDevelopmentExpenses": 181000000, "generalAndAdministrativeExpenses": 94000000, "sellingAndMarketingExpenses": 0.0, "otherExpenses": 3000000.0, "operatingExpenses": 3000000.0, "costAndExpenses": 731000000, "interestExpense": 9000000.0, "depreciationAndAmortization": 300000000, "ebitda": 421000000, "ebitdaratio": 0.37690241718889883, "operatingIncome": 121000000, "operatingIncomeRatio": 0.10832587287376902, "totalOtherIncomeExpensesNet": -1000000.0, "incomeBeforeTax": 105000000, "incomeBeforeTaxRatio": 0.09400179051029543, "incomeTaxExpense": -14000000, "netIncome": 90000000, "netIncomeRatio": 0.08057296329453895, "eps": 0.1, "epsdiluted": 0.1, "weightedAverageShsOut": 640000000, "weightedAverageShsOutDil": 645000000, "link": "https://www.sec.gov/Archives/edgar/data/723125/000110465904019972/0001104659-04-019972-index.htm", "finalLink": "https://www.sec.gov/Archives/edgar/data/723125/000110465904019972/a04-7831_110q.htm"}, {"date": "2004-03-04", "symbol": "MU", "fillingDate": "2004-04-19", "acceptedDate": "2004-04-19 16:46:46", "period": "Q2", "revenue": 991000000, "costOfRevenue": 743000000, "grossProfit": 248000000, "grossProfitRatio": 0.25025227043390513, "researchAndDevelopmentExpenses": 188000000, "generalAndAdministrativeExpenses": 82000000, "sellingAndMarketingExpenses": 0.0, "otherExpenses": -14000000, "operatingExpenses": -14000000, "costAndExpenses": 729000000, "interestExpense": 8000000.0, "depreciationAndAmortization": 296000000, "ebitda": 278000000, "ebitdaratio": 0.2805247225025227, "operatingIncome": -18000000, "operatingIncomeRatio": -0.018163471241170535, "totalOtherIncomeExpensesNet": 3000000.0, "incomeBeforeTax": -11000000, "incomeBeforeTaxRatio": -0.011099899091826439, "incomeTaxExpense": -18000000, "netIncome": -28000000, "netIncomeRatio": -0.028254288597376387, "eps": -0.04, "epsdiluted": -0.04, "weightedAverageShsOut": 638000000, "weightedAverageShsOutDil": 638000000, "link": "https://www.sec.gov/Archives/edgar/data/723125/000110465904010470/0001104659-04-010470-index.htm", "finalLink": "https://www.sec.gov/Archives/edgar/data/723125/000110465904010470/a04-4561_110q.htm"}, {"date": "2003-12-04", "symbol": "MU", "fillingDate": "2004-01-15", "acceptedDate": "2004-01-15 17:13:30", "period": "Q1", "revenue": 1107000000, "costOfRevenue": 821000000, "grossProfit": 286000000, "grossProfitRatio": 0.25835591689250226, "researchAndDevelopmentExpenses": 186000000, "generalAndAdministrativeExpenses": 81000000, "sellingAndMarketingExpenses": 0.0, "otherExpenses": 17000000, "operatingExpenses": 17000000, "costAndExpenses": 838000000, "interestExpense": 9000000.0, "depreciationAndAmortization": 312000000, "ebitda": 333000000, "ebitdaratio": 0.3008130081300813, "operatingIncome": 21000000, "operatingIncomeRatio": 0.018970189701897018, "totalOtherIncomeExpensesNet": 0.0, "incomeBeforeTax": 16000000, "incomeBeforeTaxRatio": 0.014453477868112014, "incomeTaxExpense": -15000000, "netIncome": 1000000.0, "netIncomeRatio": 0.0009033423667570009, "eps": 0.6337999999999999, "epsdiluted": 0.6366, "weightedAverageShsOut": 633000000, "weightedAverageShsOutDil": 636000000, "link": "https://www.sec.gov/Archives/edgar/data/723125/000110465904001025/0001104659-04-001025-index.htm", "finalLink": "https://www.sec.gov/Archives/edgar/data/723125/000110465904001025/a04-1294_110q.htm"}, {"date": "2003-08-28", "symbol": "MU", "fillingDate": "2003-10-15", "acceptedDate": "2003-10-15 17:05:43", "period": "FY", "revenue": 889000000, "costOfRevenue": 719000000, "grossProfit": 170000000, "grossProfitRatio": 0.19122609673790777, "researchAndDevelopmentExpenses": 166000000, "generalAndAdministrativeExpenses": 82000000, "sellingAndMarketingExpenses": 0.0, "otherExpenses": 21000000, "operatingExpenses": 21000000, "costAndExpenses": 740000000, "interestExpense": 12000000, "depreciationAndAmortization": 298000000, "ebitda": 281000000, "ebitdaratio": 0.3160854893138358, "operatingIncome": -17000000, "operatingIncomeRatio": -0.019122609673790775, "totalOtherIncomeExpensesNet": -17000000, "incomeBeforeTax": -134000000, "incomeBeforeTaxRatio": -0.15073115860517436, "incomeTaxExpense": -11000000, "netIncome": -123000000, "netIncomeRatio": -0.13835770528683913, "eps": -2.11, "epsdiluted": -2.11, "weightedAverageShsOut": 607000000, "weightedAverageShsOutDil": 607000000, "link": "https://www.sec.gov/Archives/edgar/data/723125/000104746903033422/0001047469-03-033422-index.htm", "finalLink": "https://www.sec.gov/Archives/edgar/data/723125/000104746903033422/a2120427z10-k.htm"}, {"date": "2003-05-29", "symbol": "MU", "fillingDate": "2003-07-11", "acceptedDate": "2003-07-11 16:37:31", "period": "Q3", "revenue": 732000000, "costOfRevenue": 662000000, "grossProfit": 70000000, "grossProfitRatio": 0.09562841530054644, "researchAndDevelopmentExpenses": 162000000, "generalAndAdministrativeExpenses": 88000000, "sellingAndMarketingExpenses": 0.0, "otherExpenses": 11000000, "operatingExpenses": 11000000, "costAndExpenses": 673000000, "interestExpense": 12000000, "depreciationAndAmortization": 301000000, "ebitda": 312000000, "ebitdaratio": 0.4262295081967213, "operatingIncome": 11000000, "operatingIncomeRatio": 0.015027322404371584, "totalOtherIncomeExpensesNet": 11000000, "incomeBeforeTax": -238000000, "incomeBeforeTaxRatio": -0.3251366120218579, "incomeTaxExpense": -23000000, "netIncome": -215000000, "netIncomeRatio": -0.2937158469945355, "eps": -1.9, "epsdiluted": -1.9, "weightedAverageShsOut": 606000000, "weightedAverageShsOutDil": 606000000, "link": "https://www.sec.gov/Archives/edgar/data/723125/000110465903014540/0001104659-03-014540-index.htm", "finalLink": "https://www.sec.gov/Archives/edgar/data/723125/000110465903014540/j3003_10q.htm"}, {"date": "2003-02-27", "symbol": "MU", "fillingDate": "2003-04-14", "acceptedDate": "2003-04-14 16:42:13", "period": "Q2", "revenue": 785000000, "costOfRevenue": 1009000000, "grossProfit": -224000000, "grossProfitRatio": -0.28535031847133757, "researchAndDevelopmentExpenses": 174000000, "generalAndAdministrativeExpenses": 92000000, "sellingAndMarketingExpenses": 0.0, "otherExpenses": 2000000.0, "operatingExpenses": 2000000.0, "costAndExpenses": 1011000000, "interestExpense": 8000000.0, "depreciationAndAmortization": 311000000, "ebitda": 615000000, "ebitdaratio": 0.7834394904458599, "operatingIncome": 304000000, "operatingIncomeRatio": 0.3872611464968153, "totalOtherIncomeExpensesNet": 10000000, "incomeBeforeTax": -680000000, "incomeBeforeTaxRatio": -0.8662420382165605, "incomeTaxExpense": -18000000, "netIncome": -620000000, "netIncomeRatio": -0.7898089171974523, "eps": -1.55, "epsdiluted": -1.55, "weightedAverageShsOut": 606000000, "weightedAverageShsOutDil": 606000000, "link": "https://www.sec.gov/Archives/edgar/data/723125/000110465903006407/0001104659-03-006407-index.htm", "finalLink": "https://www.sec.gov/Archives/edgar/data/723125/000110465903006407/j9354_10q.htm"}, {"date": "2002-11-28", "symbol": "MU", "fillingDate": "2003-01-13", "acceptedDate": "2003-01-13 16:16:24", "period": "Q1", "revenue": 685000000, "costOfRevenue": 722000000, "grossProfit": -37000000, "grossProfitRatio": -0.05401459854014599, "researchAndDevelopmentExpenses": 154000000, "generalAndAdministrativeExpenses": 96000000, "sellingAndMarketingExpenses": 0.0, "otherExpenses": 8000000.0, "operatingExpenses": 8000000.0, "costAndExpenses": 730000000, "interestExpense": 4000000.0, "depreciationAndAmortization": 299000000, "ebitda": 5000000.0, "ebitdaratio": 0.0072992700729927005, "operatingIncome": -294000000, "operatingIncomeRatio": -0.4291970802919708, "totalOtherIncomeExpensesNet": 0.0, "incomeBeforeTax": -294000000, "incomeBeforeTaxRatio": -0.4291970802919708, "incomeTaxExpense": -21000000, "netIncome": -315000000, "netIncomeRatio": -0.45985401459854014, "eps": -0.52, "epsdiluted": -0.52, "weightedAverageShsOut": 605000000, "weightedAverageShsOutDil": 605000000, "link": "https://www.sec.gov/Archives/edgar/data/723125/000104746903001163/0001047469-03-001163-index.htm", "finalLink": "https://www.sec.gov/Archives/edgar/data/723125/000104746903001163/a2100479z10-q.htm"}, {"date": "2002-08-29", "symbol": "MU", "fillingDate": "2002-10-15", "acceptedDate": "2002-10-15 16:18:29", "period": "FY", "revenue": 1818000000, "costOfRevenue": 2096000000, "grossProfit": -278000000, "grossProfitRatio": -0.15291529152915292, "researchAndDevelopmentExpenses": 427000000, "generalAndAdministrativeExpenses": 255000000, "sellingAndMarketingExpenses": 0.0, "otherExpenses": 18000000, "operatingExpenses": 18000000, "costAndExpenses": 2114000000, "interestExpense": 12000000, "depreciationAndAmortization": 93000000, "ebitda": 111000000, "ebitdaratio": 0.06105610561056106, "operatingIncome": 18000000, "operatingIncomeRatio": 0.009900990099009901, "totalOtherIncomeExpensesNet": 18000000, "incomeBeforeTax": -958000000, "incomeBeforeTaxRatio": -0.5269526952695269, "incomeTaxExpense": 91000000, "netIncome": -883000000, "netIncomeRatio": -0.4856985698569857, "eps": -1.51, "epsdiluted": -1.51, "weightedAverageShsOut": 601000000, "weightedAverageShsOutDil": 601000000, "link": "https://www.sec.gov/Archives/edgar/data/723125/000091205702038669/0000912057-02-038669-index.htm", "finalLink": "https://www.sec.gov/Archives/edgar/data/723125/000091205702038669/a2091284z10-k.htm"}, {"date": "2002-05-30", "symbol": "MU", "fillingDate": "2002-06-28", "acceptedDate": "2002-06-28 16:08:13", "period": "Q3", "revenue": 771000000, "costOfRevenue": 603000000, "grossProfit": 168000000, "grossProfitRatio": 0.2178988326848249, "researchAndDevelopmentExpenses": 134000000, "generalAndAdministrativeExpenses": 77000000, "sellingAndMarketingExpenses": 0.0, "otherExpenses": 3000000.0, "operatingExpenses": 3000000.0, "costAndExpenses": 606000000, "interestExpense": 5000000.0, "depreciationAndAmortization": 293000000, "ebitda": 296000000, "ebitdaratio": 0.383916990920882, "operatingIncome": 3000000.0, "operatingIncomeRatio": 0.0038910505836575876, "totalOtherIncomeExpensesNet": 3000000.0, "incomeBeforeTax": -40000000, "incomeBeforeTaxRatio": -0.05188067444876784, "incomeTaxExpense": 0.0, "netIncome": -24000000, "netIncomeRatio": -0.0311284046692607, "eps": -0.04, "epsdiluted": -0.04, "weightedAverageShsOut": 602000000, "weightedAverageShsOutDil": 602000000, "link": "https://www.sec.gov/Archives/edgar/data/723125/000091205702025840/0000912057-02-025840-index.htm", "finalLink": "https://www.sec.gov/Archives/edgar/data/723125/000091205702025840/a2083324z10-q.htm"}, {"date": "2002-02-28", "symbol": "MU", "fillingDate": "2002-04-11", "acceptedDate": "2002-04-11 00:00:00", "period": "Q2", "revenue": 646000000, "costOfRevenue": 503000000, "grossProfit": 143000000, "grossProfitRatio": 0.22136222910216719, "researchAndDevelopmentExpenses": 136000000, "generalAndAdministrativeExpenses": 80000000, "sellingAndMarketingExpenses": 0.0, "otherExpenses": -13000000, "operatingExpenses": -13000000, "costAndExpenses": 490000000, "interestExpense": 4000000.0, "depreciationAndAmortization": 291000000, "ebitda": 278000000, "ebitdaratio": 0.43034055727554177, "operatingIncome": -13000000, "operatingIncomeRatio": -0.020123839009287926, "totalOtherIncomeExpensesNet": -13000000, "incomeBeforeTax": -50000000, "incomeBeforeTaxRatio": -0.07739938080495357, "incomeTaxExpense": 20000000, "netIncome": -31000000, "netIncomeRatio": -0.047987616099071206, "eps": -0.49, "epsdiluted": -0.49, "weightedAverageShsOut": 599000000, "weightedAverageShsOutDil": 599000000, "link": "https://www.sec.gov/Archives/edgar/data/723125/000091205702014607/0000912057-02-014607-index.htm", "finalLink": "https://www.sec.gov/Archives/edgar/data/723125/000091205702014607/a2076177z10-q.htm"}, {"date": "2001-11-29", "symbol": "MU", "fillingDate": "2002-01-14", "acceptedDate": "2002-01-14 00:00:00", "period": "Q1", "revenue": 423000000, "costOfRevenue": 636000000, "grossProfit": -213000000, "grossProfitRatio": -0.5035460992907801, "researchAndDevelopmentExpenses": 154000000, "generalAndAdministrativeExpenses": 79000000, "sellingAndMarketingExpenses": 0.0, "otherExpenses": 5000000.0, "operatingExpenses": 5000000.0, "costAndExpenses": 641000000, "interestExpense": 2000000.0, "depreciationAndAmortization": 297000000, "ebitda": 302000000, "ebitdaratio": 0.7139479905437353, "operatingIncome": 5000000.0, "operatingIncomeRatio": 0.01182033096926714, "totalOtherIncomeExpensesNet": 5000000.0, "incomeBeforeTax": -443000000, "incomeBeforeTaxRatio": -1.0472813238770686, "incomeTaxExpense": 177000000, "netIncome": -265000000, "netIncomeRatio": -0.6264775413711584, "eps": -0.44, "epsdiluted": -0.44, "weightedAverageShsOut": 599000000, "weightedAverageShsOutDil": 599000000, "link": "https://www.sec.gov/Archives/edgar/data/723125/000091205702001275/0000912057-02-001275-index.htm", "finalLink": "https://www.sec.gov/Archives/edgar/data/723125/000091205702001275/a2067668z10-q.htm"}, {"date": "2001-08-30", "symbol": "MU", "fillingDate": "2001-10-15", "acceptedDate": "2001-10-15 00:00:00", "period": "FY", "revenue": 2870000000, "costOfRevenue": 2960000000, "grossProfit": -90000000, "grossProfitRatio": -0.0313588850174216, "researchAndDevelopmentExpenses": 359000000, "generalAndAdministrativeExpenses": 415000000, "sellingAndMarketingExpenses": 0.0, "otherExpenses": 72000000, "operatingExpenses": 72000000, "costAndExpenses": 2792000000, "interestExpense": 12000000, "depreciationAndAmortization": 574000000, "ebitda": 688000000, "ebitdaratio": 0.2397212543554007, "operatingIncome": 114000000, "operatingIncomeRatio": 0.0397212543554007, "totalOtherIncomeExpensesNet": 73000000, "incomeBeforeTax": -958000000, "incomeBeforeTaxRatio": -0.3337979094076655, "incomeTaxExpense": 445000000, "netIncome": -537000000, "netIncomeRatio": -0.18710801393728224, "eps": -0.88, "epsdiluted": -0.88, "weightedAverageShsOut": 592000000, "weightedAverageShsOutDil": 592000000, "link": "https://www.sec.gov/Archives/edgar/data/723125/000091205701535432/0000912057-01-535432-index.htm", "finalLink": "https://www.sec.gov/Archives/edgar/data/723125/000091205701535432/a2060999z10-k.htm"}, {"date": "2001-03-01", "symbol": "MU", "fillingDate": "2001-04-16", "acceptedDate": "2001-04-16 00:00:00", "period": "", "revenue": 1065000000, "costOfRevenue": 865000000, "grossProfit": 200000000, "grossProfitRatio": 0.18779342723004694, "researchAndDevelopmentExpenses": 130000000, "generalAndAdministrativeExpenses": 109000000, "sellingAndMarketingExpenses": 0.0, "otherExpenses": 1000000.0, "operatingExpenses": 1000000.0, "costAndExpenses": 1106000000, "interestExpense": 4000000.0, "depreciationAndAmortization": 266000000, "ebitda": 225000000, "ebitdaratio": 0.2112676056338028, "operatingIncome": -41000000, "operatingIncomeRatio": -0.038497652582159626, "totalOtherIncomeExpensesNet": 0.0, "incomeBeforeTax": -1000000.0, "incomeBeforeTaxRatio": -0.0009389671361502347, "incomeTaxExpense": 1000000.0, "netIncome": -88000000, "netIncomeRatio": -0.08262910798122065, "eps": -0.01, "epsdiluted": -0.01, "weightedAverageShsOut": 593000000, "weightedAverageShsOutDil": 593000000, "link": "https://www.sec.gov/Archives/edgar/data/723125/000091205701508850/0000912057-01-508850-index.htm", "finalLink": "https://www.sec.gov/Archives/edgar/data/723125/000091205701508850/a2045291z10-q.htm"}]