[{"date": "2020-03-31", "symbol": "LBTYK", "fillingDate": "2020-05-06", "acceptedDate": "2020-05-06 16:39:44", "period": "Q1", "revenue": 2875800000, "costOfRevenue": 855100000, "grossProfit": 2020700000, "grossProfitRatio": 0.7026566520620349, "researchAndDevelopmentExpenses": 0.0, "generalAndAdministrativeExpenses": 505500000, "sellingAndMarketingExpenses": 0.0, "otherExpenses": 420100000, "operatingExpenses": 925600000, "costAndExpenses": 2595200000, "interestExpense": 313300000, "depreciationAndAmortization": 796200000, "ebitda": 1076800000, "ebitdaratio": 0.374434939843, "operatingIncome": 280600000, "operatingIncomeRatio": 0.0975728492941, "totalOtherIncomeExpensesNet": 817200000, "incomeBeforeTax": 1097800000, "incomeBeforeTaxRatio": 0.38173725572, "incomeTaxExpense": 80100000, "netIncome": 949800000, "netIncomeRatio": 0.330273315251, "eps": 1.51, "epsdiluted": 1.5, "weightedAverageShsOut": 630472769, "weightedAverageShsOutDil": 631778562, "link": "https://www.sec.gov/Archives/edgar/data/1570585/000157058520000152/0001570585-20-000152-index.htm", "finalLink": "https://www.sec.gov/Archives/edgar/data/1570585/000157058520000152/lgmarch31202010-q.htm"}, {"date": "2019-12-31", "symbol": "LBTYK", "fillingDate": "2020-02-13", "acceptedDate": "2020-02-13 16:20:12", "period": "FY", "revenue": 0.0, "costOfRevenue": 0.0, "grossProfit": 0.0, "grossProfitRatio": 0.0, "researchAndDevelopmentExpenses": 0.0, "generalAndAdministrativeExpenses": 61000000, "sellingAndMarketingExpenses": 0.0, "otherExpenses": 3000000.0, "operatingExpenses": 61000000, "costAndExpenses": 61000000, "interestExpense": 864000000, "depreciationAndAmortization": -2753000000, "ebitda": -3326000000, "ebitdaratio": 0.0, "operatingIncome": -573000000, "operatingIncomeRatio": 0.0, "totalOtherIncomeExpensesNet": 3000000.0, "incomeBeforeTax": -573000000, "incomeBeforeTaxRatio": 0.0, "incomeTaxExpense": 173000000, "netIncome": -746000000, "netIncomeRatio": 0.0, "eps": 61.0, "epsdiluted": 61.0, "weightedAverageShsOut": 630472769, "weightedAverageShsOutDil": 631778562, "link": "https://www.sec.gov/Archives/edgar/data/1570585/000157058520000023/0001570585-20-000023-index.htm", "finalLink": "https://www.sec.gov/Archives/edgar/data/1570585/000157058520000023/lg201910-k.htm"}, {"date": "2019-09-30", "symbol": "LBTYK", "fillingDate": "2019-11-06", "acceptedDate": "2019-11-06 17:23:25", "period": "Q3", "revenue": 2840900000, "costOfRevenue": 801800000, "grossProfit": 2039100000, "grossProfitRatio": 0.7177654968495899, "researchAndDevelopmentExpenses": 0.0, "generalAndAdministrativeExpenses": 501700000, "sellingAndMarketingExpenses": 0.0, "otherExpenses": 399700000, "operatingExpenses": 901400000, "costAndExpenses": 2632100000, "interestExpense": 340100000, "depreciationAndAmortization": 906400000, "ebitda": 1115200000, "ebitdaratio": 0.392551656165, "operatingIncome": 208800000, "operatingIncomeRatio": 0.0734978351931, "totalOtherIncomeExpensesNet": 307600000, "incomeBeforeTax": 516400000, "incomeBeforeTaxRatio": 0.181773381675, "incomeTaxExpense": 70000000, "netIncome": 12847900000, "netIncomeRatio": 4.52247527192, "eps": 0.75, "epsdiluted": 0.75, "weightedAverageShsOut": 730476710, "weightedAverageShsOutDil": 730476710, "link": "https://www.sec.gov/Archives/edgar/data/1570585/000157058519000295/0001570585-19-000295-index.htm", "finalLink": "https://www.sec.gov/Archives/edgar/data/1570585/000157058519000295/lgseptember30201910q.htm"}, {"date": "2019-06-30", "symbol": "LBTYK", "fillingDate": "2019-08-08", "acceptedDate": "2019-08-07 19:08:48", "period": "Q2", "revenue": 2850400000, "costOfRevenue": 786300000, "grossProfit": 2064100000, "grossProfitRatio": 0.7241439797923098, "researchAndDevelopmentExpenses": 0.0, "generalAndAdministrativeExpenses": 542600000, "sellingAndMarketingExpenses": 0.0, "otherExpenses": 417800000, "operatingExpenses": 960400000, "costAndExpenses": 2701700000, "interestExpense": 363600000, "depreciationAndAmortization": 935300000, "ebitda": 1084000000, "ebitdaratio": 0.380297502105, "operatingIncome": 148700000, "operatingIncomeRatio": 0.0521681167555, "totalOtherIncomeExpensesNet": 33000000, "incomeBeforeTax": -312000000, "incomeBeforeTaxRatio": -0.10947368421052632, "incomeTaxExpense": 26800000, "netIncome": 53000000, "netIncomeRatio": 0.0185938815605, "eps": -0.5, "epsdiluted": -0.5, "weightedAverageShsOut": 738748452, "weightedAverageShsOutDil": 738748452, "link": "https://www.sec.gov/Archives/edgar/data/1570585/000157058519000229/0001570585-19-000229-index.htm", "finalLink": "https://www.sec.gov/Archives/edgar/data/1570585/000157058519000229/lgjune30201910q.htm"}, {"date": "2019-03-31", "symbol": "LBTYK", "fillingDate": "2019-05-06", "acceptedDate": "2019-05-06 16:33:39", "period": "Q1", "revenue": 2868000000, "costOfRevenue": 800400000, "grossProfit": 2067600000, "grossProfitRatio": 0.7209205020920502, "researchAndDevelopmentExpenses": 0.0, "generalAndAdministrativeExpenses": 532200000, "sellingAndMarketingExpenses": 0.0, "otherExpenses": 419400000, "operatingExpenses": 951600000, "costAndExpenses": 2762500000, "interestExpense": 367300000, "depreciationAndAmortization": 953100000, "ebitda": 1058600000, "ebitdaratio": 0.369107391911, "operatingIncome": 105500000, "operatingIncomeRatio": 0.0367852161785, "totalOtherIncomeExpensesNet": 6000000.0, "incomeBeforeTax": -279000000, "incomeBeforeTaxRatio": -0.09728033472803348, "incomeTaxExpense": 27800000, "netIncome": 7000000.0, "netIncomeRatio": 0.00244072524407, "eps": -0.43, "epsdiluted": -0.43, "weightedAverageShsOut": 738748452, "weightedAverageShsOutDil": 742090960, "link": "https://www.sec.gov/Archives/edgar/data/1570585/000157058519000128/0001570585-19-000128-index.htm", "finalLink": "https://www.sec.gov/Archives/edgar/data/1570585/000157058519000128/lgmarch31201910q.htm"}, {"date": "2018-12-31", "symbol": "LBTYK", "fillingDate": "2019-02-27", "acceptedDate": "2019-02-27 16:05:52", "period": "FY", "revenue": 2860200000, "costOfRevenue": 769900000, "grossProfit": 2090300000, "grossProfitRatio": 0.7308230193692749, "researchAndDevelopmentExpenses": 0.0, "generalAndAdministrativeExpenses": 504000000, "sellingAndMarketingExpenses": 0.0, "otherExpenses": 385500000, "operatingExpenses": 889500000, "costAndExpenses": 2614000000, "interestExpense": 358100000, "depreciationAndAmortization": 919600000, "ebitda": 1165800000, "ebitdaratio": 0.407593874554, "operatingIncome": 246200000, "operatingIncomeRatio": 0.0860778966506, "totalOtherIncomeExpensesNet": 110100000, "incomeBeforeTax": 356300000, "incomeBeforeTaxRatio": 0.124571708272, "incomeTaxExpense": 674800000, "netIncome": 25100000, "netIncomeRatio": 0.0087756100972, "eps": -0.46, "epsdiluted": -0.46, "weightedAverageShsOut": 778675957, "weightedAverageShsOutDil": 778675957, "link": "https://www.sec.gov/Archives/edgar/data/1570585/000157058519000039/0001570585-19-000039-index.htm", "finalLink": "https://www.sec.gov/Archives/edgar/data/1570585/000157058519000039/lg201810-k.htm"}, {"date": "2018-09-30", "symbol": "LBTYK", "fillingDate": "2018-11-07", "acceptedDate": "2018-11-07 16:23:06", "period": "Q3", "revenue": 2958100000, "costOfRevenue": 798800000, "grossProfit": 2159300000, "grossProfitRatio": 0.7299617998039282, "researchAndDevelopmentExpenses": 0.0, "generalAndAdministrativeExpenses": 475500000, "sellingAndMarketingExpenses": 0.0, "otherExpenses": 432500000, "operatingExpenses": 908000000, "costAndExpenses": 2749500000, "interestExpense": 363600000, "depreciationAndAmortization": 948400000, "ebitda": 1157000000, "ebitdaratio": 0.391129441195, "operatingIncome": 208600000, "operatingIncomeRatio": 0.0705182380582, "totalOtherIncomeExpensesNet": 16000000, "incomeBeforeTax": -115000000, "incomeBeforeTaxRatio": -0.03887762001352265, "incomeTaxExpense": 281300000, "netIncome": 974100000, "netIncomeRatio": 0.329299212332, "eps": -0.58, "epsdiluted": -0.58, "weightedAverageShsOut": 778675957, "weightedAverageShsOutDil": 787649342, "link": "https://www.sec.gov/Archives/edgar/data/1570585/000157058518000344/0001570585-18-000344-index.htm", "finalLink": "https://www.sec.gov/Archives/edgar/data/1570585/000157058518000344/lgseptember30201810q.htm"}, {"date": "2018-06-30", "symbol": "LBTYK", "fillingDate": "2018-08-08", "acceptedDate": "2018-08-08 16:29:08", "period": "Q2", "revenue": 1983500000, "costOfRevenue": 674800000, "grossProfit": 1308700000, "grossProfitRatio": 0.6597932946811192, "researchAndDevelopmentExpenses": 0.0, "generalAndAdministrativeExpenses": 377700000, "sellingAndMarketingExpenses": 0.0, "otherExpenses": 290700000, "operatingExpenses": 668400000, "costAndExpenses": 2092300000, "interestExpense": 269200000, "depreciationAndAmortization": 733900000, "ebitda": 625100000, "ebitdaratio": 0.315149987396, "operatingIncome": -109000000, "operatingIncomeRatio": -0.054967221381744834, "totalOtherIncomeExpensesNet": 442200000, "incomeBeforeTax": 333400000, "incomeBeforeTaxRatio": 0.168086715402, "incomeTaxExpense": 149000000, "netIncome": 912600000, "netIncomeRatio": 0.46009579027, "eps": 0.54, "epsdiluted": 0.54, "weightedAverageShsOut": 798215803, "weightedAverageShsOutDil": 798215803, "link": "https://www.sec.gov/Archives/edgar/data/1570585/000157058518000300/0001570585-18-000300-index.htm", "finalLink": "https://www.sec.gov/Archives/edgar/data/1570585/000157058518000300/lgjune30201810q.htm"}, {"date": "2018-03-31", "symbol": "LBTYK", "fillingDate": "2018-05-08", "acceptedDate": "2018-05-08 16:52:03", "period": "Q1", "revenue": 4156100000, "costOfRevenue": 1002600000, "grossProfit": 3153500000, "grossProfitRatio": 0.7587642260773321, "researchAndDevelopmentExpenses": 0.0, "generalAndAdministrativeExpenses": 691900000, "sellingAndMarketingExpenses": 0.0, "otherExpenses": 608500000, "operatingExpenses": 1300400000, "costAndExpenses": 3663000000, "interestExpense": 487800000, "depreciationAndAmortization": 1312700000, "ebitda": 1805800000, "ebitdaratio": 0.434493876471, "operatingIncome": 493100000, "operatingIncomeRatio": 0.118644883424, "totalOtherIncomeExpensesNet": 9000000.0, "incomeBeforeTax": -412000000, "incomeBeforeTaxRatio": -0.09913378248315688, "incomeTaxExpense": 766100000, "netIncome": -1178000000, "netIncomeRatio": -0.2834456207892204, "eps": -1.47, "epsdiluted": -1.47, "weightedAverageShsOut": 798215803, "weightedAverageShsOutDil": 807879932, "link": "https://www.sec.gov/Archives/edgar/data/1570585/000157058518000188/0001570585-18-000188-index.htm", "finalLink": "https://www.sec.gov/Archives/edgar/data/1570585/000157058518000188/lgmarch31201810q.htm"}, {"date": "2017-12-31", "symbol": "LBTYK", "fillingDate": "2018-02-14", "acceptedDate": "2018-02-14 17:16:39", "period": "FY", "revenue": 1249000000, "costOfRevenue": 274700000, "grossProfit": 974300000, "grossProfitRatio": 0.7800640512409928, "researchAndDevelopmentExpenses": 0.0, "generalAndAdministrativeExpenses": 119000000, "sellingAndMarketingExpenses": 0.0, "otherExpenses": 76700000, "operatingExpenses": 195700000, "costAndExpenses": 848400000, "interestExpense": 198600000, "depreciationAndAmortization": 775300000, "ebitda": 1175900000, "ebitdaratio": 0.941473178543, "operatingIncome": 400600000, "operatingIncomeRatio": 0.320736589271, "totalOtherIncomeExpensesNet": -602300000, "incomeBeforeTax": -333000000, "incomeBeforeTaxRatio": -0.161489191353, "incomeTaxExpense": -59000000, "netIncome": -274000000, "netIncomeRatio": -0.794235388311, "eps": 0.01, "epsdiluted": 0.01, "weightedAverageShsOut": 171846133, "weightedAverageShsOutDil": 171846133, "link": "https://www.sec.gov/Archives/edgar/data/1570585/000157058518000065/0001570585-18-000065-index.htm", "finalLink": "https://www.sec.gov/Archives/edgar/data/1570585/000157058518000065/lg201710-k.htm"}, {"date": "2017-09-30", "symbol": "LBTYK", "fillingDate": "2017-11-01", "acceptedDate": "2017-11-01 17:06:26", "period": "Q3", "revenue": 4785400000, "costOfRevenue": 1106400000, "grossProfit": 3679000000, "grossProfitRatio": 0.7687967568019393, "researchAndDevelopmentExpenses": 0.0, "generalAndAdministrativeExpenses": 761300000, "sellingAndMarketingExpenses": 0.0, "otherExpenses": 749100000, "operatingExpenses": 1510400000, "costAndExpenses": 4449600000, "interestExpense": 582100000, "depreciationAndAmortization": 1428700000, "ebitda": 1764500000, "ebitdaratio": 0.36872570736, "operatingIncome": 335800000, "operatingIncomeRatio": 0.0701717724746, "totalOtherIncomeExpensesNet": 4000000.0, "incomeBeforeTax": -711000000, "incomeBeforeTaxRatio": -0.14858934169278998, "incomeTaxExpense": 67800000, "netIncome": -1331000000, "netIncomeRatio": -0.27816091954022987, "eps": -1.92, "epsdiluted": -1.92, "weightedAverageShsOut": 171846133, "weightedAverageShsOutDil": 172051945, "link": "https://www.sec.gov/Archives/edgar/data/1570585/000157058517000363/0001570585-17-000363-index.htm", "finalLink": "https://www.sec.gov/Archives/edgar/data/1570585/000157058517000363/lgseptember30201710q.htm"}, {"date": "2017-06-30", "symbol": "LBTYK", "fillingDate": "2017-08-07", "acceptedDate": "2017-08-07 17:04:51", "period": "Q2", "revenue": 4584600000, "costOfRevenue": 1034400000, "grossProfit": 3550200000, "grossProfitRatio": 0.7743750817955765, "researchAndDevelopmentExpenses": 0.0, "generalAndAdministrativeExpenses": 809000000, "sellingAndMarketingExpenses": 0.0, "otherExpenses": 696300000, "operatingExpenses": 1505300000, "costAndExpenses": 3942700000, "interestExpense": 561400000, "depreciationAndAmortization": 1385700000, "ebitda": 2027600000, "ebitdaratio": 0.442263229071, "operatingIncome": 641900000, "operatingIncomeRatio": 0.140012214806, "totalOtherIncomeExpensesNet": 10000000, "incomeBeforeTax": -523000000, "incomeBeforeTaxRatio": -0.11406761177753544, "incomeTaxExpense": 129700000, "netIncome": -100000000, "netIncomeRatio": -0.021810250817884406, "eps": -0.22, "epsdiluted": -0.22, "weightedAverageShsOut": 172410613, "weightedAverageShsOutDil": 172410613, "link": "https://www.sec.gov/Archives/edgar/data/1570585/000157058517000256/0001570585-17-000256-index.htm", "finalLink": "https://www.sec.gov/Archives/edgar/data/1570585/000157058517000256/lgjune30201710q.htm"}, {"date": "2017-03-31", "symbol": "LBTYK", "fillingDate": "2017-05-08", "acceptedDate": "2017-05-08 12:00:26", "period": "Q1", "revenue": 4429900000, "costOfRevenue": 1033900000, "grossProfit": 3396000000, "grossProfitRatio": 0.7666087270593016, "researchAndDevelopmentExpenses": 0.0, "generalAndAdministrativeExpenses": 786700000, "sellingAndMarketingExpenses": 0.0, "otherExpenses": 689700000, "operatingExpenses": 1476400000, "costAndExpenses": 3860700000, "interestExpense": 547500000, "depreciationAndAmortization": 1335000000, "ebitda": 1904200000, "ebitdaratio": 0.429851689654, "operatingIncome": 569200000, "operatingIncomeRatio": 0.128490485113, "totalOtherIncomeExpensesNet": 14000000, "incomeBeforeTax": -120000000, "incomeBeforeTaxRatio": -0.027094152178821405, "incomeTaxExpense": 146800000, "netIncome": -267000000, "netIncomeRatio": -0.06028448859787763, "eps": -0.16, "epsdiluted": -0.16, "weightedAverageShsOut": 172410613, "weightedAverageShsOutDil": 172743854, "link": "https://www.sec.gov/Archives/edgar/data/1570585/000157058517000155/0001570585-17-000155-index.htm", "finalLink": "https://www.sec.gov/Archives/edgar/data/1570585/000157058517000155/lgmarch31201710q.htm"}, {"date": "2016-12-31", "symbol": "LBTYK", "fillingDate": "2017-02-16", "acceptedDate": "2017-02-15 19:33:48", "period": "FY", "revenue": 5139500000, "costOfRevenue": 4606200000, "grossProfit": 533300000, "grossProfitRatio": 0.10376495768070824, "researchAndDevelopmentExpenses": 0.0, "generalAndAdministrativeExpenses": 901900000, "sellingAndMarketingExpenses": 0.0, "otherExpenses": 9000000.0, "operatingExpenses": 3566000000, "costAndExpenses": 4315300000, "interestExpense": 697600000, "depreciationAndAmortization": 1409000000, "ebitda": 2233200000, "ebitdaratio": 0.43451697636, "operatingIncome": 824200000, "operatingIncomeRatio": 0.160365794338, "totalOtherIncomeExpensesNet": 77300000, "incomeBeforeTax": 901500000, "incomeBeforeTaxRatio": 0.175406167915, "incomeTaxExpense": 1217000000, "netIncome": 2222500000, "netIncomeRatio": 0.432435061776, "eps": 0.36, "epsdiluted": 0.36, "weightedAverageShsOut": 110868650, "weightedAverageShsOutDil": 110868650, "link": "https://www.sec.gov/Archives/edgar/data/1570585/000157058517000034/0001570585-17-000034-index.htm", "finalLink": "https://www.sec.gov/Archives/edgar/data/1570585/000157058517000034/lg201610-k.htm"}, {"date": "2016-09-30", "symbol": "LBTYK", "fillingDate": "2016-11-03", "acceptedDate": "2016-11-03 17:21:18", "period": "Q3", "revenue": 5207200000, "costOfRevenue": 0.0, "grossProfit": 5207200000, "grossProfitRatio": 1.0, "researchAndDevelopmentExpenses": 0.0, "generalAndAdministrativeExpenses": 935100000, "sellingAndMarketingExpenses": 0.0, "otherExpenses": 1920300000, "operatingExpenses": 2855400000, "costAndExpenses": 4304500000, "interestExpense": 664400000, "depreciationAndAmortization": 1432400000, "ebitda": 2335100000, "ebitdaratio": 0.448436779843, "operatingIncome": 902700000, "operatingIncomeRatio": 0.173356122292, "totalOtherIncomeExpensesNet": 2000000.0, "incomeBeforeTax": -96000000, "incomeBeforeTaxRatio": -0.01843671980026887, "incomeTaxExpense": 109500000, "netIncome": 13000000, "netIncomeRatio": 0.0024966391396197426, "eps": 0.51, "epsdiluted": 0.51, "weightedAverageShsOut": 89764378, "weightedAverageShsOutDil": 89764378, "link": "https://www.sec.gov/Archives/edgar/data/1570585/000157058516000860/0001570585-16-000860-index.htm", "finalLink": "https://www.sec.gov/Archives/edgar/data/1570585/000157058516000860/libertyglobalseptember3020.htm"}, {"date": "2016-06-30", "symbol": "LBTYK", "fillingDate": "2016-08-04", "acceptedDate": "2016-08-04 17:04:26", "period": "Q2", "revenue": 5074100000, "costOfRevenue": 0.0, "grossProfit": 5074100000, "grossProfitRatio": 1.0, "researchAndDevelopmentExpenses": 0.0, "generalAndAdministrativeExpenses": 913500000, "sellingAndMarketingExpenses": 0.0, "otherExpenses": 1929500000, "operatingExpenses": 2843000000, "costAndExpenses": 4586300000, "interestExpense": 657100000, "depreciationAndAmortization": 1572100000, "ebitda": 2059900000, "ebitdaratio": 0.405963619164, "operatingIncome": 487800000, "operatingIncomeRatio": 0.0961352752212, "totalOtherIncomeExpensesNet": -24000000, "incomeBeforeTax": 165100000, "incomeBeforeTaxRatio": 0.0325377899529, "incomeTaxExpense": 56000000, "netIncome": 101400000, "netIncomeRatio": 0.0199838394986, "eps": -2.12, "epsdiluted": -2.12, "weightedAverageShsOut": 47145780, "weightedAverageShsOutDil": 47145780, "link": "https://www.sec.gov/Archives/edgar/data/1570585/000157058516000761/0001570585-16-000761-index.htm", "finalLink": "https://www.sec.gov/Archives/edgar/data/1570585/000157058516000761/libertyglobaljune30201610q.htm"}, {"date": "2016-03-31", "symbol": "LBTYK", "fillingDate": "2016-05-09", "acceptedDate": "2016-05-09 17:13:19", "period": "Q1", "revenue": 4588000000, "costOfRevenue": 0.0, "grossProfit": 4588000000, "grossProfitRatio": 1.0, "researchAndDevelopmentExpenses": 0.0, "generalAndAdministrativeExpenses": 816400000, "sellingAndMarketingExpenses": 0.0, "otherExpenses": 1725100000, "operatingExpenses": 2541500000, "costAndExpenses": 4001400000, "interestExpense": 619300000, "depreciationAndAmortization": 1455500000, "ebitda": 2042100000, "ebitdaratio": 0.445095902354, "operatingIncome": 586600000, "operatingIncomeRatio": 0.127855274629, "totalOtherIncomeExpensesNet": 53000000, "incomeBeforeTax": -421000000, "incomeBeforeTaxRatio": -0.09176111595466434, "incomeTaxExpense": -48900000, "netIncome": -372000000, "netIncomeRatio": -0.08108108108108109, "eps": -0.88, "epsdiluted": -0.88, "weightedAverageShsOut": 43933746, "weightedAverageShsOutDil": 43933746, "link": "https://www.sec.gov/Archives/edgar/data/1570585/000157058516000637/0001570585-16-000637-index.htm", "finalLink": "https://www.sec.gov/Archives/edgar/data/1570585/000157058516000637/libertyglobalmarch31201610q.htm"}, {"date": "2015-12-31", "symbol": "LBTYK", "fillingDate": "2016-02-16", "acceptedDate": "2016-02-12 18:03:24", "period": "FY", "revenue": 4599200000, "costOfRevenue": 0.0, "grossProfit": 4599200000, "grossProfitRatio": 1.0, "researchAndDevelopmentExpenses": 0.0, "generalAndAdministrativeExpenses": 749400000, "sellingAndMarketingExpenses": 0.0, "otherExpenses": 1721900000, "operatingExpenses": 2471300000, "costAndExpenses": 3977900000, "interestExpense": 607000000, "depreciationAndAmortization": 1459400000, "ebitda": 2080700000, "ebitdaratio": 0.452404766046, "operatingIncome": 621300000, "operatingIncomeRatio": 0.13508871108, "totalOtherIncomeExpensesNet": 7000000.0, "incomeBeforeTax": 56800000, "incomeBeforeTaxRatio": 0.0123499739085, "incomeTaxExpense": 315300000, "netIncome": -357000000, "netIncomeRatio": -0.07760869565217392, "eps": -0.3, "epsdiluted": -0.3, "weightedAverageShsOut": 884040481, "weightedAverageShsOutDil": 884040481, "link": "https://www.sec.gov/Archives/edgar/data/1570585/000157058516000395/0001570585-16-000395-index.htm", "finalLink": "https://www.sec.gov/Archives/edgar/data/1570585/000157058516000395/lg201510-k.htm"}, {"date": "2015-09-30", "symbol": "LBTYK", "fillingDate": "2015-11-05", "acceptedDate": "2015-11-05 17:22:57", "period": "Q3", "revenue": 4597400000, "costOfRevenue": 0.0, "grossProfit": 4597400000, "grossProfitRatio": 1.0, "researchAndDevelopmentExpenses": 0.0, "generalAndAdministrativeExpenses": 838800000, "sellingAndMarketingExpenses": 0.0, "otherExpenses": 1691700000, "operatingExpenses": 2530500000, "costAndExpenses": 4051900000, "interestExpense": 617700000, "depreciationAndAmortization": 1483800000, "ebitda": 2029300000, "ebitdaratio": 0.441401661809, "operatingIncome": 545500000, "operatingIncomeRatio": 0.118654021838, "totalOtherIncomeExpensesNet": -5000000.0, "incomeBeforeTax": 138100000, "incomeBeforeTaxRatio": 0.030038717536, "incomeTaxExpense": 3000000.0, "netIncome": 133300000, "netIncomeRatio": 0.0289946491495, "eps": 1.82, "epsdiluted": 1.82, "weightedAverageShsOut": 43905783, "weightedAverageShsOutDil": 884040481, "link": "https://www.sec.gov/Archives/edgar/data/1570585/000157058515000210/0001570585-15-000210-index.htm", "finalLink": "https://www.sec.gov/Archives/edgar/data/1570585/000157058515000210/libertyglobalseptember3020.htm"}, {"date": "2015-06-30", "symbol": "LBTYK", "fillingDate": "2015-08-04", "acceptedDate": "2015-08-04 17:17:03", "period": "Q2", "revenue": 4566500000, "costOfRevenue": 0.0, "grossProfit": 4566500000, "grossProfitRatio": 1.0, "researchAndDevelopmentExpenses": 0.0, "generalAndAdministrativeExpenses": 773600000, "sellingAndMarketingExpenses": 0.0, "otherExpenses": 1664500000, "operatingExpenses": 2438100000, "costAndExpenses": 3941600000, "interestExpense": 600800000, "depreciationAndAmortization": 1493500000, "ebitda": 2118400000, "ebitdaratio": 0.463900142341, "operatingIncome": 624900000, "operatingIncomeRatio": 0.13684441038, "totalOtherIncomeExpensesNet": -1000000.0, "incomeBeforeTax": -280000000, "incomeBeforeTaxRatio": -0.061309393474928836, "incomeTaxExpense": 130000000, "netIncome": -410000000, "netIncomeRatio": -0.08977446901686008, "eps": -0.52, "epsdiluted": -0.52, "weightedAverageShsOut": 884040481, "weightedAverageShsOutDil": 884040481, "link": "https://www.sec.gov/Archives/edgar/data/1570585/000157058515000159/0001570585-15-000159-index.htm", "finalLink": "https://www.sec.gov/Archives/edgar/data/1570585/000157058515000159/libertyglobaljune30201510q.htm"}, {"date": "2015-03-31", "symbol": "LBTYK", "fillingDate": "2015-05-07", "acceptedDate": "2015-05-07 17:11:41", "period": "Q1", "revenue": 4516900000, "costOfRevenue": 0.0, "grossProfit": 4516900000, "grossProfitRatio": 1.0, "researchAndDevelopmentExpenses": 0.0, "generalAndAdministrativeExpenses": 805100000, "sellingAndMarketingExpenses": 0.0, "otherExpenses": 1685900000, "operatingExpenses": 2491000000, "costAndExpenses": 3959400000, "interestExpense": 615900000, "depreciationAndAmortization": 1469900000, "ebitda": 2027400000, "ebitdaratio": 0.448847661006, "operatingIncome": 557500000, "operatingIncomeRatio": 0.1234253581, "totalOtherIncomeExpensesNet": -1000000.0, "incomeBeforeTax": -599000000, "incomeBeforeTaxRatio": -0.13263950398582816, "incomeTaxExpense": -77900000, "netIncome": -521000000, "netIncomeRatio": -0.11536758193091232, "eps": -0.61, "epsdiluted": -0.61, "weightedAverageShsOut": 887264545, "weightedAverageShsOutDil": 887264545, "link": "https://www.sec.gov/Archives/edgar/data/1570585/000157058515000082/0001570585-15-000082-index.htm", "finalLink": "https://www.sec.gov/Archives/edgar/data/1570585/000157058515000082/libertyglobalmarch31201510q.htm"}, {"date": "2014-12-31", "symbol": "LBTYK", "fillingDate": "2015-02-13", "acceptedDate": "2015-02-12 18:19:23", "period": "FY", "revenue": 4615200000, "costOfRevenue": 0.0, "grossProfit": 4615200000, "grossProfitRatio": 1.0, "researchAndDevelopmentExpenses": 0.0, "generalAndAdministrativeExpenses": 817800000, "sellingAndMarketingExpenses": 0.0, "otherExpenses": 1732700000, "operatingExpenses": 2550500000, "costAndExpenses": 4341900000, "interestExpense": 632100000, "depreciationAndAmortization": 1436800000, "ebitda": 1710100000, "ebitdaratio": 0.370536488126, "operatingIncome": 273300000, "operatingIncomeRatio": 0.0592173686947, "totalOtherIncomeExpensesNet": -878900000, "incomeBeforeTax": -605000000, "incomeBeforeTaxRatio": -0.13109425785482123, "incomeTaxExpense": 103000000, "netIncome": -708000000, "netIncomeRatio": -0.1534127843986999, "eps": -0.66, "epsdiluted": -0.66, "weightedAverageShsOut": 798869761, "weightedAverageShsOutDil": 798869761, "link": "https://www.sec.gov/Archives/edgar/data/1570585/000157058515000014/0001570585-15-000014-index.htm", "finalLink": "https://www.sec.gov/Archives/edgar/data/1570585/000157058515000014/lg201410-k.htm"}, {"date": "2014-09-30", "symbol": "LBTYK", "fillingDate": "2014-11-05", "acceptedDate": "2014-11-05 16:43:13", "period": "Q3", "revenue": 4497200000, "costOfRevenue": 0.0, "grossProfit": 4497200000, "grossProfitRatio": 1.0, "researchAndDevelopmentExpenses": 0.0, "generalAndAdministrativeExpenses": 800000000, "sellingAndMarketingExpenses": 0.0, "otherExpenses": 1659700000, "operatingExpenses": 2459700000, "costAndExpenses": 3793500000, "interestExpense": 617300000, "depreciationAndAmortization": 1335300000, "ebitda": 2039000000, "ebitdaratio": 0.45339322245, "operatingIncome": 703700000, "operatingIncomeRatio": 0.156475140087, "totalOtherIncomeExpensesNet": -382400000, "incomeBeforeTax": 321300000, "incomeBeforeTaxRatio": 0.0714444543271, "incomeTaxExpense": 145600000, "netIncome": 157100000, "netIncomeRatio": 0.0349328471049, "eps": 0.21, "epsdiluted": 0.21, "weightedAverageShsOut": 784112867, "weightedAverageShsOutDil": 784112867, "link": "https://www.sec.gov/Archives/edgar/data/1570585/000157058514000197/0001570585-14-000197-index.htm", "finalLink": "https://www.sec.gov/Archives/edgar/data/1570585/000157058514000197/libertyglobalsept30201410q.htm"}, {"date": "2014-06-30", "symbol": "LBTYK", "fillingDate": "2014-08-05", "acceptedDate": "2014-08-05 17:11:56", "period": "Q2", "revenue": 4602200000, "costOfRevenue": 0.0, "grossProfit": 4602200000, "grossProfitRatio": 1.0, "researchAndDevelopmentExpenses": 0.0, "generalAndAdministrativeExpenses": 792500000, "sellingAndMarketingExpenses": 0.0, "otherExpenses": 1719200000, "operatingExpenses": 2511700000, "costAndExpenses": 3932700000, "interestExpense": 641800000, "depreciationAndAmortization": 1413200000, "ebitda": 2082700000, "ebitdaratio": 0.45254443527, "operatingIncome": 669500000, "operatingIncomeRatio": 0.145473903785, "totalOtherIncomeExpensesNet": -904100000, "incomeBeforeTax": -234000000, "incomeBeforeTaxRatio": -0.05084745762711865, "incomeTaxExpense": -600000.0, "netIncome": -234000000, "netIncomeRatio": -0.05084745762711865, "eps": -0.32, "epsdiluted": -0.32, "weightedAverageShsOut": 787737909, "weightedAverageShsOutDil": 787737909, "link": "https://www.sec.gov/Archives/edgar/data/1570585/000157058514000149/0001570585-14-000149-index.htm", "finalLink": "https://www.sec.gov/Archives/edgar/data/1570585/000157058514000149/libertyglobaljune30201410q.htm"}, {"date": "2014-03-31", "symbol": "LBTYK", "fillingDate": "2014-05-06", "acceptedDate": "2014-05-06 17:06:50", "period": "Q1", "revenue": 4533700000, "costOfRevenue": 0.0, "grossProfit": 4533700000, "grossProfitRatio": 1.0, "researchAndDevelopmentExpenses": 0.0, "generalAndAdministrativeExpenses": 762500000, "sellingAndMarketingExpenses": 0.0, "otherExpenses": 1698800000, "operatingExpenses": 2461300000, "costAndExpenses": 3952000000, "interestExpense": 653500000, "depreciationAndAmortization": 1399100000, "ebitda": 1980800000, "ebitdaratio": 0.436905838498, "operatingIncome": 581700000, "operatingIncomeRatio": 0.128305798796, "totalOtherIncomeExpensesNet": -1118700000, "incomeBeforeTax": -537000000, "incomeBeforeTaxRatio": -0.1184645929847783, "incomeTaxExpense": 117000000, "netIncome": -654000000, "netIncomeRatio": -0.1442753143613501, "eps": -0.1, "epsdiluted": -0.1, "weightedAverageShsOut": 0.0, "weightedAverageShsOutDil": 0.0, "link": "https://www.sec.gov/Archives/edgar/data/1570585/000157058514000094/0001570585-14-000094-index.htm", "finalLink": "https://www.sec.gov/Archives/edgar/data/1570585/000157058514000094/libertyglobalmarch31201410q.htm"}, {"date": "2013-12-31", "symbol": "LBTYK", "fillingDate": "2014-02-13", "acceptedDate": "2014-02-13 17:32:11", "period": "FY", "revenue": 4173400000, "costOfRevenue": 0.0, "grossProfit": 4173400000, "grossProfitRatio": 1.0, "researchAndDevelopmentExpenses": 0.0, "generalAndAdministrativeExpenses": 717600000, "sellingAndMarketingExpenses": 0.0, "otherExpenses": 1516700000, "operatingExpenses": 2234300000, "costAndExpenses": 3653800000, "interestExpense": 644200000, "depreciationAndAmortization": 1350700000, "ebitda": 1870300000, "ebitdaratio": 0.448147793166, "operatingIncome": 519600000, "operatingIncomeRatio": 0.12450280347, "totalOtherIncomeExpensesNet": 6000000.0, "incomeBeforeTax": -181000000, "incomeBeforeTaxRatio": -0.04336367992333493, "incomeTaxExpense": 90000000, "netIncome": -271000000, "netIncomeRatio": -0.06492573071394346, "eps": -0.21, "epsdiluted": -0.21, "weightedAverageShsOut": 336174270, "weightedAverageShsOutDil": 336174270, "link": "https://www.sec.gov/Archives/edgar/data/1570585/000157058514000029/0001570585-14-000029-index.htm", "finalLink": "https://www.sec.gov/Archives/edgar/data/1570585/000157058514000029/lgi201310-k.htm"}, {"date": "2013-09-30", "symbol": "LBTYK", "fillingDate": "2013-11-05", "acceptedDate": "2013-11-05 17:23:33", "period": "Q3", "revenue": 4371200000, "costOfRevenue": 0.0, "grossProfit": 4371200000, "grossProfitRatio": 1.0, "researchAndDevelopmentExpenses": 0.0, "generalAndAdministrativeExpenses": 766000000, "sellingAndMarketingExpenses": 0.0, "otherExpenses": 1702900000, "operatingExpenses": 2468900000, "costAndExpenses": 3849300000, "interestExpense": 630200000, "depreciationAndAmortization": 1413100000, "ebitda": 1935000000, "ebitdaratio": 0.442670204978, "operatingIncome": 521900000, "operatingIncomeRatio": 0.119395131772, "totalOtherIncomeExpensesNet": -6000000.0, "incomeBeforeTax": -592000000, "incomeBeforeTaxRatio": -0.1354381148478609, "incomeTaxExpense": 228800000, "netIncome": -363000000, "netIncomeRatio": -0.08304735758407687, "eps": -2.61, "epsdiluted": -2.61, "weightedAverageShsOut": 274808558, "weightedAverageShsOutDil": 274808558, "link": "https://www.sec.gov/Archives/edgar/data/1570585/000157058513000077/0001570585-13-000077-index.htm", "finalLink": "https://www.sec.gov/Archives/edgar/data/1570585/000157058513000077/lgsept30201310q.htm"}, {"date": "2013-06-30", "symbol": "LBTYK", "fillingDate": null, "acceptedDate": "Not found...", "period": "Q2", "revenue": -2629700000, "costOfRevenue": 2388500000, "grossProfit": 241200000, "grossProfitRatio": -0.09172148914324828, "researchAndDevelopmentExpenses": 0.0, "generalAndAdministrativeExpenses": -443600000, "sellingAndMarketingExpenses": 0.0, "otherExpenses": 961200000, "operatingExpenses": 517600000, "costAndExpenses": -3137300000, "interestExpense": -58500000, "depreciationAndAmortization": -1204200000, "ebitda": -696600000, "ebitdaratio": 0.264897136556, "operatingIncome": 507600000, "operatingIncomeRatio": -0.193025820436, "totalOtherIncomeExpensesNet": -185100000, "incomeBeforeTax": 322500000, "incomeBeforeTaxRatio": -0.12263756322, "incomeTaxExpense": 232600000, "netIncome": -12920500000, "netIncomeRatio": 4.91329809484, "eps": 0.13, "epsdiluted": 0.13, "weightedAverageShsOut": 0.0, "weightedAverageShsOutDil": 0.0, "link": "updating...", "finalLink": null}]