[{"date": "2020-03-31", "symbol": "INCY", "fillingDate": "2020-05-05", "acceptedDate": "2020-05-05 16:09:15", "period": "Q1", "revenue": 568507000, "costOfRevenue": 27319000, "grossProfit": 541188000, "grossProfitRatio": 0.9519460622296647, "researchAndDevelopmentExpenses": 1085287000, "generalAndAdministrativeExpenses": 111148000, "sellingAndMarketingExpenses": 0.0, "otherExpenses": 2130000.0, "operatingExpenses": 1198565000, "costAndExpenses": 1232511000, "interestExpense": 602000.0, "depreciationAndAmortization": 13098000, "ebitda": -650906000, "ebitdaratio": -1.1449392883464935, "operatingIncome": -664004000, "operatingIncomeRatio": -1.167978582497665, "totalOtherIncomeExpensesNet": 8662000.0, "incomeBeforeTax": -704076000, "incomeBeforeTaxRatio": -1.238464961733101, "incomeTaxExpense": 16600000, "netIncome": -720642000, "netIncomeRatio": -1.2676044446242527, "eps": -3.33, "epsdiluted": -3.33, "weightedAverageShsOut": 216721000, "weightedAverageShsOutDil": 216721000, "link": "https://www.sec.gov/Archives/edgar/data/879169/000155837020005185/0001558370-20-005185-index.htm", "finalLink": "https://www.sec.gov/Archives/edgar/data/879169/000155837020005185/incy-20200505x10q.htm"}, {"date": "2019-12-31", "symbol": "INCY", "fillingDate": "2020-02-13", "acceptedDate": "2020-02-13 16:05:19", "period": "FY", "revenue": 579389000, "costOfRevenue": 32215000, "grossProfit": 547174000, "grossProfitRatio": 0.9443983230610177, "researchAndDevelopmentExpenses": 312867000, "generalAndAdministrativeExpenses": 136177000, "sellingAndMarketingExpenses": 0.0, "otherExpenses": 15848000, "operatingExpenses": 449044000, "costAndExpenses": 484381000, "interestExpense": 607000.0, "depreciationAndAmortization": 13345000, "ebitda": 108353000, "ebitdaratio": 0.187012525264, "operatingIncome": 95008000, "operatingIncomeRatio": 0.163979640621, "totalOtherIncomeExpensesNet": 15848000, "incomeBeforeTax": 126004000, "incomeBeforeTaxRatio": 0.21747737703, "incomeTaxExpense": 14985000, "netIncome": 111005000, "netIncomeRatio": 0.191589760938, "eps": 0.51, "epsdiluted": 0.5, "weightedAverageShsOut": 214913000, "weightedAverageShsOutDil": 217657000, "link": "https://www.sec.gov/Archives/edgar/data/879169/000155837020000774/0001558370-20-000774-index.htm", "finalLink": "https://www.sec.gov/Archives/edgar/data/879169/000155837020000774/incy-20191231x10k6c65b7.htm"}, {"date": "2019-09-30", "symbol": "INCY", "fillingDate": "2019-10-29", "acceptedDate": "2019-10-29 19:38:47", "period": "Q3", "revenue": 551581000, "costOfRevenue": 30040000, "grossProfit": 521541000, "grossProfitRatio": 0.9455383706110254, "researchAndDevelopmentExpenses": 281336000, "generalAndAdministrativeExpenses": 102608000, "sellingAndMarketingExpenses": 0.0, "otherExpenses": 11961000, "operatingExpenses": 383944000, "costAndExpenses": 417265000, "interestExpense": 597000.0, "depreciationAndAmortization": 13862000, "ebitda": 148178000, "ebitdaratio": 0.268642320892, "operatingIncome": 134316000, "operatingIncomeRatio": 0.243510925866, "totalOtherIncomeExpensesNet": 11961000, "incomeBeforeTax": 148019000, "incomeBeforeTaxRatio": 0.268354058606, "incomeTaxExpense": 19800000, "netIncome": 128271000, "netIncomeRatio": 0.232551520085, "eps": 0.6, "epsdiluted": 0.59, "weightedAverageShsOut": 214628000, "weightedAverageShsOutDil": 217393000, "link": "https://www.sec.gov/Archives/edgar/data/879169/000155837019009326/0001558370-19-009326-index.htm", "finalLink": "https://www.sec.gov/Archives/edgar/data/879169/000155837019009326/incy-20190930x10q.htm"}, {"date": "2019-06-30", "symbol": "INCY", "fillingDate": "2019-07-30", "acceptedDate": "2019-07-30 16:06:50", "period": "Q2", "revenue": 529932000, "costOfRevenue": 29406000, "grossProfit": 500526000, "grossProfitRatio": 0.9445098616426258, "researchAndDevelopmentExpenses": 289363000, "generalAndAdministrativeExpenses": 105943000, "sellingAndMarketingExpenses": 0.0, "otherExpenses": 15000000, "operatingExpenses": 395306000, "costAndExpenses": 431320000, "interestExpense": 316000.0, "depreciationAndAmortization": 13435000, "ebitda": 112047000, "ebitdaratio": 0.211436561672, "operatingIncome": 98612000, "operatingIncomeRatio": 0.186084252319, "totalOtherIncomeExpensesNet": 15000000, "incomeBeforeTax": 108671000, "incomeBeforeTaxRatio": 0.205065932988, "incomeTaxExpense": 3315000.0, "netIncome": 105318000, "netIncomeRatio": 0.198738706098, "eps": 0.49, "epsdiluted": 0.49, "weightedAverageShsOut": 214342000, "weightedAverageShsOutDil": 217274000, "link": "https://www.sec.gov/Archives/edgar/data/879169/000155837019006550/0001558370-19-006550-index.htm", "finalLink": "https://www.sec.gov/Archives/edgar/data/879169/000155837019006550/incy-20190630x10q.htm"}, {"date": "2019-03-31", "symbol": "INCY", "fillingDate": "2019-04-30", "acceptedDate": "2019-04-30 16:05:32", "period": "Q1", "revenue": 497857000, "costOfRevenue": 22588000, "grossProfit": 475269000, "grossProfitRatio": 0.9546295422179462, "researchAndDevelopmentExpenses": 270545000, "generalAndAdministrativeExpenses": 123983000, "sellingAndMarketingExpenses": 0.0, "otherExpenses": 9373000.0, "operatingExpenses": 394528000, "costAndExpenses": 423787000, "interestExpense": 335000.0, "depreciationAndAmortization": 13891000, "ebitda": 87961000, "ebitdaratio": 0.176679247254, "operatingIncome": 74070000, "operatingIncomeRatio": 0.148777661055, "totalOtherIncomeExpensesNet": 9373000.0, "incomeBeforeTax": 104097000, "incomeBeforeTaxRatio": 0.209090160428, "incomeTaxExpense": 1785000.0, "netIncome": 102312000, "netIncomeRatio": 0.205504793545, "eps": 0.48, "epsdiluted": 0.47, "weightedAverageShsOut": 214065000, "weightedAverageShsOutDil": 217061000, "link": "https://www.sec.gov/Archives/edgar/data/879169/000155837019003610/0001558370-19-003610-index.htm", "finalLink": "https://www.sec.gov/Archives/edgar/data/879169/000155837019003610/incy-20190331x10q.htm"}, {"date": "2018-12-31", "symbol": "INCY", "fillingDate": "2019-02-14", "acceptedDate": "2019-02-14 16:07:03", "period": "FY", "revenue": 528402000, "costOfRevenue": 26366000, "grossProfit": 502036000, "grossProfitRatio": 0.9501023841696284, "researchAndDevelopmentExpenses": 304238000, "generalAndAdministrativeExpenses": 108358000, "sellingAndMarketingExpenses": 0.0, "otherExpenses": 11279000, "operatingExpenses": 412596000, "costAndExpenses": 446427000, "interestExpense": 355000.0, "depreciationAndAmortization": 14226000, "ebitda": 96201000, "ebitdaratio": 0.182060249583, "operatingIncome": 81975000, "operatingIncomeRatio": 0.155137565717, "totalOtherIncomeExpensesNet": 11279000, "incomeBeforeTax": 70717000, "incomeBeforeTaxRatio": 0.133831817442, "incomeTaxExpense": 1654000.0, "netIncome": 69063000, "netIncomeRatio": 0.130701624899, "eps": 0.33, "epsdiluted": 0.32, "weightedAverageShsOut": 212383000, "weightedAverageShsOutDil": 215635000, "link": "https://www.sec.gov/Archives/edgar/data/879169/000155837019000682/0001558370-19-000682-index.htm", "finalLink": "https://www.sec.gov/Archives/edgar/data/879169/000155837019000682/incy-20181231x10k.htm"}, {"date": "2018-09-30", "symbol": "INCY", "fillingDate": "2018-10-30", "acceptedDate": "2018-10-30 16:02:55", "period": "Q3", "revenue": 449683000, "costOfRevenue": 24795000, "grossProfit": 424888000, "grossProfitRatio": 0.9448611577489031, "researchAndDevelopmentExpenses": 292527000, "generalAndAdministrativeExpenses": 96522000, "sellingAndMarketingExpenses": 0.0, "otherExpenses": 10211000, "operatingExpenses": 389049000, "costAndExpenses": 418564000, "interestExpense": 405000.0, "depreciationAndAmortization": 13818000, "ebitda": 44937000, "ebitdaratio": 0.0999303954119, "operatingIncome": 31119000, "operatingIncomeRatio": 0.0692020823558, "totalOtherIncomeExpensesNet": 10211000, "incomeBeforeTax": 30976000, "incomeBeforeTaxRatio": 0.0688840805634, "incomeTaxExpense": 1800000.0, "netIncome": 29176000, "netIncomeRatio": 0.0648812607993, "eps": 0.14, "epsdiluted": 0.14, "weightedAverageShsOut": 212172000, "weightedAverageShsOutDil": 215516000, "link": "https://www.sec.gov/Archives/edgar/data/879169/000155837018008052/0001558370-18-008052-index.htm", "finalLink": "https://www.sec.gov/Archives/edgar/data/879169/000155837018008052/incy-20180930x10q.htm"}, {"date": "2018-06-30", "symbol": "INCY", "fillingDate": "2018-07-31", "acceptedDate": "2018-07-31 16:02:57", "period": "Q2", "revenue": 521516000, "costOfRevenue": 24856000, "grossProfit": 496660000, "grossProfitRatio": 0.9523389502910745, "researchAndDevelopmentExpenses": 298089000, "generalAndAdministrativeExpenses": 108029000, "sellingAndMarketingExpenses": 0.0, "otherExpenses": 5808000.0, "operatingExpenses": 406118000, "costAndExpenses": 438277000, "interestExpense": 398000.0, "depreciationAndAmortization": 13501000, "ebitda": 96740000, "ebitdaratio": 0.185497664501, "operatingIncome": 83239000, "operatingIncomeRatio": 0.159609676405, "totalOtherIncomeExpensesNet": 5808000.0, "incomeBeforeTax": 54008000, "incomeBeforeTaxRatio": 0.103559622332, "incomeTaxExpense": 1614000.0, "netIncome": 52394000, "netIncomeRatio": 0.100464798779, "eps": 0.24, "epsdiluted": 0.24, "weightedAverageShsOut": 211945000, "weightedAverageShsOutDil": 215294000, "link": "https://www.sec.gov/Archives/edgar/data/879169/000155837018005974/0001558370-18-005974-index.htm", "finalLink": "https://www.sec.gov/Archives/edgar/data/879169/000155837018005974/incy-20180630x10q.htm"}, {"date": "2018-03-31", "symbol": "INCY", "fillingDate": "2018-05-01", "acceptedDate": "2018-05-01 16:03:35", "period": "Q1", "revenue": 382282000, "costOfRevenue": 18106000, "grossProfit": 364176000, "grossProfitRatio": 0.9526370585065476, "researchAndDevelopmentExpenses": 303103000, "generalAndAdministrativeExpenses": 121498000, "sellingAndMarketingExpenses": 0.0, "otherExpenses": 4462000.0, "operatingExpenses": 424601000, "costAndExpenses": 449392000, "interestExpense": 385000.0, "depreciationAndAmortization": 13424000, "ebitda": -53686000, "ebitdaratio": -0.14043559466571798, "operatingIncome": -67110000, "operatingIncomeRatio": -0.17555103300704716, "totalOtherIncomeExpensesNet": 4462000.0, "incomeBeforeTax": -40354000, "incomeBeforeTaxRatio": -0.10556081636069707, "incomeTaxExpense": 786000.0, "netIncome": -41140000, "netIncomeRatio": -0.1076168901491569, "eps": -0.19, "epsdiluted": -0.19, "weightedAverageShsOut": 211945000, "weightedAverageShsOutDil": 211681000, "link": "https://www.sec.gov/Archives/edgar/data/879169/000155837018003642/0001558370-18-003642-index.htm", "finalLink": "https://www.sec.gov/Archives/edgar/data/879169/000155837018003642/incy-20180331x10q.htm"}, {"date": "2017-12-31", "symbol": "INCY", "fillingDate": "2018-02-15", "acceptedDate": "2018-02-15 16:03:25", "period": "FY", "revenue": 444156000, "costOfRevenue": 22359000, "grossProfit": 421797000, "grossProfitRatio": 0.9496595790668143, "researchAndDevelopmentExpenses": 446938000, "generalAndAdministrativeExpenses": 97829000, "sellingAndMarketingExpenses": 0.0, "otherExpenses": 0.0, "operatingExpenses": 544767000, "costAndExpenses": 576744000, "interestExpense": 373000.0, "depreciationAndAmortization": 12859000, "ebitda": -119729000, "ebitdaratio": -0.2695651978133809, "operatingIncome": -132588000, "operatingIncomeRatio": -0.2985167373625483, "totalOtherIncomeExpensesNet": 6616000.0, "incomeBeforeTax": -148277000, "incomeBeforeTaxRatio": -0.33383991210295483, "incomeTaxExpense": 1352000.0, "netIncome": -149629000, "netIncomeRatio": -0.33688388764308036, "eps": -0.72, "epsdiluted": -0.72, "weightedAverageShsOut": 204580000, "weightedAverageShsOutDil": 204580000, "link": "https://www.sec.gov/Archives/edgar/data/879169/000155837018000722/0001558370-18-000722-index.htm", "finalLink": "https://www.sec.gov/Archives/edgar/data/879169/000155837018000722/incy-20171231x10k.htm"}, {"date": "2017-09-30", "symbol": "INCY", "fillingDate": "2017-10-31", "acceptedDate": "2017-10-31 16:03:50", "period": "Q3", "revenue": 381534000, "costOfRevenue": 22036000, "grossProfit": 359498000, "grossProfitRatio": 0.9422436794623809, "researchAndDevelopmentExpenses": 269612000, "generalAndAdministrativeExpenses": 91271000, "sellingAndMarketingExpenses": 0.0, "otherExpenses": 0.0, "operatingExpenses": 360883000, "costAndExpenses": 366576000, "interestExpense": 204000.0, "depreciationAndAmortization": 11940000, "ebitda": 26898000, "ebitdaratio": 0.0704996147132, "operatingIncome": 14958000, "operatingIncomeRatio": 0.0392048939282, "totalOtherIncomeExpensesNet": 5555000.0, "incomeBeforeTax": 43354000, "incomeBeforeTaxRatio": 0.113630764231, "incomeTaxExpense": 7300000.0, "netIncome": 36054000, "netIncomeRatio": 0.0944974759785, "eps": 0.19, "epsdiluted": 0.19, "weightedAverageShsOut": 202399000, "weightedAverageShsOutDil": 202399000, "link": "https://www.sec.gov/Archives/edgar/data/879169/000155837017007810/0001558370-17-007810-index.htm", "finalLink": "https://www.sec.gov/Archives/edgar/data/879169/000155837017007810/incy-20170930x10q.htm"}, {"date": "2017-06-30", "symbol": "INCY", "fillingDate": "2017-08-01", "acceptedDate": "2017-08-01 16:02:49", "period": "Q2", "revenue": 326444000, "costOfRevenue": 20260000, "grossProfit": 306184000, "grossProfitRatio": 0.9379372878656064, "researchAndDevelopmentExpenses": 201839000, "generalAndAdministrativeExpenses": 90072000, "sellingAndMarketingExpenses": 0.0, "otherExpenses": 751000.0, "operatingExpenses": 292662000, "costAndExpenses": 319244000, "interestExpense": 384000.0, "depreciationAndAmortization": 12352000, "ebitda": 19552000, "ebitdaratio": 0.0598938868535, "operatingIncome": 7200000.0, "operatingIncomeRatio": 0.0220558503143, "totalOtherIncomeExpensesNet": 4125000.0, "incomeBeforeTax": -9384000.0, "incomeBeforeTaxRatio": -0.02874612490963228, "incomeTaxExpense": 3100000.0, "netIncome": -12484000, "netIncomeRatio": -0.03824239379495411, "eps": -0.04, "epsdiluted": -0.04, "weightedAverageShsOut": 200200000, "weightedAverageShsOutDil": 200200000, "link": "https://www.sec.gov/Archives/edgar/data/879169/000155837017005591/0001558370-17-005591-index.htm", "finalLink": "https://www.sec.gov/Archives/edgar/data/879169/000155837017005591/incy-20170630x10q.htm"}, {"date": "2017-03-31", "symbol": "INCY", "fillingDate": "2017-05-04", "acceptedDate": "2017-05-04 16:23:14", "period": "Q1", "revenue": 384082000, "costOfRevenue": 14824000, "grossProfit": 369258000, "grossProfitRatio": 0.9614040751714478, "researchAndDevelopmentExpenses": 407972000, "generalAndAdministrativeExpenses": 87234000, "sellingAndMarketingExpenses": 0.0, "otherExpenses": 54130000, "operatingExpenses": 549336000, "costAndExpenses": 517386000, "interestExpense": 5939000.0, "depreciationAndAmortization": 15027000, "ebitda": -118277000, "ebitdaratio": -0.307947261261918, "operatingIncome": -133304000, "operatingIncomeRatio": -0.3470717190599924, "totalOtherIncomeExpensesNet": 1204000.0, "incomeBeforeTax": -197983000, "incomeBeforeTaxRatio": -0.5154706547039434, "incomeTaxExpense": -10900000, "netIncome": -187083000, "netIncomeRatio": -0.4870912982123609, "eps": -0.96, "epsdiluted": -0.96, "weightedAverageShsOut": 195260000, "weightedAverageShsOutDil": 195260000, "link": "https://www.sec.gov/Archives/edgar/data/879169/000155837017003529/0001558370-17-003529-index.htm", "finalLink": "https://www.sec.gov/Archives/edgar/data/879169/000155837017003529/incy-20170331x10q.htm"}, {"date": "2016-12-31", "symbol": "INCY", "fillingDate": "2017-02-14", "acceptedDate": "2017-02-14 16:13:15", "period": "FY", "revenue": 326498000, "costOfRevenue": 19610000, "grossProfit": 306888000, "grossProfitRatio": 0.9399383763453375, "researchAndDevelopmentExpenses": 161585000, "generalAndAdministrativeExpenses": 96085000, "sellingAndMarketingExpenses": 0.0, "otherExpenses": 0.0, "operatingExpenses": 257670000, "costAndExpenses": 284419000, "interestExpense": 9470000.0, "depreciationAndAmortization": 17566000, "ebitda": 59645000, "ebitdaratio": 0.182681057771, "operatingIncome": 42079000, "operatingIncomeRatio": 0.128879809371, "totalOtherIncomeExpensesNet": 594000.0, "incomeBeforeTax": 9445000.0, "incomeBeforeTaxRatio": 0.0289282017041, "incomeTaxExpense": 572000.0, "netIncome": 8873000.0, "netIncomeRatio": 0.0271762767306, "eps": 0.04, "epsdiluted": 0.05, "weightedAverageShsOut": 187873000, "weightedAverageShsOutDil": 194125000, "link": "https://www.sec.gov/Archives/edgar/data/879169/000155837017000594/0001558370-17-000594-index.htm", "finalLink": "https://www.sec.gov/Archives/edgar/data/879169/000155837017000594/incy-20161231x10k.htm"}, {"date": "2016-09-30", "symbol": "INCY", "fillingDate": "2016-11-01", "acceptedDate": "2016-11-01 16:11:45", "period": "Q3", "revenue": 269469000, "costOfRevenue": 20205000, "grossProfit": 249264000, "grossProfitRatio": 0.9250192044353897, "researchAndDevelopmentExpenses": 143184000, "generalAndAdministrativeExpenses": 75776000, "sellingAndMarketingExpenses": 0.0, "otherExpenses": 0.0, "operatingExpenses": 218960000, "costAndExpenses": 247177000, "interestExpense": 9479000.0, "depreciationAndAmortization": 16951000, "ebitda": 39243000, "ebitdaratio": 0.145630851786, "operatingIncome": 22292000, "operatingIncomeRatio": 0.0827256567546, "totalOtherIncomeExpensesNet": 1188000.0, "incomeBeforeTax": 38302000, "incomeBeforeTaxRatio": 0.142138798897, "incomeTaxExpense": 1425000.0, "netIncome": 36877000, "netIncomeRatio": 0.136850621036, "eps": 0.2, "epsdiluted": 0.19, "weightedAverageShsOut": 187632000, "weightedAverageShsOutDil": 193754000, "link": "https://www.sec.gov/Archives/edgar/data/879169/000155837016008973/0001558370-16-008973-index.htm", "finalLink": "https://www.sec.gov/Archives/edgar/data/879169/000155837016008973/incy-20160930x10q.htm"}, {"date": "2016-06-30", "symbol": "INCY", "fillingDate": "2016-08-09", "acceptedDate": "2016-08-09 16:57:43", "period": "Q2", "revenue": 246288000, "costOfRevenue": 12367000, "grossProfit": 233921000, "grossProfitRatio": 0.9497864288962515, "researchAndDevelopmentExpenses": 120268000, "generalAndAdministrativeExpenses": 66794000, "sellingAndMarketingExpenses": 0.0, "otherExpenses": 0.0, "operatingExpenses": 187062000, "costAndExpenses": 201700000, "interestExpense": 9662000.0, "depreciationAndAmortization": 12850000, "ebitda": 57438000, "ebitdaratio": 0.233214772949, "operatingIncome": 44588000, "operatingIncomeRatio": 0.181040083155, "totalOtherIncomeExpensesNet": 1138000.0, "incomeBeforeTax": 35210000, "incomeBeforeTaxRatio": 0.142962710323, "incomeTaxExpense": 785000.0, "netIncome": 34425000, "netIncomeRatio": 0.139775384915, "eps": 0.18, "epsdiluted": 0.18, "weightedAverageShsOut": 187433.0, "weightedAverageShsOutDil": 192820.0, "link": "https://www.sec.gov/Archives/edgar/data/879169/000155837016007827/0001558370-16-007827-index.htm", "finalLink": "https://www.sec.gov/Archives/edgar/data/879169/000155837016007827/incy-20160630x10q.htm"}, {"date": "2016-03-31", "symbol": "INCY", "fillingDate": "2016-05-09", "acceptedDate": "2016-05-09 16:50:57", "period": "Q1", "revenue": 263464000, "costOfRevenue": 6005000.0, "grossProfit": 257459000, "grossProfitRatio": 0.9772075122217836, "researchAndDevelopmentExpenses": 156824000, "generalAndAdministrativeExpenses": 64596000, "sellingAndMarketingExpenses": 0.0, "otherExpenses": 0.0, "operatingExpenses": 221420000, "costAndExpenses": 227425000, "interestExpense": 10134000, "depreciationAndAmortization": 11058000, "ebitda": 47097000, "ebitdaratio": 0.178760665594, "operatingIncome": 36039000, "operatingIncomeRatio": 0.136789086934, "totalOtherIncomeExpensesNet": 1492000.0, "incomeBeforeTax": 24447000, "incomeBeforeTaxRatio": 0.0927906658974, "incomeTaxExpense": 400000.0, "netIncome": 24047000, "netIncomeRatio": 0.0912724319072, "eps": 0.13, "epsdiluted": 0.12, "weightedAverageShsOut": 187184.0, "weightedAverageShsOutDil": 192625.0, "link": "https://www.sec.gov/Archives/edgar/data/879169/000155837016005699/0001558370-16-005699-index.htm", "finalLink": "https://www.sec.gov/Archives/edgar/data/879169/000155837016005699/incy-20160331x10q.htm"}, {"date": "2015-12-31", "symbol": "INCY", "fillingDate": "2016-02-12", "acceptedDate": "2016-02-12 16:41:11", "period": "FY", "revenue": 243881000, "costOfRevenue": 9704000.0, "grossProfit": 234177000, "grossProfitRatio": 0.960210102468007, "researchAndDevelopmentExpenses": 116632000, "generalAndAdministrativeExpenses": 52467000, "sellingAndMarketingExpenses": 0.0, "otherExpenses": 0.0, "operatingExpenses": 169099000, "costAndExpenses": 178803000, "interestExpense": 10213000, "depreciationAndAmortization": 10604000, "ebitda": 75682000, "ebitdaratio": 0.310323477434, "operatingIncome": 65078000, "operatingIncomeRatio": 0.266843255522, "totalOtherIncomeExpensesNet": 1289000.0, "incomeBeforeTax": 55688000, "incomeBeforeTaxRatio": 0.228340871163, "incomeTaxExpense": 512000.0, "netIncome": 55176000, "netIncomeRatio": 0.226241486627, "eps": 0.31, "epsdiluted": 0.3, "weightedAverageShsOut": 179601000, "weightedAverageShsOutDil": 187302000, "link": "https://www.sec.gov/Archives/edgar/data/879169/000155837016003196/0001558370-16-003196-index.htm", "finalLink": "https://www.sec.gov/Archives/edgar/data/879169/000155837016003196/incy-20151231x10k.htm"}, {"date": "2015-09-30", "symbol": "INCY", "fillingDate": "2015-11-03", "acceptedDate": "2015-11-03 16:16:16", "period": "Q3", "revenue": 187610000, "costOfRevenue": 8039000.0, "grossProfit": 179571000, "grossProfitRatio": 0.9571504717232557, "researchAndDevelopmentExpenses": 132073000, "generalAndAdministrativeExpenses": 47599000, "sellingAndMarketingExpenses": 0.0, "otherExpenses": 0.0, "operatingExpenses": 179672000, "costAndExpenses": 187711000, "interestExpense": 11209000, "depreciationAndAmortization": 11178000, "ebitda": 11077000, "ebitdaratio": 0.0590426949523, "operatingIncome": -101000.0, "operatingIncomeRatio": -0.0005383508341772826, "totalOtherIncomeExpensesNet": 3027000.0, "incomeBeforeTax": -39572000, "incomeBeforeTaxRatio": -0.21092692287191514, "incomeTaxExpense": 10000.0, "netIncome": -39582000, "netIncomeRatio": -0.21098022493470497, "eps": -0.22, "epsdiluted": -0.22, "weightedAverageShsOut": 177378000, "weightedAverageShsOutDil": 177378000, "link": "https://www.sec.gov/Archives/edgar/data/879169/000155837015002176/0001558370-15-002176-index.htm", "finalLink": "https://www.sec.gov/Archives/edgar/data/879169/000155837015002176/incy-20150930x10q.htm"}, {"date": "2015-06-30", "symbol": "INCY", "fillingDate": "2015-08-04", "acceptedDate": "2015-08-04 16:09:56", "period": "Q2", "revenue": 162985000, "costOfRevenue": 6255000.0, "grossProfit": 156730000, "grossProfitRatio": 0.9616222351750161, "researchAndDevelopmentExpenses": 112444000, "generalAndAdministrativeExpenses": 51677000, "sellingAndMarketingExpenses": 0.0, "otherExpenses": 0.0, "operatingExpenses": 164121000, "costAndExpenses": 170376000, "interestExpense": 11494000, "depreciationAndAmortization": 11266000, "ebitda": 3875000.0, "ebitdaratio": 0.0237751940363, "operatingIncome": -7391000.0, "operatingIncomeRatio": -0.04534773138632389, "totalOtherIncomeExpensesNet": 1143000.0, "incomeBeforeTax": 9432000.0, "incomeBeforeTaxRatio": 0.0578703561677, "incomeTaxExpense": 136000.0, "netIncome": 9296000.0, "netIncomeRatio": 0.0570359235512, "eps": 0.06, "epsdiluted": 0.06, "weightedAverageShsOut": 175373000, "weightedAverageShsOutDil": 175373000, "link": "https://www.sec.gov/Archives/edgar/data/879169/000110465915055876/0001104659-15-055876-index.htm", "finalLink": "https://www.sec.gov/Archives/edgar/data/879169/000110465915055876/a15-11942_110q.htm"}, {"date": "2015-03-31", "symbol": "INCY", "fillingDate": "2015-04-30", "acceptedDate": "2015-04-30 16:45:12", "period": "Q1", "revenue": 159275000, "costOfRevenue": 2974000.0, "grossProfit": 156301000, "grossProfitRatio": 0.9813278920106734, "researchAndDevelopmentExpenses": 118365000, "generalAndAdministrativeExpenses": 44871000, "sellingAndMarketingExpenses": 0.0, "otherExpenses": 0.0, "operatingExpenses": 163236000, "costAndExpenses": 166210000, "interestExpense": 12687000, "depreciationAndAmortization": 11835000, "ebitda": 4900000.0, "ebitdaratio": 0.0307644011929, "operatingIncome": -6935000.0, "operatingIncomeRatio": -0.043541045361795636, "totalOtherIncomeExpensesNet": 1630000.0, "incomeBeforeTax": -17992000, "incomeBeforeTaxRatio": -0.11296185842097002, "incomeTaxExpense": 367000.0, "netIncome": -18359000, "netIncomeRatio": -0.1152660492858264, "eps": -0.11, "epsdiluted": -0.11, "weightedAverageShsOut": 175373000, "weightedAverageShsOutDil": 172070000, "link": "https://www.sec.gov/Archives/edgar/data/879169/000110465915032614/0001104659-15-032614-index.htm", "finalLink": "https://www.sec.gov/Archives/edgar/data/879169/000110465915032614/a15-7158_110q.htm"}, {"date": "2014-12-31", "symbol": "INCY", "fillingDate": "2015-02-17", "acceptedDate": "2015-02-17 16:11:01", "period": "FY", "revenue": 123973000, "costOfRevenue": 2428000.0, "grossProfit": 121545000, "grossProfitRatio": 0.9804150903825833, "researchAndDevelopmentExpenses": 98717000, "generalAndAdministrativeExpenses": 48452000, "sellingAndMarketingExpenses": 0.0, "otherExpenses": 0.0, "operatingExpenses": 147169000, "costAndExpenses": 149597000, "interestExpense": 12516000, "depreciationAndAmortization": 12221000, "ebitda": -13403000, "ebitdaratio": -0.10811225024803787, "operatingIncome": -25624000, "operatingIncomeRatio": -0.20669016640720156, "totalOtherIncomeExpensesNet": 940000.0, "incomeBeforeTax": -37200000, "incomeBeforeTaxRatio": -0.30006533680720804, "incomeTaxExpense": -257000.0, "netIncome": -36943000, "netIncomeRatio": -0.29799230477603994, "eps": -0.22, "epsdiluted": -0.22, "weightedAverageShsOut": 175373000, "weightedAverageShsOutDil": 167947000, "link": "https://www.sec.gov/Archives/edgar/data/879169/000104746915000858/0001047469-15-000858-index.htm", "finalLink": "https://www.sec.gov/Archives/edgar/data/879169/000104746915000858/a2223029z10-k.htm"}, {"date": "2014-09-30", "symbol": "INCY", "fillingDate": "2014-10-30", "acceptedDate": "2014-10-30 16:37:16", "period": "Q3", "revenue": 198148000, "costOfRevenue": 221000.0, "grossProfit": 197927000, "grossProfitRatio": 0.9988846720633062, "researchAndDevelopmentExpenses": 88537000, "generalAndAdministrativeExpenses": 39447000, "sellingAndMarketingExpenses": 0.0, "otherExpenses": 0.0, "operatingExpenses": 127984000, "costAndExpenses": 128205000, "interestExpense": 11463000, "depreciationAndAmortization": 9871000.0, "ebitda": 79814000, "ebitdaratio": 0.402799927327, "operatingIncome": 69943000, "operatingIncomeRatio": 0.352983628399, "totalOtherIncomeExpensesNet": 884000.0, "incomeBeforeTax": 59364000, "incomeBeforeTaxRatio": 0.299594242687, "incomeTaxExpense": 72000.0, "netIncome": 59292000, "netIncomeRatio": 0.29923087793, "eps": 0.36, "epsdiluted": 0.36, "weightedAverageShsOut": 167288000, "weightedAverageShsOutDil": 167288000, "link": "https://www.sec.gov/Archives/edgar/data/879169/000110465914075282/0001104659-14-075282-index.htm", "finalLink": "https://www.sec.gov/Archives/edgar/data/879169/000110465914075282/a14-19760_110q.htm"}, {"date": "2014-06-30", "symbol": "INCY", "fillingDate": "2014-07-31", "acceptedDate": "2014-07-31 16:07:52", "period": "Q2", "revenue": 99582000, "costOfRevenue": 187000.0, "grossProfit": 99395000, "grossProfitRatio": 0.998122150589464, "researchAndDevelopmentExpenses": 84684000, "generalAndAdministrativeExpenses": 40899000, "sellingAndMarketingExpenses": 0.0, "otherExpenses": 0.0, "operatingExpenses": 125583000, "costAndExpenses": 125770000, "interestExpense": 11406000, "depreciationAndAmortization": 9698000.0, "ebitda": -16490000, "ebitdaratio": -0.16559217529272358, "operatingIncome": -26188000, "operatingIncomeRatio": -0.26297925327870497, "totalOtherIncomeExpensesNet": 791000.0, "incomeBeforeTax": -36803000, "incomeBeforeTaxRatio": -0.36957482275913317, "incomeTaxExpense": 70000.0, "netIncome": -36873000, "netIncomeRatio": -0.370277761041152, "eps": -0.22, "epsdiluted": -0.22, "weightedAverageShsOut": 167288000, "weightedAverageShsOutDil": 166636000, "link": "https://www.sec.gov/Archives/edgar/data/879169/000110465914055475/0001104659-14-055475-index.htm", "finalLink": "https://www.sec.gov/Archives/edgar/data/879169/000110465914055475/a14-14041_110q.htm"}, {"date": "2014-03-31", "symbol": "INCY", "fillingDate": "2014-05-01", "acceptedDate": "2014-05-01 16:08:57", "period": "Q1", "revenue": 89792000, "costOfRevenue": 168000.0, "grossProfit": 89624000, "grossProfitRatio": 0.9981290092658589, "researchAndDevelopmentExpenses": 75585000, "generalAndAdministrativeExpenses": 36974000, "sellingAndMarketingExpenses": 0.0, "otherExpenses": 265000.0, "operatingExpenses": 112824000, "costAndExpenses": 112727000, "interestExpense": 11443000, "depreciationAndAmortization": 9623000.0, "ebitda": -13312000, "ebitdaratio": -0.1482537419814683, "operatingIncome": -22935000, "operatingIncomeRatio": -0.25542364575908766, "totalOtherIncomeExpensesNet": 735000.0, "incomeBeforeTax": -33908000, "incomeBeforeTaxRatio": -0.377628296507484, "incomeTaxExpense": 49000.0, "netIncome": -33957000, "netIncomeRatio": -0.3781740021382751, "eps": -0.21, "epsdiluted": -0.21, "weightedAverageShsOut": 167288000, "weightedAverageShsOutDil": 165357000, "link": "https://www.sec.gov/Archives/edgar/data/879169/000110465914033497/0001104659-14-033497-index.htm", "finalLink": "https://www.sec.gov/Archives/edgar/data/879169/000110465914033497/a14-9590_110q.htm"}, {"date": "2013-12-31", "symbol": "INCY", "fillingDate": "2014-02-21", "acceptedDate": "2014-02-21 17:11:16", "period": "FY", "revenue": 97072000, "costOfRevenue": 167000.0, "grossProfit": 96905000, "grossProfitRatio": 0.9982796274929949, "researchAndDevelopmentExpenses": 75019000, "generalAndAdministrativeExpenses": 38027000, "sellingAndMarketingExpenses": 0.0, "otherExpenses": 222000.0, "operatingExpenses": 113268000, "costAndExpenses": 113213000, "interestExpense": 8932000.0, "depreciationAndAmortization": 8852000.0, "ebitda": -7289000.0, "ebitdaratio": -0.07508859403329488, "operatingIncome": -16141000, "operatingIncomeRatio": -0.16627863853634417, "totalOtherIncomeExpensesNet": 495000.0, "incomeBeforeTax": -42734000, "incomeBeforeTaxRatio": -0.44022993242129554, "incomeTaxExpense": 137000.0, "netIncome": -42871000, "netIncomeRatio": -0.4416412559749464, "eps": -0.28, "epsdiluted": -0.28, "weightedAverageShsOut": 167288000, "weightedAverageShsOutDil": 148403000, "link": "https://www.sec.gov/Archives/edgar/data/879169/000104746914001174/0001047469-14-001174-index.htm", "finalLink": "https://www.sec.gov/Archives/edgar/data/879169/000104746914001174/a2218324z10-k.htm"}, {"date": "2013-09-30", "symbol": "INCY", "fillingDate": "2013-10-31", "acceptedDate": "2013-10-31 16:12:49", "period": "Q3", "revenue": 85123000, "costOfRevenue": 155000.0, "grossProfit": 84968000, "grossProfitRatio": 0.9981791055296453, "researchAndDevelopmentExpenses": 71704000, "generalAndAdministrativeExpenses": 26447000, "sellingAndMarketingExpenses": 0.0, "otherExpenses": 1491000.0, "operatingExpenses": 99642000, "costAndExpenses": 98306000, "interestExpense": 7698000.0, "depreciationAndAmortization": 4568000.0, "ebitda": -8615000.0, "ebitdaratio": -0.10120648943293822, "operatingIncome": -13183000, "operatingIncomeRatio": -0.1548700116302292, "totalOtherIncomeExpensesNet": 385000.0, "incomeBeforeTax": -21987000, "incomeBeforeTaxRatio": -0.25829681754637407, "incomeTaxExpense": 49000.0, "netIncome": -22036000, "netIncomeRatio": -0.25887245515313134, "eps": -0.15, "epsdiluted": -0.15, "weightedAverageShsOut": 167288000, "weightedAverageShsOutDil": 143899.0, "link": "https://www.sec.gov/Archives/edgar/data/879169/000110465913079662/0001104659-13-079662-index.htm", "finalLink": "https://www.sec.gov/Archives/edgar/data/879169/000110465913079662/a13-19498_110q.htm"}, {"date": "2013-06-30", "symbol": "INCY", "fillingDate": "2013-08-01", "acceptedDate": "2013-08-01 16:07:00", "period": "Q2", "revenue": 101675000, "costOfRevenue": 158000.0, "grossProfit": 101517000, "grossProfitRatio": 0.9984460290140152, "researchAndDevelopmentExpenses": 60950000, "generalAndAdministrativeExpenses": 23248000, "sellingAndMarketingExpenses": 0.0, "otherExpenses": 9771000.0, "operatingExpenses": 93969000, "costAndExpenses": 84356000, "interestExpense": 10294000, "depreciationAndAmortization": 8053000.0, "ebitda": 25372000, "ebitdaratio": 0.249540201623, "operatingIncome": 17319000, "operatingIncomeRatio": 0.170336857635, "totalOtherIncomeExpensesNet": 245000.0, "incomeBeforeTax": -2501000.0, "incomeBeforeTaxRatio": -0.02459798377182198, "incomeTaxExpense": 70000.0, "netIncome": -2571000.0, "netIncomeRatio": -0.025286451930169658, "eps": -0.01, "epsdiluted": -0.01, "weightedAverageShsOut": 138315000, "weightedAverageShsOutDil": 138315000, "link": "https://www.sec.gov/Archives/edgar/data/879169/000110465913058943/0001104659-13-058943-index.htm", "finalLink": "https://www.sec.gov/Archives/edgar/data/879169/000110465913058943/a13-13435_110q.htm"}, {"date": "2013-03-31", "symbol": "INCY", "fillingDate": "2013-05-02", "acceptedDate": "2013-05-02 16:30:47", "period": "Q1", "revenue": 71077000, "costOfRevenue": 150000.0, "grossProfit": 70927000, "grossProfitRatio": 0.9978896126735793, "researchAndDevelopmentExpenses": 52763000, "generalAndAdministrativeExpenses": 22261000, "sellingAndMarketingExpenses": 0.0, "otherExpenses": 0.0, "operatingExpenses": 75024000, "costAndExpenses": 75174000, "interestExpense": 11728000, "depreciationAndAmortization": 7734000.0, "ebitda": 3637000.0, "ebitdaratio": 0.0511698580413, "operatingIncome": -4097000.0, "operatingIncomeRatio": -0.05764171250896915, "totalOtherIncomeExpensesNet": 199000.0, "incomeBeforeTax": -15626000, "incomeBeforeTaxRatio": -0.2198460824176597, "incomeTaxExpense": 43000.0, "netIncome": -15669000, "netIncomeRatio": -0.2204510601179003, "eps": -0.12, "epsdiluted": -0.12, "weightedAverageShsOut": 138315000, "weightedAverageShsOutDil": 134345000, "link": "https://www.sec.gov/Archives/edgar/data/879169/000110465913036617/0001104659-13-036617-index.htm", "finalLink": "https://www.sec.gov/Archives/edgar/data/879169/000110465913036617/a13-8416_110q.htm"}, {"date": "2012-12-31", "symbol": "INCY", "fillingDate": "2013-02-21", "acceptedDate": "2013-02-21 16:17:27", "period": "FY", "revenue": 113846000, "costOfRevenue": 99000.0, "grossProfit": 113747000, "grossProfitRatio": 0.999130404230276, "researchAndDevelopmentExpenses": 59764000, "generalAndAdministrativeExpenses": 23729000, "sellingAndMarketingExpenses": 0.0, "otherExpenses": 0.0, "operatingExpenses": 83493000, "costAndExpenses": 83592000, "interestExpense": 11765000, "depreciationAndAmortization": 7765000.0, "ebitda": 38019000, "ebitdaratio": 0.333951126961, "operatingIncome": 30254000, "operatingIncomeRatio": 0.265744953709, "totalOtherIncomeExpensesNet": 371000.0, "incomeBeforeTax": 18860000, "incomeBeforeTaxRatio": 0.16566238603, "incomeTaxExpense": 81000.0, "netIncome": 18779000, "netIncomeRatio": 0.164950898582, "eps": 0.15, "epsdiluted": 0.15, "weightedAverageShsOut": 138315000, "weightedAverageShsOutDil": 129747000, "link": "https://www.sec.gov/Archives/edgar/data/879169/000104746913001393/0001047469-13-001393-index.htm", "finalLink": "https://www.sec.gov/Archives/edgar/data/879169/000104746913001393/a2212845z10-k.htm"}, {"date": "2012-09-30", "symbol": "INCY", "fillingDate": "2012-11-01", "acceptedDate": "2012-11-01 16:20:43", "period": "Q3", "revenue": 60491000, "costOfRevenue": 31000.0, "grossProfit": 60460000, "grossProfitRatio": 0.9994875270701427, "researchAndDevelopmentExpenses": 50079000, "generalAndAdministrativeExpenses": 20519000, "sellingAndMarketingExpenses": 0.0, "otherExpenses": 0.0, "operatingExpenses": 70598000, "costAndExpenses": 70629000, "interestExpense": 11573000, "depreciationAndAmortization": 7576000.0, "ebitda": -2562000.0, "ebitdaratio": -0.04235340794498355, "operatingIncome": -10138000, "operatingIncomeRatio": -0.16759517944818236, "totalOtherIncomeExpensesNet": 27000.0, "incomeBeforeTax": -21684000, "incomeBeforeTaxRatio": -0.35846654874278816, "incomeTaxExpense": 26000.0, "netIncome": -21710000, "netIncomeRatio": -0.35889636474847497, "eps": -0.17, "epsdiluted": -0.17, "weightedAverageShsOut": 138315000, "weightedAverageShsOutDil": 129093000, "link": "https://www.sec.gov/Archives/edgar/data/879169/000110465912073204/0001104659-12-073204-index.htm", "finalLink": "https://www.sec.gov/Archives/edgar/data/879169/000110465912073204/a12-19883_110q.htm"}, {"date": "2012-06-30", "symbol": "INCY", "fillingDate": "2012-08-03", "acceptedDate": "2012-08-03 16:12:20", "period": "Q2", "revenue": 86543000, "costOfRevenue": 16000.0, "grossProfit": 86527000, "grossProfitRatio": 0.9998151208069976, "researchAndDevelopmentExpenses": 51588000, "generalAndAdministrativeExpenses": 19719000, "sellingAndMarketingExpenses": 0.0, "otherExpenses": 0.0, "operatingExpenses": 71307000, "costAndExpenses": 71323000, "interestExpense": 11430000, "depreciationAndAmortization": 7404000.0, "ebitda": 22624000, "ebitdaratio": 0.261419178905, "operatingIncome": 15220000, "operatingIncomeRatio": 0.175866332343, "totalOtherIncomeExpensesNet": 314000.0, "incomeBeforeTax": 4104000.0, "incomeBeforeTaxRatio": 0.0474215130051, "incomeTaxExpense": 67000.0, "netIncome": 4037000.0, "netIncomeRatio": 0.0466473313844, "eps": 0.04, "epsdiluted": 0.04, "weightedAverageShsOut": 128214000, "weightedAverageShsOutDil": 128214000, "link": "https://www.sec.gov/Archives/edgar/data/879169/000110465912054163/0001104659-12-054163-index.htm", "finalLink": "https://www.sec.gov/Archives/edgar/data/879169/000110465912054163/a12-13658_110q.htm"}, {"date": "2012-03-31", "symbol": "INCY", "fillingDate": "2012-04-26", "acceptedDate": "2012-04-26 16:51:44", "period": "Q1", "revenue": 36179000, "costOfRevenue": 11000.0, "grossProfit": 36168000, "grossProfitRatio": 0.9996959562176954, "researchAndDevelopmentExpenses": 48960000, "generalAndAdministrativeExpenses": 21396000, "sellingAndMarketingExpenses": 0.0, "otherExpenses": 0.0, "operatingExpenses": 70356000, "costAndExpenses": 70367000, "interestExpense": 11290000, "depreciationAndAmortization": 7234000.0, "ebitda": -26954000, "ebitdaratio": -0.7450178280217806, "operatingIncome": -34188000, "operatingIncomeRatio": -0.944968075402858, "totalOtherIncomeExpensesNet": 52000.0, "incomeBeforeTax": -45426000, "incomeBeforeTaxRatio": -1.2555902595428288, "incomeTaxExpense": 0.0, "netIncome": -45426000, "netIncomeRatio": -1.2555902595428288, "eps": -0.36, "epsdiluted": -0.36, "weightedAverageShsOut": 127203000, "weightedAverageShsOutDil": 127203000, "link": "https://www.sec.gov/Archives/edgar/data/879169/000110465912029092/0001104659-12-029092-index.htm", "finalLink": "https://www.sec.gov/Archives/edgar/data/879169/000110465912029092/a12-6693_110q.htm"}, {"date": "2011-12-31", "symbol": "INCY", "fillingDate": "2012-02-22", "acceptedDate": "2012-02-22 16:29:04", "period": "FY", "revenue": 28890000, "costOfRevenue": 0.0, "grossProfit": 28890000, "grossProfitRatio": 1.0, "researchAndDevelopmentExpenses": 51877000, "generalAndAdministrativeExpenses": 21152000, "sellingAndMarketingExpenses": 0.0, "otherExpenses": 0.0, "operatingExpenses": 73029000, "costAndExpenses": 73029000, "interestExpense": 11153000, "depreciationAndAmortization": 7042000.0, "ebitda": -37097000, "ebitdaratio": -1.2840775354794047, "operatingIncome": -44139000, "operatingIncomeRatio": -1.5278296988577362, "totalOtherIncomeExpensesNet": 213000.0, "incomeBeforeTax": -55079000, "incomeBeforeTaxRatio": -1.9065074420214607, "incomeTaxExpense": 0.0, "netIncome": -55079000, "netIncomeRatio": -1.9065074420214607, "eps": -0.44, "epsdiluted": -0.44, "weightedAverageShsOut": 125362000, "weightedAverageShsOutDil": 125362000, "link": "https://www.sec.gov/Archives/edgar/data/879169/000104746912001295/0001047469-12-001295-index.htm", "finalLink": "https://www.sec.gov/Archives/edgar/data/879169/000104746912001295/a2207267z10-k.htm"}, {"date": "2011-09-30", "symbol": "INCY", "fillingDate": "2011-10-27", "acceptedDate": "2011-10-27 16:25:59", "period": "Q3", "revenue": 16781000, "costOfRevenue": 0.0, "grossProfit": 16781000, "grossProfitRatio": 1.0, "researchAndDevelopmentExpenses": 44501000, "generalAndAdministrativeExpenses": 14384000, "sellingAndMarketingExpenses": 0.0, "otherExpenses": 0.0, "operatingExpenses": 58885000, "costAndExpenses": 58885000, "interestExpense": 11019000, "depreciationAndAmortization": 6871000.0, "ebitda": -35233000, "ebitdaratio": -2.0995769024491984, "operatingIncome": -42104000, "operatingIncomeRatio": -2.509028067457243, "totalOtherIncomeExpensesNet": 45000.0, "incomeBeforeTax": -53078000, "incomeBeforeTaxRatio": -3.1629819438650855, "incomeTaxExpense": 0.0, "netIncome": -53078000, "netIncomeRatio": -3.1629819438650855, "eps": -0.42, "epsdiluted": -0.42, "weightedAverageShsOut": 125019000, "weightedAverageShsOutDil": 125019000, "link": "https://www.sec.gov/Archives/edgar/data/879169/000110465911058474/0001104659-11-058474-index.htm", "finalLink": "https://www.sec.gov/Archives/edgar/data/879169/000110465911058474/a11-25172_110q.htm"}, {"date": "2011-06-30", "symbol": "INCY", "fillingDate": "2011-07-28", "acceptedDate": "2011-07-28 16:13:32", "period": "Q2", "revenue": 16811000, "costOfRevenue": 0.0, "grossProfit": 16811000, "grossProfitRatio": 1.0, "researchAndDevelopmentExpenses": 46047000, "generalAndAdministrativeExpenses": 11858000, "sellingAndMarketingExpenses": 0.0, "otherExpenses": 21000.0, "operatingExpenses": 57926000, "costAndExpenses": 57926000, "interestExpense": 10888000, "depreciationAndAmortization": 6647000.0, "ebitda": -34468000, "ebitdaratio": -2.0503241924930107, "operatingIncome": -41115000, "operatingIncomeRatio": -2.44572006424365, "totalOtherIncomeExpensesNet": 132000.0, "incomeBeforeTax": -51871000, "incomeBeforeTaxRatio": -3.0855392302658973, "incomeTaxExpense": 0.0, "netIncome": -51871000, "netIncomeRatio": -3.0855392302658973, "eps": -0.42, "epsdiluted": -0.42, "weightedAverageShsOut": 124399000, "weightedAverageShsOutDil": 124399000, "link": "https://www.sec.gov/Archives/edgar/data/879169/000110465911041507/0001104659-11-041507-index.htm", "finalLink": "https://www.sec.gov/Archives/edgar/data/879169/000110465911041507/a11-13795_110q.htm"}, {"date": "2011-03-31", "symbol": "INCY", "fillingDate": "2011-05-03", "acceptedDate": "2011-05-03 16:24:07", "period": "Q1", "revenue": 31973000, "costOfRevenue": 0.0, "grossProfit": 31973000, "grossProfitRatio": 1.0, "researchAndDevelopmentExpenses": 36282000, "generalAndAdministrativeExpenses": 10825000, "sellingAndMarketingExpenses": 0.0, "otherExpenses": 691000.0, "operatingExpenses": 47798000, "costAndExpenses": 47798000, "interestExpense": 10759000, "depreciationAndAmortization": 6430000.0, "ebitda": -9395000.0, "ebitdaratio": -0.29384167891658586, "operatingIncome": -15825000, "operatingIncomeRatio": -0.4949488631032434, "totalOtherIncomeExpensesNet": 72000.0, "incomeBeforeTax": -26512000, "incomeBeforeTaxRatio": -0.8291996371938823, "incomeTaxExpense": 0.0, "netIncome": -26512000, "netIncomeRatio": -0.8291996371938823, "eps": -0.21, "epsdiluted": -0.21, "weightedAverageShsOut": 123467000, "weightedAverageShsOutDil": 123467000, "link": "https://www.sec.gov/Archives/edgar/data/879169/000110465911025298/0001104659-11-025298-index.htm", "finalLink": "https://www.sec.gov/Archives/edgar/data/879169/000110465911025298/a11-8057_110q.htm"}, {"date": "2010-12-31", "symbol": "INCY", "fillingDate": "2011-02-23", "acceptedDate": "2011-02-23 16:17:09", "period": "FY", "revenue": 85870000, "costOfRevenue": 0.0, "grossProfit": 85870000, "grossProfitRatio": 1.0, "researchAndDevelopmentExpenses": 32774000, "generalAndAdministrativeExpenses": 10765000, "sellingAndMarketingExpenses": 0.0, "otherExpenses": 20000.0, "operatingExpenses": 43539000, "costAndExpenses": 43559000, "interestExpense": 43872000, "depreciationAndAmortization": 6826000.0, "ebitda": 49137000, "ebitdaratio": 0.5722254570862932, "operatingIncome": 42311000, "operatingIncomeRatio": 0.4927332013508792, "totalOtherIncomeExpensesNet": 867000.0, "incomeBeforeTax": 32541000, "incomeBeforeTaxRatio": 0.3789565622452545, "incomeTaxExpense": 0.0, "netIncome": 32541000, "netIncomeRatio": 0.3789565622452545, "eps": -0.26, "epsdiluted": -0.26, "weightedAverageShsOut": 121628000, "weightedAverageShsOutDil": 121628000, "link": "https://www.sec.gov/Archives/edgar/data/879169/000104746911001198/0001047469-11-001198-index.htm", "finalLink": "https://www.sec.gov/Archives/edgar/data/879169/000104746911001198/a2202084z10-k.htm"}, {"date": "2010-09-30", "symbol": "INCY", "fillingDate": "2010-11-09", "acceptedDate": "2010-11-09 16:11:38", "period": "Q3", "revenue": 16873000, "costOfRevenue": 0.0, "grossProfit": 16873000, "grossProfitRatio": 1.0, "researchAndDevelopmentExpenses": 30784000, "generalAndAdministrativeExpenses": 8283000.0, "sellingAndMarketingExpenses": 0.0, "otherExpenses": -139000.0, "operatingExpenses": 39067000, "costAndExpenses": 38928000, "interestExpense": -211000.0, "depreciationAndAmortization": 5378000.0, "ebitda": -16677000, "ebitdaratio": -0.988383808451372, "operatingIncome": -22055000, "operatingIncomeRatio": -1.3071178806377053, "totalOtherIncomeExpensesNet": 211000.0, "incomeBeforeTax": -32360000, "incomeBeforeTaxRatio": -1.917856931191845, "incomeTaxExpense": -658000.0, "netIncome": -31702000, "netIncomeRatio": -1.8788597167071652, "eps": -0.53, "epsdiluted": -0.53, "weightedAverageShsOut": 121182000, "weightedAverageShsOutDil": 121182000, "link": "https://www.sec.gov/Archives/edgar/data/879169/000110465910057267/0001104659-10-057267-index.htm", "finalLink": "https://www.sec.gov/Archives/edgar/data/879169/000110465910057267/a10-17545_110q.htm"}, {"date": "2010-06-30", "symbol": "INCY", "fillingDate": "2010-08-05", "acceptedDate": "2010-08-05 16:03:41", "period": "Q2", "revenue": 49847000, "costOfRevenue": 0.0, "grossProfit": 49847000, "grossProfitRatio": 1.0, "researchAndDevelopmentExpenses": 28883000, "generalAndAdministrativeExpenses": 7486000.0, "sellingAndMarketingExpenses": 0.0, "otherExpenses": -145000.0, "operatingExpenses": 36369000, "costAndExpenses": 36224000, "interestExpense": -143000.0, "depreciationAndAmortization": 5885000.0, "ebitda": 19508000, "ebitdaratio": 0.3913575541155937, "operatingIncome": 13623000, "operatingIncomeRatio": 0.27329628663710953, "totalOtherIncomeExpensesNet": 143000.0, "incomeBeforeTax": 3375000.0, "incomeBeforeTaxRatio": 0.06770718398298795, "incomeTaxExpense": 331000.0, "netIncome": 3044000.0, "netIncomeRatio": 0.061066864605693424, "eps": -0.27, "epsdiluted": -0.27, "weightedAverageShsOut": 120679000, "weightedAverageShsOutDil": 120679000, "link": "https://www.sec.gov/Archives/edgar/data/879169/000110465910042366/0001104659-10-042366-index.htm", "finalLink": "https://www.sec.gov/Archives/edgar/data/879169/000110465910042366/a10-12903_110q.htm"}, {"date": "2010-03-31", "symbol": "INCY", "fillingDate": "2010-05-06", "acceptedDate": "2010-05-06 16:43:12", "period": "Q1", "revenue": 17288000, "costOfRevenue": 0.0, "grossProfit": 17288000, "grossProfitRatio": 1.0, "researchAndDevelopmentExpenses": 31439000, "generalAndAdministrativeExpenses": 5794000.0, "sellingAndMarketingExpenses": 0.0, "otherExpenses": -115000.0, "operatingExpenses": 37233000, "costAndExpenses": 37118000, "interestExpense": -195000.0, "depreciationAndAmortization": 6396000.0, "ebitda": -13434000, "ebitdaratio": -0.7770708005552984, "operatingIncome": -19830000, "operatingIncomeRatio": -1.1470384081443776, "totalOtherIncomeExpensesNet": 195000.0, "incomeBeforeTax": -35402000, "incomeBeforeTaxRatio": -2.0477788061082833, "incomeTaxExpense": 327000.0, "netIncome": -35729000, "netIncomeRatio": -2.066693660342434, "eps": -0.3, "epsdiluted": -0.3, "weightedAverageShsOut": 119727000, "weightedAverageShsOutDil": 119727000, "link": "https://www.sec.gov/Archives/edgar/data/879169/000110465910026410/0001104659-10-026410-index.htm", "finalLink": "https://www.sec.gov/Archives/edgar/data/879169/000110465910026410/a10-6096_110q.htm"}, {"date": "2009-12-31", "symbol": "INCY", "fillingDate": "2010-03-05", "acceptedDate": "2010-03-05 16:40:51", "period": "FY", "revenue": 6866000.0, "costOfRevenue": 0.0, "grossProfit": 6866000.0, "grossProfitRatio": 1.0, "researchAndDevelopmentExpenses": 34283000, "generalAndAdministrativeExpenses": 13833000, "sellingAndMarketingExpenses": 0.0, "otherExpenses": -2040000.0, "operatingExpenses": 48116000, "costAndExpenses": 48087000, "interestExpense": 31862000, "depreciationAndAmortization": 7272000.0, "ebitda": -33949000, "ebitdaratio": -4.944509175648121, "operatingIncome": -41221000, "operatingIncomeRatio": -6.003641130206816, "totalOtherIncomeExpensesNet": 313000.0, "incomeBeforeTax": -88442000, "incomeBeforeTaxRatio": -12.88115351004952, "incomeTaxExpense": 0.0, "netIncome": -88442000, "netIncomeRatio": -12.88115351004952, "eps": -2.06, "epsdiluted": -2.06, "weightedAverageShsOut": 102943000, "weightedAverageShsOutDil": 102943000, "link": "https://www.sec.gov/Archives/edgar/data/879169/000104746910001834/0001047469-10-001834-index.htm", "finalLink": "https://www.sec.gov/Archives/edgar/data/879169/000104746910001834/a2196849z10-k.htm"}, {"date": "2009-09-30", "symbol": "INCY", "fillingDate": "2009-11-05", "acceptedDate": "2009-11-05 16:40:39", "period": "Q3", "revenue": 939000.0, "costOfRevenue": 0.0, "grossProfit": 939000.0, "grossProfitRatio": 1.0, "researchAndDevelopmentExpenses": 26537000, "generalAndAdministrativeExpenses": 4841000.0, "sellingAndMarketingExpenses": 0.0, "otherExpenses": 1125000.0, "operatingExpenses": 31378000, "costAndExpenses": 32503000, "interestExpense": -105000.0, "depreciationAndAmortization": 4273000.0, "ebitda": -27291000, "ebitdaratio": -29.063897763578275, "operatingIncome": -31564000, "operatingIncomeRatio": -33.61448349307774, "totalOtherIncomeExpensesNet": 105000.0, "incomeBeforeTax": -43357000, "incomeBeforeTaxRatio": -46.173588924387644, "incomeTaxExpense": 0.0, "netIncome": -43357000, "netIncomeRatio": -46.173588924387644, "eps": -1.26, "epsdiluted": -1.26, "weightedAverageShsOut": 97671000, "weightedAverageShsOutDil": 97671000, "link": "https://www.sec.gov/Archives/edgar/data/879169/000110465909062975/0001104659-09-062975-index.htm", "finalLink": "https://www.sec.gov/Archives/edgar/data/879169/000110465909062975/a09-31168_110q.htm"}, {"date": "2009-06-30", "symbol": "INCY", "fillingDate": "2009-07-30", "acceptedDate": "2009-07-30 16:21:36", "period": "Q2", "revenue": 789000.0, "costOfRevenue": 0.0, "grossProfit": 789000.0, "grossProfitRatio": 1.0, "researchAndDevelopmentExpenses": 29035000, "generalAndAdministrativeExpenses": 4085000.0, "sellingAndMarketingExpenses": 0.0, "otherExpenses": 406000.0, "operatingExpenses": 33120000, "costAndExpenses": 33526000, "interestExpense": -5970000.0, "depreciationAndAmortization": 2636000.0, "ebitda": -30101000, "ebitdaratio": -38.150823827629914, "operatingIncome": -32737000, "operatingIncomeRatio": -41.49176172370089, "totalOtherIncomeExpensesNet": -916000.0, "incomeBeforeTax": -40035000, "incomeBeforeTaxRatio": -50.741444866920155, "incomeTaxExpense": 0.0, "netIncome": -40035000, "netIncomeRatio": -50.741444866920155, "eps": -0.82, "epsdiluted": -0.82, "weightedAverageShsOut": 97491000, "weightedAverageShsOutDil": 97491000, "link": "https://www.sec.gov/Archives/edgar/data/879169/000110465909046003/0001104659-09-046003-index.htm", "finalLink": "https://www.sec.gov/Archives/edgar/data/879169/000110465909046003/a09-18846_110q.htm"}, {"date": "2009-03-31", "symbol": "INCY", "fillingDate": "2009-05-07", "acceptedDate": "2009-05-07 16:30:59", "period": "Q1", "revenue": 671000.0, "costOfRevenue": 0.0, "grossProfit": 671000.0, "grossProfitRatio": 1.0, "researchAndDevelopmentExpenses": 29587000, "generalAndAdministrativeExpenses": 4821000.0, "sellingAndMarketingExpenses": 0.0, "otherExpenses": 509000.0, "operatingExpenses": 34408000, "costAndExpenses": 34917000, "interestExpense": 6338000.0, "depreciationAndAmortization": 2509000.0, "ebitda": -31737000, "ebitdaratio": -47.29806259314456, "operatingIncome": -34246000, "operatingIncomeRatio": -51.03725782414307, "totalOtherIncomeExpensesNet": 548000.0, "incomeBeforeTax": -40036000, "incomeBeforeTaxRatio": -59.666169895678095, "incomeTaxExpense": 0.0, "netIncome": -40036000, "netIncomeRatio": -59.666169895678095, "eps": -0.41, "epsdiluted": -0.41, "weightedAverageShsOut": 97340000, "weightedAverageShsOutDil": 97340000, "link": "https://www.sec.gov/Archives/edgar/data/879169/000110465909030524/0001104659-09-030524-index.htm", "finalLink": "https://www.sec.gov/Archives/edgar/data/879169/000110465909030524/a09-11543_110q.htm"}, {"date": "2008-12-31", "symbol": "INCY", "fillingDate": "2009-03-03", "acceptedDate": "2009-03-03 16:37:03", "period": "FY", "revenue": 938000.0, "costOfRevenue": 0.0, "grossProfit": 938000.0, "grossProfitRatio": 1.0, "researchAndDevelopmentExpenses": 38326000, "generalAndAdministrativeExpenses": 4611000.0, "sellingAndMarketingExpenses": 0.0, "otherExpenses": 668000.0, "operatingExpenses": 42937000, "costAndExpenses": 43605000, "interestExpense": -23945000, "depreciationAndAmortization": 3261000.0, "ebitda": -39406000, "ebitdaratio": -42.010660980810236, "operatingIncome": -42667000, "operatingIncomeRatio": -45.48720682302772, "totalOtherIncomeExpensesNet": 560000.0, "incomeBeforeTax": -48405000, "incomeBeforeTaxRatio": -51.6044776119403, "incomeTaxExpense": 0.0, "netIncome": -48405000, "netIncomeRatio": -51.6044776119403, "eps": -1.99, "epsdiluted": -1.99, "weightedAverageShsOut": 89785000, "weightedAverageShsOutDil": 89785000, "link": "https://www.sec.gov/Archives/edgar/data/879169/000104746909002189/0001047469-09-002189-index.htm", "finalLink": "https://www.sec.gov/Archives/edgar/data/879169/000104746909002189/a2190988z10-k.htm"}, {"date": "2008-09-30", "symbol": "INCY", "fillingDate": "2008-11-06", "acceptedDate": "2008-11-06 16:30:19", "period": "Q3", "revenue": 1061000.0, "costOfRevenue": 0.0, "grossProfit": 1061000.0, "grossProfitRatio": 1.0, "researchAndDevelopmentExpenses": 36949000, "generalAndAdministrativeExpenses": 4006000.0, "sellingAndMarketingExpenses": 0.0, "otherExpenses": -100000.0, "operatingExpenses": 40955000, "costAndExpenses": 40855000, "interestExpense": 6253000.0, "depreciationAndAmortization": 3250000.0, "ebitda": -36544000, "ebitdaratio": -34.44297832233742, "operatingIncome": -39794000, "operatingIncomeRatio": -37.50612629594722, "totalOtherIncomeExpensesNet": 1253000.0, "incomeBeforeTax": -44794000, "incomeBeforeTaxRatio": -42.2186616399623, "incomeTaxExpense": 0.0, "netIncome": -44794000, "netIncomeRatio": -42.2186616399623, "eps": -1.5, "epsdiluted": -1.5, "weightedAverageShsOut": 87286000, "weightedAverageShsOutDil": 87286000, "link": "https://www.sec.gov/Archives/edgar/data/879169/000110465908068689/0001104659-08-068689-index.htm", "finalLink": "https://www.sec.gov/Archives/edgar/data/879169/000110465908068689/a08-27483_110q.htm"}, {"date": "2008-06-30", "symbol": "INCY", "fillingDate": "2008-07-29", "acceptedDate": "2008-07-29 16:39:29", "period": "Q2", "revenue": 613000.0, "costOfRevenue": 0.0, "grossProfit": 613000.0, "grossProfitRatio": 1.0, "researchAndDevelopmentExpenses": 38132000, "generalAndAdministrativeExpenses": 4102000.0, "sellingAndMarketingExpenses": 0.0, "otherExpenses": -918000.0, "operatingExpenses": 42234000, "costAndExpenses": 41316000, "interestExpense": 6213000.0, "depreciationAndAmortization": 3272000.0, "ebitda": -37431000, "ebitdaratio": -61.06199021207178, "operatingIncome": -40703000, "operatingIncomeRatio": -66.39967373572594, "totalOtherIncomeExpensesNet": 1352000.0, "incomeBeforeTax": -45564000, "incomeBeforeTaxRatio": -74.3295269168026, "incomeTaxExpense": 0.0, "netIncome": -45564000, "netIncomeRatio": -74.3295269168026, "eps": -1.01, "epsdiluted": -1.01, "weightedAverageShsOut": 84736000, "weightedAverageShsOutDil": 84736000, "link": "https://www.sec.gov/Archives/edgar/data/879169/000110465908048329/0001104659-08-048329-index.htm", "finalLink": "https://www.sec.gov/Archives/edgar/data/879169/000110465908048329/a08-18794_110q.htm"}, {"date": "2008-03-31", "symbol": "INCY", "fillingDate": "2008-04-30", "acceptedDate": "2008-04-30 16:31:36", "period": "Q1", "revenue": 1307000.0, "costOfRevenue": 0.0, "grossProfit": 1307000.0, "grossProfitRatio": 1.0, "researchAndDevelopmentExpenses": 32955000, "generalAndAdministrativeExpenses": 4354000.0, "sellingAndMarketingExpenses": 0.0, "otherExpenses": 123000.0, "operatingExpenses": 37309000, "costAndExpenses": 37432000, "interestExpense": 6173000.0, "depreciationAndAmortization": 3288000.0, "ebitda": -32837000, "ebitdaratio": -25.123947972456005, "operatingIncome": -36125000, "operatingIncomeRatio": -27.63963274674828, "totalOtherIncomeExpensesNet": 2141000.0, "incomeBeforeTax": -40157000, "incomeBeforeTaxRatio": -30.724560061208877, "incomeTaxExpense": 0.0, "netIncome": -40157000, "netIncomeRatio": -30.724560061208877, "eps": -0.47, "epsdiluted": -0.47, "weightedAverageShsOut": 84602000, "weightedAverageShsOutDil": 84602000, "link": "https://www.sec.gov/Archives/edgar/data/879169/000110465908028441/0001104659-08-028441-index.htm", "finalLink": "https://www.sec.gov/Archives/edgar/data/879169/000110465908028441/a08-11423_110q.htm"}, {"date": "2007-12-31", "symbol": "INCY", "fillingDate": "2008-03-06", "acceptedDate": "2008-03-06 16:33:45", "period": "FY", "revenue": 9752000.0, "costOfRevenue": 0.0, "grossProfit": 9752000.0, "grossProfitRatio": 1.0, "researchAndDevelopmentExpenses": 32638000, "generalAndAdministrativeExpenses": 4424000.0, "sellingAndMarketingExpenses": 0.0, "otherExpenses": 125000.0, "operatingExpenses": 37062000, "costAndExpenses": 37187000, "interestExpense": -40329000, "depreciationAndAmortization": 3250000.0, "ebitda": -24185000, "ebitdaratio": -2.4800041017227237, "operatingIncome": -27435000, "operatingIncomeRatio": -2.8132690730106646, "totalOtherIncomeExpensesNet": 11768000, "incomeBeforeTax": -21801000, "incomeBeforeTaxRatio": -2.235541427399508, "incomeTaxExpense": 0.0, "netIncome": -21801000, "netIncomeRatio": -2.235541427399508, "eps": -1.03, "epsdiluted": -1.03, "weightedAverageShsOut": 84185000, "weightedAverageShsOutDil": 84185000, "link": "https://www.sec.gov/Archives/edgar/data/879169/000104746908002303/0001047469-08-002303-index.htm", "finalLink": "https://www.sec.gov/Archives/edgar/data/879169/000104746908002303/a2182995z10-k.htm"}, {"date": "2007-09-30", "symbol": "INCY", "fillingDate": "2007-11-01", "acceptedDate": "2007-11-01 16:30:34", "period": "Q3", "revenue": 6690000.0, "costOfRevenue": 0.0, "grossProfit": 6690000.0, "grossProfitRatio": 1.0, "researchAndDevelopmentExpenses": 25044000, "generalAndAdministrativeExpenses": 3587000.0, "sellingAndMarketingExpenses": 0.0, "otherExpenses": -566000.0, "operatingExpenses": 28631000, "costAndExpenses": 28065000, "interestExpense": 6002000.0, "depreciationAndAmortization": 3253000.0, "ebitda": -18122000, "ebitdaratio": -2.7088191330343796, "operatingIncome": -21375000, "operatingIncomeRatio": -3.195067264573991, "totalOtherIncomeExpensesNet": 2883000.0, "incomeBeforeTax": -24494000, "incomeBeforeTaxRatio": -3.6612855007473843, "incomeTaxExpense": 0.0, "netIncome": -24494000, "netIncomeRatio": -3.6612855007473843, "eps": -0.77, "epsdiluted": -0.77, "weightedAverageShsOut": 84111000, "weightedAverageShsOutDil": 84111000, "link": "https://www.sec.gov/Archives/edgar/data/879169/000110465907078882/0001104659-07-078882-index.htm", "finalLink": "https://www.sec.gov/Archives/edgar/data/879169/000110465907078882/a07-25688_110q.htm"}, {"date": "2007-06-30", "symbol": "INCY", "fillingDate": "2007-07-31", "acceptedDate": "2007-07-31 16:31:14", "period": "Q2", "revenue": 10576000, "costOfRevenue": 0.0, "grossProfit": 10576000, "grossProfitRatio": 1.0, "researchAndDevelopmentExpenses": 23301000, "generalAndAdministrativeExpenses": 3535000.0, "sellingAndMarketingExpenses": 0.0, "otherExpenses": -73000.0, "operatingExpenses": 26836000, "costAndExpenses": 26763000, "interestExpense": 5966000.0, "depreciationAndAmortization": 3261000.0, "ebitda": -12926000, "ebitdaratio": -1.2222012102874433, "operatingIncome": -16187000, "operatingIncomeRatio": -1.5305408472012103, "totalOtherIncomeExpensesNet": 3714000.0, "incomeBeforeTax": -18439000, "incomeBeforeTaxRatio": -1.7434757942511347, "incomeTaxExpense": 0.0, "netIncome": -18439000, "netIncomeRatio": -1.7434757942511347, "eps": -0.48, "epsdiluted": -0.48, "weightedAverageShsOut": 84060000, "weightedAverageShsOutDil": 84060000, "link": "https://www.sec.gov/Archives/edgar/data/879169/000110465907057549/0001104659-07-057549-index.htm", "finalLink": "https://www.sec.gov/Archives/edgar/data/879169/000110465907057549/a07-19002_110q.htm"}, {"date": "2007-03-31", "symbol": "INCY", "fillingDate": "2007-05-03", "acceptedDate": "2007-05-03 16:34:16", "period": "Q1", "revenue": 7422000.0, "costOfRevenue": 0.0, "grossProfit": 7422000.0, "grossProfitRatio": 1.0, "researchAndDevelopmentExpenses": 23906000, "generalAndAdministrativeExpenses": 3692000.0, "sellingAndMarketingExpenses": 0.0, "otherExpenses": 107000.0, "operatingExpenses": 27598000, "costAndExpenses": 27705000, "interestExpense": 5930000.0, "depreciationAndAmortization": 3199000.0, "ebitda": -17084000, "ebitdaratio": -2.301805443276745, "operatingIncome": -20283000, "operatingIncomeRatio": -2.732821341956346, "totalOtherIncomeExpensesNet": 4066000.0, "incomeBeforeTax": -22147000, "incomeBeforeTaxRatio": -2.983966585825923, "incomeTaxExpense": 0.0, "netIncome": -22147000, "netIncomeRatio": -2.983966585825923, "eps": -0.26, "epsdiluted": -0.26, "weightedAverageShsOut": 83985000, "weightedAverageShsOutDil": 83985000, "link": "https://www.sec.gov/Archives/edgar/data/879169/000110465907035413/0001104659-07-035413-index.htm", "finalLink": "https://www.sec.gov/Archives/edgar/data/879169/000110465907035413/a07-10987_110q.htm"}, {"date": "2006-12-31", "symbol": "INCY", "fillingDate": "2007-02-28", "acceptedDate": "2007-02-28 17:30:21", "period": "FY", "revenue": 7056000.0, "costOfRevenue": 0.0, "grossProfit": 7056000.0, "grossProfitRatio": 1.0, "researchAndDevelopmentExpenses": 23559000, "generalAndAdministrativeExpenses": 3277000.0, "sellingAndMarketingExpenses": 0.0, "otherExpenses": -221000.0, "operatingExpenses": 26836000, "costAndExpenses": 26615000, "interestExpense": -32507000, "depreciationAndAmortization": 3271000.0, "ebitda": -16288000, "ebitdaratio": -2.308390022675737, "operatingIncome": -19559000, "operatingIncomeRatio": -2.771967120181406, "totalOtherIncomeExpensesNet": 5209000.0, "incomeBeforeTax": -20503000, "incomeBeforeTaxRatio": -2.9057539682539684, "incomeTaxExpense": 0.0, "netIncome": -20503000, "netIncomeRatio": -2.9057539682539684, "eps": -0.89, "epsdiluted": -0.89, "weightedAverageShsOut": 83799000, "weightedAverageShsOutDil": 83799000, "link": "https://www.sec.gov/Archives/edgar/data/879169/000110465907015059/0001104659-07-015059-index.htm", "finalLink": "https://www.sec.gov/Archives/edgar/data/879169/000110465907015059/a07-5374_110k.htm"}, {"date": "2006-09-30", "symbol": "INCY", "fillingDate": "2006-11-02", "acceptedDate": "2006-11-02 16:33:51", "period": "Q3", "revenue": 7267000.0, "costOfRevenue": 0.0, "grossProfit": 7267000.0, "grossProfitRatio": 1.0, "researchAndDevelopmentExpenses": 19556000, "generalAndAdministrativeExpenses": 3453000.0, "sellingAndMarketingExpenses": 0.0, "otherExpenses": 14000.0, "operatingExpenses": 23009000, "costAndExpenses": 23023000, "interestExpense": 4078000.0, "depreciationAndAmortization": 1302000.0, "ebitda": -14454000, "ebitdaratio": -1.988991330672905, "operatingIncome": -15756000, "operatingIncomeRatio": -2.1681574239713775, "totalOtherIncomeExpensesNet": 3988000.0, "incomeBeforeTax": -15837000, "incomeBeforeTaxRatio": -2.179303701665061, "incomeTaxExpense": 0.0, "netIncome": -15837000, "netIncomeRatio": -2.179303701665061, "eps": -0.64, "epsdiluted": -0.64, "weightedAverageShsOut": 83755000, "weightedAverageShsOutDil": 83755000, "link": "https://www.sec.gov/Archives/edgar/data/879169/000110465906070746/0001104659-06-070746-index.htm", "finalLink": "https://www.sec.gov/Archives/edgar/data/879169/000110465906070746/a06-21866_110q.htm"}, {"date": "2006-06-30", "symbol": "INCY", "fillingDate": "2006-08-01", "acceptedDate": "2006-08-01 16:00:33", "period": "Q2", "revenue": 6855000.0, "costOfRevenue": 0.0, "grossProfit": 6855000.0, "grossProfitRatio": 1.0, "researchAndDevelopmentExpenses": 19724000, "generalAndAdministrativeExpenses": 3421000.0, "sellingAndMarketingExpenses": 0.0, "otherExpenses": 2890000.0, "operatingExpenses": 23145000, "costAndExpenses": 26035000, "interestExpense": 3891000.0, "depreciationAndAmortization": 1229000.0, "ebitda": -17951000, "ebitdaratio": -2.6186725018234864, "operatingIncome": -19180000, "operatingIncomeRatio": -2.7979576951130563, "totalOtherIncomeExpensesNet": 2596000.0, "incomeBeforeTax": -20520000, "incomeBeforeTaxRatio": -2.9934354485776806, "incomeTaxExpense": 0.0, "netIncome": -20520000, "netIncomeRatio": -2.9934354485776806, "eps": -0.45, "epsdiluted": -0.45, "weightedAverageShsOut": 83706000, "weightedAverageShsOutDil": 83706000, "link": "https://www.sec.gov/Archives/edgar/data/879169/000110465906050303/0001104659-06-050303-index.htm", "finalLink": "https://www.sec.gov/Archives/edgar/data/879169/000110465906050303/a06-15547_110q.htm"}, {"date": "2006-03-31", "symbol": "INCY", "fillingDate": "2006-05-04", "acceptedDate": "2006-05-04 09:42:50", "period": "Q1", "revenue": 6465000.0, "costOfRevenue": 0.0, "grossProfit": 6465000.0, "grossProfitRatio": 1.0, "researchAndDevelopmentExpenses": 24757000, "generalAndAdministrativeExpenses": 3876000.0, "sellingAndMarketingExpenses": 0.0, "otherExpenses": 201000.0, "operatingExpenses": 28633000, "costAndExpenses": 28834000, "interestExpense": 3859000.0, "depreciationAndAmortization": 1609000.0, "ebitda": -20760000, "ebitdaratio": -3.211136890951276, "operatingIncome": -22369000, "operatingIncomeRatio": -3.460015467904099, "totalOtherIncomeExpensesNet": 8886000.0, "incomeBeforeTax": -17306000, "incomeBeforeTaxRatio": -2.676875483372003, "incomeTaxExpense": 0.0, "netIncome": -17306000, "netIncomeRatio": -2.676875483372003, "eps": -0.21, "epsdiluted": -0.21, "weightedAverageShsOut": 83627000, "weightedAverageShsOutDil": 83627000, "link": "https://www.sec.gov/Archives/edgar/data/879169/000110465906030975/0001104659-06-030975-index.htm", "finalLink": "https://www.sec.gov/Archives/edgar/data/879169/000110465906030975/a06-9680_110q.htm"}, {"date": "2005-12-31", "symbol": "INCY", "fillingDate": "2006-03-03", "acceptedDate": "2006-03-03 14:35:40", "period": "FY", "revenue": 1028000.0, "costOfRevenue": 0.0, "grossProfit": 1028000.0, "grossProfitRatio": 1.0, "researchAndDevelopmentExpenses": 23942000, "generalAndAdministrativeExpenses": 3412000.0, "sellingAndMarketingExpenses": 0.0, "otherExpenses": 268000.0, "operatingExpenses": 27354000, "costAndExpenses": 27622000, "interestExpense": -2299000.0, "depreciationAndAmortization": 1676000.0, "ebitda": -24918000, "ebitdaratio": -24.239299610894943, "operatingIncome": -26594000, "operatingIncomeRatio": -25.86964980544747, "totalOtherIncomeExpensesNet": 2299000.0, "incomeBeforeTax": -28107000, "incomeBeforeTaxRatio": -27.341439688715955, "incomeTaxExpense": -396000.0, "netIncome": -27556000, "netIncomeRatio": -26.80544747081712, "eps": -1.24, "epsdiluted": -1.24, "weightedAverageShsOut": 83321000, "weightedAverageShsOutDil": 83321000, "link": "https://www.sec.gov/Archives/edgar/data/879169/000110465906013846/0001104659-06-013846-index.htm", "finalLink": "https://www.sec.gov/Archives/edgar/data/879169/000110465906013846/a05-20227_210k.htm"}, {"date": "2005-09-30", "symbol": "INCY", "fillingDate": "2005-11-01", "acceptedDate": "2005-11-01 10:12:38", "period": "Q3", "revenue": 1227000.0, "costOfRevenue": 0.0, "grossProfit": 1227000.0, "grossProfitRatio": 1.0, "researchAndDevelopmentExpenses": 27356000, "generalAndAdministrativeExpenses": 2710000.0, "sellingAndMarketingExpenses": 0.0, "otherExpenses": 299000.0, "operatingExpenses": 30066000, "costAndExpenses": 30365000, "interestExpense": -18675000, "depreciationAndAmortization": 3955000.0, "ebitda": -25183000, "ebitdaratio": -20.5240423797881, "operatingIncome": -29138000, "operatingIncomeRatio": -23.747351263243683, "totalOtherIncomeExpensesNet": 2657000.0, "incomeBeforeTax": -30208000, "incomeBeforeTaxRatio": -24.619396903015485, "incomeTaxExpense": 0.0, "netIncome": -30211000, "netIncomeRatio": -24.621841890790545, "eps": -0.91, "epsdiluted": -0.91, "weightedAverageShsOut": 83213000, "weightedAverageShsOutDil": 83213000, "link": "https://www.sec.gov/Archives/edgar/data/879169/000110465905051404/0001104659-05-051404-index.htm", "finalLink": "https://www.sec.gov/Archives/edgar/data/879169/000110465905051404/a05-18455_110q.htm"}, {"date": "2005-06-30", "symbol": "INCY", "fillingDate": "2005-08-05", "acceptedDate": "2005-08-05 13:10:21", "period": "Q2", "revenue": 2676000.0, "costOfRevenue": 0.0, "grossProfit": 2676000.0, "grossProfitRatio": 1.0, "researchAndDevelopmentExpenses": 26556000, "generalAndAdministrativeExpenses": 2733000.0, "sellingAndMarketingExpenses": 0.0, "otherExpenses": 446000.0, "operatingExpenses": 29289000, "costAndExpenses": 29735000, "interestExpense": 10599000, "depreciationAndAmortization": 708000.0, "ebitda": -26351000, "ebitdaratio": -9.847159940209268, "operatingIncome": -27059000, "operatingIncomeRatio": -10.111733931240657, "totalOtherIncomeExpensesNet": 5419000.0, "incomeBeforeTax": -25310000, "incomeBeforeTaxRatio": -9.458146487294469, "incomeTaxExpense": -156000.0, "netIncome": -25145000, "netIncomeRatio": -9.396487294469358, "eps": -0.54, "epsdiluted": -0.54, "weightedAverageShsOut": 83176000, "weightedAverageShsOutDil": 83176000, "link": "https://www.sec.gov/Archives/edgar/data/879169/000110465905036765/0001104659-05-036765-index.htm", "finalLink": "https://www.sec.gov/Archives/edgar/data/879169/000110465905036765/a05-13533_110q.htm"}, {"date": "2005-03-31", "symbol": "INCY", "fillingDate": "2005-05-06", "acceptedDate": "2005-05-06 15:03:59", "period": "Q1", "revenue": 2915000.0, "costOfRevenue": 0.0, "grossProfit": 2915000.0, "grossProfitRatio": 1.0, "researchAndDevelopmentExpenses": 17764000, "generalAndAdministrativeExpenses": 2801000.0, "sellingAndMarketingExpenses": 0.0, "otherExpenses": 343000.0, "operatingExpenses": 20565000, "costAndExpenses": 20908000, "interestExpense": -2152000.0, "depreciationAndAmortization": 1853000.0, "ebitda": -16140000, "ebitdaratio": -5.536878216123499, "operatingIncome": -17993000, "operatingIncomeRatio": -6.1725557461406515, "totalOtherIncomeExpensesNet": 2152000.0, "incomeBeforeTax": -20284000, "incomeBeforeTaxRatio": -6.958490566037736, "incomeTaxExpense": 0.0, "netIncome": -20131000, "netIncomeRatio": -6.906003430531732, "eps": -0.24, "epsdiluted": -0.24, "weightedAverageShsOut": 83049000, "weightedAverageShsOutDil": 83049000, "link": "https://www.sec.gov/Archives/edgar/data/879169/000119312505099126/0001193125-05-099126-index.htm", "finalLink": "https://www.sec.gov/Archives/edgar/data/879169/000119312505099126/d10q.htm"}, {"date": "2004-12-31", "symbol": "INCY", "fillingDate": "2005-03-11", "acceptedDate": "2005-03-11 14:10:22", "period": "FY", "revenue": 14146000, "costOfRevenue": 0.0, "grossProfit": 14146000, "grossProfitRatio": 1.0, "researchAndDevelopmentExpenses": 88271000, "generalAndAdministrativeExpenses": 20551000, "sellingAndMarketingExpenses": 0.0, "otherExpenses": 54177000, "operatingExpenses": 108822000, "costAndExpenses": 162999000, "interestExpense": -3563000.0, "depreciationAndAmortization": 2928000.0, "ebitda": -145925000, "ebitdaratio": -10.315636929167256, "operatingIncome": -148853000, "operatingIncomeRatio": -10.522621235685, "totalOtherIncomeExpensesNet": 3563000.0, "incomeBeforeTax": -163211000, "incomeBeforeTaxRatio": -11.537607804326312, "incomeTaxExpense": 453000.0, "netIncome": -164817000, "netIncomeRatio": -11.651138130920401, "eps": -2.19, "epsdiluted": -2.19, "weightedAverageShsOut": 74555000, "weightedAverageShsOutDil": 74555000, "link": "https://www.sec.gov/Archives/edgar/data/879169/000119312505047638/0001193125-05-047638-index.htm", "finalLink": "https://www.sec.gov/Archives/edgar/data/879169/000119312505047638/d10k.htm"}, {"date": "2004-09-30", "symbol": "INCY", "fillingDate": "2004-11-05", "acceptedDate": "2004-11-05 15:01:13", "period": "Q3", "revenue": 3394000.0, "costOfRevenue": 0.0, "grossProfit": 3394000.0, "grossProfitRatio": 1.0, "researchAndDevelopmentExpenses": 18630000, "generalAndAdministrativeExpenses": 5237000.0, "sellingAndMarketingExpenses": 0.0, "otherExpenses": -133000.0, "operatingExpenses": 23867000, "costAndExpenses": 23734000, "interestExpense": -9791000.0, "depreciationAndAmortization": 4143000.0, "ebitda": -16197000, "ebitdaratio": -4.77224513847967, "operatingIncome": -20340000, "operatingIncomeRatio": -5.992928697701827, "totalOtherIncomeExpensesNet": -571000.0, "incomeBeforeTax": -25976000, "incomeBeforeTaxRatio": -7.653506187389511, "incomeTaxExpense": 0.0, "netIncome": -25976000, "netIncomeRatio": -7.653506187389511, "eps": -1.74, "epsdiluted": -1.74, "weightedAverageShsOut": 72966000, "weightedAverageShsOutDil": 72966000, "link": "https://www.sec.gov/Archives/edgar/data/879169/000119312504187765/0001193125-04-187765-index.htm", "finalLink": "https://www.sec.gov/Archives/edgar/data/879169/000119312504187765/d10q.htm"}, {"date": "2004-06-30", "symbol": "INCY", "fillingDate": "2004-08-06", "acceptedDate": "2004-08-06 16:24:53", "period": "Q2", "revenue": 5163000.0, "costOfRevenue": 0.0, "grossProfit": 5163000.0, "grossProfitRatio": 1.0, "researchAndDevelopmentExpenses": 25565000, "generalAndAdministrativeExpenses": 5512000.0, "sellingAndMarketingExpenses": 0.0, "otherExpenses": 35029000, "operatingExpenses": 31077000, "costAndExpenses": 66106000, "interestExpense": 7975000.0, "depreciationAndAmortization": 3597000.0, "ebitda": -57346000, "ebitdaratio": -11.107108270385435, "operatingIncome": -60943000, "operatingIncomeRatio": -11.803796242494673, "totalOtherIncomeExpensesNet": 2387000.0, "incomeBeforeTax": -63501000, "incomeBeforeTaxRatio": -12.299244625217897, "incomeTaxExpense": 99000.0, "netIncome": -63600000, "netIncomeRatio": -12.31841952353283, "eps": -1.39, "epsdiluted": -1.39, "weightedAverageShsOut": 72786000, "weightedAverageShsOutDil": 72786000, "link": "https://www.sec.gov/Archives/edgar/data/879169/000119312504134382/0001193125-04-134382-index.htm", "finalLink": "https://www.sec.gov/Archives/edgar/data/879169/000119312504134382/d10q.htm"}, {"date": "2004-03-31", "symbol": "INCY", "fillingDate": "2004-05-07", "acceptedDate": "2004-05-07 13:35:38", "period": "Q1", "revenue": 6641000.0, "costOfRevenue": 0.0, "grossProfit": 6641000.0, "grossProfitRatio": 1.0, "researchAndDevelopmentExpenses": 26184000, "generalAndAdministrativeExpenses": 6292000.0, "sellingAndMarketingExpenses": 0.0, "otherExpenses": 7642000.0, "operatingExpenses": 32476000, "costAndExpenses": 40118000, "interestExpense": 413000.0, "depreciationAndAmortization": 3245000.0, "ebitda": -30232000, "ebitdaratio": -4.552326456858907, "operatingIncome": -33477000, "operatingIncomeRatio": -5.040957687095317, "totalOtherIncomeExpensesNet": -413000.0, "incomeBeforeTax": -37587000, "incomeBeforeTaxRatio": -5.659840385484114, "incomeTaxExpense": 128000.0, "netIncome": -37715000, "netIncomeRatio": -5.6791145911760275, "eps": -0.52, "epsdiluted": -0.52, "weightedAverageShsOut": 72643000, "weightedAverageShsOutDil": 72643000, "link": "https://www.sec.gov/Archives/edgar/data/879169/000119312504081827/0001193125-04-081827-index.htm", "finalLink": "https://www.sec.gov/Archives/edgar/data/879169/000119312504081827/d10q.htm"}, {"date": "2003-12-31", "symbol": "INCY", "fillingDate": "2004-03-15", "acceptedDate": "2004-03-15 14:55:05", "period": "FY", "revenue": 10298000, "costOfRevenue": 0.0, "grossProfit": 10298000, "grossProfitRatio": 1.0, "researchAndDevelopmentExpenses": 27570000, "generalAndAdministrativeExpenses": 6669000.0, "sellingAndMarketingExpenses": 0.0, "otherExpenses": 14508000, "operatingExpenses": 34239000, "costAndExpenses": 48333000, "interestExpense": 450000.0, "depreciationAndAmortization": 4242000.0, "ebitda": -33793000, "ebitdaratio": -3.2815109730044667, "operatingIncome": -38035000, "operatingIncomeRatio": -3.693435618566712, "totalOtherIncomeExpensesNet": -450000.0, "incomeBeforeTax": -40981000, "incomeBeforeTaxRatio": -3.97951058457953, "incomeTaxExpense": -214000.0, "netIncome": -40767000, "netIncomeRatio": -3.9587298504563995, "eps": -2.33, "epsdiluted": -2.33, "weightedAverageShsOut": 71369000, "weightedAverageShsOutDil": 71369000, "link": "https://www.sec.gov/Archives/edgar/data/879169/000119312504042081/0001193125-04-042081-index.htm", "finalLink": "https://www.sec.gov/Archives/edgar/data/879169/000119312504042081/d10k.htm"}, {"date": "2003-09-30", "symbol": "INCY", "fillingDate": "2003-11-13", "acceptedDate": "2003-11-13 15:39:59", "period": "Q3", "revenue": 13249000, "costOfRevenue": 0.0, "grossProfit": 13249000, "grossProfitRatio": 1.0, "researchAndDevelopmentExpenses": 28619000, "generalAndAdministrativeExpenses": 8585000.0, "sellingAndMarketingExpenses": 0.0, "otherExpenses": -35000.0, "operatingExpenses": 37204000, "costAndExpenses": 43419000, "interestExpense": 11259000, "depreciationAndAmortization": 4504000.0, "ebitda": -25666000, "ebitdaratio": -1.9372028077590762, "operatingIncome": -30170000, "operatingIncomeRatio": -2.2771529926786926, "totalOtherIncomeExpensesNet": -11259000, "incomeBeforeTax": -42822000, "incomeBeforeTaxRatio": -3.232092988150049, "incomeTaxExpense": 190000.0, "netIncome": -43012000, "netIncomeRatio": -3.246433693108914, "eps": -1.77, "epsdiluted": -1.77, "weightedAverageShsOut": 71022000, "weightedAverageShsOutDil": 71022000, "link": "https://www.sec.gov/Archives/edgar/data/879169/000119312503080067/0001193125-03-080067-index.htm", "finalLink": "https://www.sec.gov/Archives/edgar/data/879169/000119312503080067/d10q.htm"}, {"date": "2003-06-30", "symbol": "INCY", "fillingDate": "2003-08-13", "acceptedDate": "2003-08-13 15:19:28", "period": "Q2", "revenue": 11036000, "costOfRevenue": 0.0, "grossProfit": 11036000, "grossProfitRatio": 1.0, "researchAndDevelopmentExpenses": 29870000, "generalAndAdministrativeExpenses": 7694000.0, "sellingAndMarketingExpenses": 0.0, "otherExpenses": 290000.0, "operatingExpenses": 37564000, "costAndExpenses": 37854000, "interestExpense": -6162000.0, "depreciationAndAmortization": 4482000.0, "ebitda": -22336000, "ebitdaratio": -2.02392171076477, "operatingIncome": -26818000, "operatingIncomeRatio": -2.430047118521203, "totalOtherIncomeExpensesNet": 2490000.0, "incomeBeforeTax": -26659000, "incomeBeforeTaxRatio": -2.415639724537876, "incomeTaxExpense": 241000.0, "netIncome": -26900000, "netIncomeRatio": -2.437477346864806, "eps": -1.17, "epsdiluted": -1.17, "weightedAverageShsOut": 70441000, "weightedAverageShsOutDil": 70441000, "link": "https://www.sec.gov/Archives/edgar/data/879169/000119312503035827/0001193125-03-035827-index.htm", "finalLink": "https://www.sec.gov/Archives/edgar/data/879169/000119312503035827/d10q.htm"}, {"date": "2003-03-31", "symbol": "INCY", "fillingDate": "2003-05-14", "acceptedDate": "2003-05-14 15:10:28", "period": "Q1", "revenue": 12509000, "costOfRevenue": 0.0, "grossProfit": 12509000, "grossProfitRatio": 1.0, "researchAndDevelopmentExpenses": 30186000, "generalAndAdministrativeExpenses": 7377000.0, "sellingAndMarketingExpenses": 0.0, "otherExpenses": 1103000.0, "operatingExpenses": 37563000, "costAndExpenses": 66782000, "interestExpense": 2439000.0, "depreciationAndAmortization": 4457000.0, "ebitda": -49816000, "ebitdaratio": -3.9824126628827243, "operatingIncome": -54273000, "operatingIncomeRatio": -4.338716124390439, "totalOtherIncomeExpensesNet": 1233000.0, "incomeBeforeTax": -55524000, "incomeBeforeTaxRatio": -4.438724118634583, "incomeTaxExpense": 260000.0, "netIncome": -55784000, "netIncomeRatio": -4.459509153409545, "eps": -0.81, "epsdiluted": -0.81, "weightedAverageShsOut": 68986000, "weightedAverageShsOutDil": 68986000, "link": "https://www.sec.gov/Archives/edgar/data/879169/000095016803001763/0000950168-03-001763-index.htm", "finalLink": "https://www.sec.gov/Archives/edgar/data/879169/000095016803001763/d10q.htm"}, {"date": "2002-12-31", "symbol": "INCY", "fillingDate": "2003-03-28", "acceptedDate": "2003-03-28 17:08:31", "period": "FY", "revenue": 21149000, "costOfRevenue": 0.0, "grossProfit": 21149000, "grossProfitRatio": 1.0, "researchAndDevelopmentExpenses": 33612000, "generalAndAdministrativeExpenses": 8084000.0, "sellingAndMarketingExpenses": 0.0, "otherExpenses": 35554000, "operatingExpenses": 39919000, "costAndExpenses": 77563000, "interestExpense": -16811000, "depreciationAndAmortization": 6343000.0, "ebitda": -50071000, "ebitdaratio": -2.3675351080429334, "operatingIncome": -56414000, "operatingIncomeRatio": -2.6674547259917727, "totalOtherIncomeExpensesNet": -6972000.0, "incomeBeforeTax": -67275000, "incomeBeforeTaxRatio": -3.1810014657903447, "incomeTaxExpense": 217000.0, "netIncome": -67492000, "netIncomeRatio": -3.191261998203225, "eps": -2.03, "epsdiluted": -2.03, "weightedAverageShsOut": 67403000, "weightedAverageShsOutDil": 67403000, "link": "https://www.sec.gov/Archives/edgar/data/879169/000102140803005282/0001021408-03-005282-index.htm", "finalLink": "https://www.sec.gov/Archives/edgar/data/879169/000102140803005282/d10k.htm"}, {"date": "2002-09-30", "symbol": "INCY", "fillingDate": "2002-11-14", "acceptedDate": "2002-11-14 18:12:44", "period": "Q3", "revenue": 22390000, "costOfRevenue": 0.0, "grossProfit": 22390000, "grossProfitRatio": 1.0, "researchAndDevelopmentExpenses": 47301000, "generalAndAdministrativeExpenses": 12147000, "sellingAndMarketingExpenses": 0.0, "otherExpenses": 406000.0, "operatingExpenses": 59854000, "costAndExpenses": 59854000, "interestExpense": 22135000, "depreciationAndAmortization": 5609000.0, "ebitda": -31855000, "ebitdaratio": -1.4227333631085306, "operatingIncome": -37464000, "operatingIncomeRatio": -1.6732469852612775, "totalOtherIncomeExpensesNet": 1648000.0, "incomeBeforeTax": -38111000, "incomeBeforeTaxRatio": -1.7021438142027692, "incomeTaxExpense": 300000.0, "netIncome": -38411000, "netIncomeRatio": -1.715542652970076, "eps": -1.03, "epsdiluted": -1.03, "weightedAverageShsOut": 67348000, "weightedAverageShsOutDil": 67348000, "link": "https://www.sec.gov/Archives/edgar/data/879169/000102140802014186/0001021408-02-014186-index.htm", "finalLink": "https://www.sec.gov/Archives/edgar/data/879169/000102140802014186/d10q.htm"}, {"date": "2002-06-30", "symbol": "INCY", "fillingDate": "2002-08-14", "acceptedDate": "2002-08-14 14:09:16", "period": "Q2", "revenue": 29059000, "costOfRevenue": 0.0, "grossProfit": 29059000, "grossProfitRatio": 1.0, "researchAndDevelopmentExpenses": 37717000, "generalAndAdministrativeExpenses": 12748000, "sellingAndMarketingExpenses": 0.0, "otherExpenses": -6786000.0, "operatingExpenses": 51836000, "costAndExpenses": 51836000, "interestExpense": -6601000.0, "depreciationAndAmortization": 5885000.0, "ebitda": -16892000, "ebitdaratio": -0.5813001135620633, "operatingIncome": -22777000, "operatingIncomeRatio": -0.7838191266044943, "totalOtherIncomeExpensesNet": 6601000.0, "incomeBeforeTax": -17241000, "incomeBeforeTaxRatio": -0.593310162084036, "incomeTaxExpense": 300000.0, "netIncome": -17541000, "netIncomeRatio": -0.6036339860284249, "eps": -0.46, "epsdiluted": -0.46, "weightedAverageShsOut": 67154000, "weightedAverageShsOutDil": 67154000, "link": "https://www.sec.gov/Archives/edgar/data/879169/000102140802010918/0001021408-02-010918-index.htm", "finalLink": "https://www.sec.gov/Archives/edgar/data/879169/000102140802010918/d10q.htm"}]