[{"date": "2020-03-29", "symbol": "ILMN", "fillingDate": "2020-05-01", "acceptedDate": "2020-04-30 19:53:11", "period": "Q1", "revenue": 859000000, "costOfRevenue": 240000000, "grossProfit": 619000000, "grossProfitRatio": 0.7206053550640279, "researchAndDevelopmentExpenses": 156000000, "generalAndAdministrativeExpenses": 274000000, "sellingAndMarketingExpenses": 0.0, "otherExpenses": -14000000, "operatingExpenses": 430000000, "costAndExpenses": 670000000, "interestExpense": 11000000, "depreciationAndAmortization": 54000000, "ebitda": 243000000, "ebitdaratio": 0.282887077998, "operatingIncome": 189000000, "operatingIncomeRatio": 0.220023282887, "totalOtherIncomeExpensesNet": -14000000, "incomeBeforeTax": 178000000, "incomeBeforeTaxRatio": 0.207217694994, "incomeTaxExpense": 5000000.0, "netIncome": 173000000, "netIncomeRatio": 0.201396973225, "eps": 1.18, "epsdiluted": 1.17, "weightedAverageShsOut": 147000000, "weightedAverageShsOutDil": 148000000, "link": "https://www.sec.gov/Archives/edgar/data/1110803/000111080320000033/0001110803-20-000033-index.htm", "finalLink": "https://www.sec.gov/Archives/edgar/data/1110803/000111080320000033/form10-qfy20q1.htm"}, {"date": "2019-12-29", "symbol": "ILMN", "fillingDate": "2020-02-11", "acceptedDate": "2020-02-10 20:20:21", "period": "FY", "revenue": 952000000, "costOfRevenue": 290000000, "grossProfit": 662000000, "grossProfitRatio": 0.6953781512605042, "researchAndDevelopmentExpenses": 161000000, "generalAndAdministrativeExpenses": 233000000, "sellingAndMarketingExpenses": 0.0, "otherExpenses": -114000000, "operatingExpenses": 394000000, "costAndExpenses": 684000000, "interestExpense": 11000000, "depreciationAndAmortization": 55000000, "ebitda": 323000000, "ebitdaratio": 0.339285714286, "operatingIncome": 268000000, "operatingIncomeRatio": 0.281512605042, "totalOtherIncomeExpensesNet": 1000000.0, "incomeBeforeTax": 269000000, "incomeBeforeTaxRatio": 0.28256302521, "incomeTaxExpense": 30000000, "netIncome": 239000000, "netIncomeRatio": 0.251050420168, "eps": 1.62, "epsdiluted": 1.61, "weightedAverageShsOut": 147000000, "weightedAverageShsOutDil": 149000000, "link": "https://www.sec.gov/Archives/edgar/data/1110803/000111080320000018/0001110803-20-000018-index.htm", "finalLink": "https://www.sec.gov/Archives/edgar/data/1110803/000111080320000018/form10-k2019classic.htm"}, {"date": "2019-09-29", "symbol": "ILMN", "fillingDate": "2019-10-25", "acceptedDate": "2019-10-24 18:58:29", "period": "Q3", "revenue": 907000000, "costOfRevenue": 259000000, "grossProfit": 648000000, "grossProfitRatio": 0.7144432194046306, "researchAndDevelopmentExpenses": 151000000, "generalAndAdministrativeExpenses": 190000000, "sellingAndMarketingExpenses": 0.0, "otherExpenses": 114000000, "operatingExpenses": 341000000, "costAndExpenses": 600000000, "interestExpense": 11000000, "depreciationAndAmortization": 56000000, "ebitda": 363000000, "ebitdaratio": 0.400220507166, "operatingIncome": 307000000, "operatingIncomeRatio": 0.338478500551, "totalOtherIncomeExpensesNet": -43000000, "incomeBeforeTax": 269000000, "incomeBeforeTaxRatio": 0.29658213892, "incomeTaxExpense": 35000000, "netIncome": 234000000, "netIncomeRatio": 0.257993384785, "eps": 1.59, "epsdiluted": 1.57, "weightedAverageShsOut": 147000000, "weightedAverageShsOutDil": 149000000, "link": "https://www.sec.gov/Archives/edgar/data/1110803/000111080319000056/0001110803-19-000056-index.htm", "finalLink": "https://www.sec.gov/Archives/edgar/data/1110803/000111080319000056/form10-qfy19q3.htm"}, {"date": "2019-06-30", "symbol": "ILMN", "fillingDate": "2019-07-31", "acceptedDate": "2019-07-30 18:54:38", "period": "Q2", "revenue": 838000000, "costOfRevenue": 265000000, "grossProfit": 573000000, "grossProfitRatio": 0.6837708830548926, "researchAndDevelopmentExpenses": 166000000, "generalAndAdministrativeExpenses": 201000000, "sellingAndMarketingExpenses": 0.0, "otherExpenses": 0.0, "operatingExpenses": 367000000, "costAndExpenses": 632000000, "interestExpense": 15000000, "depreciationAndAmortization": 62000000, "ebitda": 268000000, "ebitdaratio": 0.319809069212, "operatingIncome": 206000000, "operatingIncomeRatio": 0.245823389021, "totalOtherIncomeExpensesNet": 141000000, "incomeBeforeTax": 347000000, "incomeBeforeTaxRatio": 0.414081145585, "incomeTaxExpense": 54000000, "netIncome": 296000000, "netIncomeRatio": 0.353221957041, "eps": 2.02, "epsdiluted": 1.99, "weightedAverageShsOut": 147000000, "weightedAverageShsOutDil": 149000000, "link": "https://www.sec.gov/Archives/edgar/data/1110803/000111080319000042/0001110803-19-000042-index.htm", "finalLink": "https://www.sec.gov/Archives/edgar/data/1110803/000111080319000042/form10-qfy19q2.htm"}, {"date": "2019-03-31", "symbol": "ILMN", "fillingDate": "2019-04-26", "acceptedDate": "2019-04-25 21:41:59", "period": "Q1", "revenue": 846000000, "costOfRevenue": 262000000, "grossProfit": 584000000, "grossProfitRatio": 0.6903073286052009, "researchAndDevelopmentExpenses": 169000000, "generalAndAdministrativeExpenses": 211000000, "sellingAndMarketingExpenses": 0.0, "otherExpenses": 0.0, "operatingExpenses": 380000000, "costAndExpenses": 642000000, "interestExpense": 15000000, "depreciationAndAmortization": 61000000, "ebitda": 265000000, "ebitdaratio": 0.313238770686, "operatingIncome": 204000000, "operatingIncomeRatio": 0.241134751773, "totalOtherIncomeExpensesNet": 29000000, "incomeBeforeTax": 233000000, "incomeBeforeTaxRatio": 0.275413711584, "incomeTaxExpense": 9000000.0, "netIncome": 233000000, "netIncomeRatio": 0.275413711584, "eps": 1.58, "epsdiluted": 1.57, "weightedAverageShsOut": 147000000, "weightedAverageShsOutDil": 149000000, "link": "https://www.sec.gov/Archives/edgar/data/1110803/000111080319000022/0001110803-19-000022-index.htm", "finalLink": "https://www.sec.gov/Archives/edgar/data/1110803/000111080319000022/fy2019q1form10-q.htm"}, {"date": "2018-12-30", "symbol": "ILMN", "fillingDate": "2019-02-12", "acceptedDate": "2019-02-11 20:06:04", "period": "FY", "revenue": 867000000, "costOfRevenue": 277000000, "grossProfit": 590000000, "grossProfitRatio": 0.6805074971164936, "researchAndDevelopmentExpenses": 176000000, "generalAndAdministrativeExpenses": 217000000, "sellingAndMarketingExpenses": 0.0, "otherExpenses": 19000000, "operatingExpenses": 393000000, "costAndExpenses": 670000000, "interestExpense": 20000000, "depreciationAndAmortization": 65000000, "ebitda": 262000000, "ebitdaratio": 0.302191464821, "operatingIncome": 197000000, "operatingIncomeRatio": 0.227220299885, "totalOtherIncomeExpensesNet": 12000000, "incomeBeforeTax": 209000000, "incomeBeforeTaxRatio": 0.241061130334, "incomeTaxExpense": 12000000, "netIncome": 210000000, "netIncomeRatio": 0.242214532872, "eps": 1.43, "epsdiluted": 1.41, "weightedAverageShsOut": 147000000, "weightedAverageShsOutDil": 149000000, "link": "https://www.sec.gov/Archives/edgar/data/1110803/000111080319000013/0001110803-19-000013-index.htm", "finalLink": "https://www.sec.gov/Archives/edgar/data/1110803/000111080319000013/fy2018form10-k.htm"}, {"date": "2018-09-30", "symbol": "ILMN", "fillingDate": "2018-10-24", "acceptedDate": "2018-10-23 19:46:12", "period": "Q3", "revenue": 854000000, "costOfRevenue": 257000000, "grossProfit": 597000000, "grossProfitRatio": 0.6990632318501171, "researchAndDevelopmentExpenses": 159000000, "generalAndAdministrativeExpenses": 197000000, "sellingAndMarketingExpenses": 0.0, "otherExpenses": -3000000.0, "operatingExpenses": 356000000, "costAndExpenses": 613000000, "interestExpense": 15000000, "depreciationAndAmortization": 55000000, "ebitda": 296000000, "ebitdaratio": 0.346604215457, "operatingIncome": 241000000, "operatingIncomeRatio": 0.282201405152, "totalOtherIncomeExpensesNet": -9000000.0, "incomeBeforeTax": 232000000, "incomeBeforeTaxRatio": 0.271662763466, "incomeTaxExpense": 44000000, "netIncome": 199000000, "netIncomeRatio": 0.233021077283, "eps": 1.36, "epsdiluted": 1.33, "weightedAverageShsOut": 147000000, "weightedAverageShsOutDil": 148000000, "link": "https://www.sec.gov/Archives/edgar/data/1110803/000111080318000031/0001110803-18-000031-index.htm", "finalLink": "https://www.sec.gov/Archives/edgar/data/1110803/000111080318000031/fy2018q3form10-q.htm"}, {"date": "2018-07-01", "symbol": "ILMN", "fillingDate": "2018-07-31", "acceptedDate": "2018-07-31 16:45:50", "period": "Q2", "revenue": 830000000, "costOfRevenue": 255000000, "grossProfit": 575000000, "grossProfitRatio": 0.6927710843373494, "researchAndDevelopmentExpenses": 151000000, "generalAndAdministrativeExpenses": 197000000, "sellingAndMarketingExpenses": 0.0, "otherExpenses": 8000000.0, "operatingExpenses": 348000000, "costAndExpenses": 603000000, "interestExpense": 11000000, "depreciationAndAmortization": 53000000, "ebitda": 280000000, "ebitdaratio": 0.33734939759, "operatingIncome": 227000000, "operatingIncomeRatio": 0.273493975904, "totalOtherIncomeExpensesNet": 5000000.0, "incomeBeforeTax": 232000000, "incomeBeforeTaxRatio": 0.279518072289, "incomeTaxExpense": 32000000, "netIncome": 209000000, "netIncomeRatio": 0.251807228916, "eps": 1.42, "epsdiluted": 1.41, "weightedAverageShsOut": 147000000, "weightedAverageShsOutDil": 148000000, "link": "https://www.sec.gov/Archives/edgar/data/1110803/000111080318000024/0001110803-18-000024-index.htm", "finalLink": "https://www.sec.gov/Archives/edgar/data/1110803/000111080318000024/fy2018q2form10-q.htm"}, {"date": "2018-04-01", "symbol": "ILMN", "fillingDate": "2018-04-25", "acceptedDate": "2018-04-25 16:23:26", "period": "Q1", "revenue": 782000000, "costOfRevenue": 244000000, "grossProfit": 538000000, "grossProfitRatio": 0.6879795396419437, "researchAndDevelopmentExpenses": 137000000, "generalAndAdministrativeExpenses": 183000000, "sellingAndMarketingExpenses": 0.0, "otherExpenses": 0.0, "operatingExpenses": 320000000, "costAndExpenses": 564000000, "interestExpense": 11000000, "depreciationAndAmortization": 47000000, "ebitda": 265000000, "ebitdaratio": 0.338874680307, "operatingIncome": 218000000, "operatingIncomeRatio": 0.278772378517, "totalOtherIncomeExpensesNet": 3000000.0, "incomeBeforeTax": 221000000, "incomeBeforeTaxRatio": 0.282608695652, "incomeTaxExpense": 24000000, "netIncome": 208000000, "netIncomeRatio": 0.265984654731, "eps": 1.42, "epsdiluted": 1.41, "weightedAverageShsOut": 147000000, "weightedAverageShsOutDil": 148000000, "link": "https://www.sec.gov/Archives/edgar/data/1110803/000111080318000015/0001110803-18-000015-index.htm", "finalLink": "https://www.sec.gov/Archives/edgar/data/1110803/000111080318000015/fy2018q110-q.htm"}, {"date": "2017-12-31", "symbol": "ILMN", "fillingDate": "2018-02-13", "acceptedDate": "2018-02-12 19:09:09", "period": "FY", "revenue": 777000000, "costOfRevenue": 235000000, "grossProfit": 542000000, "grossProfitRatio": 0.6975546975546976, "researchAndDevelopmentExpenses": 137000000, "generalAndAdministrativeExpenses": 175000000, "sellingAndMarketingExpenses": 0.0, "otherExpenses": 11000000, "operatingExpenses": 312000000, "costAndExpenses": 547000000, "interestExpense": 11000000, "depreciationAndAmortization": 46000000, "ebitda": 276000000, "ebitdaratio": 0.355212355212, "operatingIncome": 230000000, "operatingIncomeRatio": 0.29601029601, "totalOtherIncomeExpensesNet": -2000000.0, "incomeBeforeTax": 223000000, "incomeBeforeTaxRatio": 0.287001287001, "incomeTaxExpense": 166000000, "netIncome": 68000000, "netIncomeRatio": 0.0875160875161, "eps": 0.47, "epsdiluted": 0.47, "weightedAverageShsOut": 146000000, "weightedAverageShsOutDil": 148000000, "link": "https://www.sec.gov/Archives/edgar/data/1110803/000111080318000009/0001110803-18-000009-index.htm", "finalLink": "https://www.sec.gov/Archives/edgar/data/1110803/000111080318000009/fy201710-k.htm"}, {"date": "2017-10-01", "symbol": "ILMN", "fillingDate": "2017-10-25", "acceptedDate": "2017-10-25 15:32:30", "period": "Q3", "revenue": 714000000, "costOfRevenue": 232000000, "grossProfit": 482000000, "grossProfitRatio": 0.6750700280112045, "researchAndDevelopmentExpenses": 134000000, "generalAndAdministrativeExpenses": 167000000, "sellingAndMarketingExpenses": 0.0, "otherExpenses": -6000000.0, "operatingExpenses": 301000000, "costAndExpenses": 533000000, "interestExpense": 10000000, "depreciationAndAmortization": 49000000, "ebitda": 230000000, "ebitdaratio": 0.322128851541, "operatingIncome": 181000000, "operatingIncomeRatio": 0.25350140056, "totalOtherIncomeExpensesNet": -6000000.0, "incomeBeforeTax": 175000000, "incomeBeforeTaxRatio": 0.245098039216, "incomeTaxExpense": 22000000, "netIncome": 163000000, "netIncomeRatio": 0.228291316527, "eps": 1.11, "epsdiluted": 1.1, "weightedAverageShsOut": 146000000, "weightedAverageShsOutDil": 148000000, "link": "https://www.sec.gov/Archives/edgar/data/1110803/000111080317000045/0001110803-17-000045-index.htm", "finalLink": "https://www.sec.gov/Archives/edgar/data/1110803/000111080317000045/fy2017q310-q.htm"}, {"date": "2017-07-02", "symbol": "ILMN", "fillingDate": "2017-08-03", "acceptedDate": "2017-08-02 17:51:48", "period": "Q2", "revenue": 663000000, "costOfRevenue": 229000000, "grossProfit": 434000000, "grossProfitRatio": 0.6546003016591252, "researchAndDevelopmentExpenses": 130000000, "generalAndAdministrativeExpenses": 169000000, "sellingAndMarketingExpenses": 0.0, "otherExpenses": 442000000, "operatingExpenses": 291000000, "costAndExpenses": 520000000, "interestExpense": 8000000.0, "depreciationAndAmortization": 46000000, "ebitda": 189000000, "ebitdaratio": 0.285067873303, "operatingIncome": 143000000, "operatingIncomeRatio": 0.21568627451, "totalOtherIncomeExpensesNet": 2000000.0, "incomeBeforeTax": 142000000, "incomeBeforeTaxRatio": 0.214177978884, "incomeTaxExpense": 22000000, "netIncome": 128000000, "netIncomeRatio": 0.193061840121, "eps": 0.88, "epsdiluted": 0.87, "weightedAverageShsOut": 146000000, "weightedAverageShsOutDil": 147000000, "link": "https://www.sec.gov/Archives/edgar/data/1110803/000111080317000039/0001110803-17-000039-index.htm", "finalLink": "https://www.sec.gov/Archives/edgar/data/1110803/000111080317000039/fy2017q210-q.htm"}, {"date": "2017-04-02", "symbol": "ILMN", "fillingDate": "2017-05-05", "acceptedDate": "2017-05-05 15:40:09", "period": "Q1", "revenue": 598000000, "costOfRevenue": 230000000, "grossProfit": 368000000, "grossProfitRatio": 0.6153846153846154, "researchAndDevelopmentExpenses": 145000000, "generalAndAdministrativeExpenses": 163000000, "sellingAndMarketingExpenses": 0.0, "otherExpenses": 8000000.0, "operatingExpenses": 316000000, "costAndExpenses": 546000000, "interestExpense": 8000000.0, "depreciationAndAmortization": 45000000, "ebitda": 97000000, "ebitdaratio": 0.16220735786, "operatingIncome": 52000000, "operatingIncomeRatio": 0.0869565217391, "totalOtherIncomeExpensesNet": 451000000, "incomeBeforeTax": 503000000, "incomeBeforeTaxRatio": 0.841137123746, "incomeTaxExpense": 155000000, "netIncome": 367000000, "netIncomeRatio": 0.613712374582, "eps": 2.5, "epsdiluted": 2.48, "weightedAverageShsOut": 146000000, "weightedAverageShsOutDil": 147000000, "link": "https://www.sec.gov/Archives/edgar/data/1110803/000111080317000025/0001110803-17-000025-index.htm", "finalLink": "https://www.sec.gov/Archives/edgar/data/1110803/000111080317000025/fy2017q110-q.htm"}, {"date": "2017-01-01", "symbol": "ILMN", "fillingDate": "2017-02-14", "acceptedDate": "2017-02-13 18:01:40", "period": "FY", "revenue": 619347000, "costOfRevenue": 199908000, "grossProfit": 419439000, "grossProfitRatio": 0.6772277899142161, "researchAndDevelopmentExpenses": 129915000, "generalAndAdministrativeExpenses": 146091000, "sellingAndMarketingExpenses": 0.0, "otherExpenses": -3588000.0, "operatingExpenses": 276006000, "costAndExpenses": 475914000, "interestExpense": 8301000.0, "depreciationAndAmortization": 44821000, "ebitda": 187837000, "ebitdaratio": 0.303282328, "operatingIncome": 143016000, "operatingIncomeRatio": 0.230914172507, "totalOtherIncomeExpensesNet": -1116000.0, "incomeBeforeTax": 134243000, "incomeBeforeTaxRatio": 0.216749253649, "incomeTaxExpense": 26701000, "netIncome": 123762000, "netIncomeRatio": 0.199826591555, "eps": 0.8, "epsdiluted": 0.8, "weightedAverageShsOut": 146788000, "weightedAverageShsOutDil": 148040000, "link": "https://www.sec.gov/Archives/edgar/data/1110803/000111080317000014/0001110803-17-000014-index.htm", "finalLink": "https://www.sec.gov/Archives/edgar/data/1110803/000111080317000014/fy201610-k.htm"}, {"date": "2016-10-02", "symbol": "ILMN", "fillingDate": "2016-11-08", "acceptedDate": "2016-11-07 19:34:53", "period": "Q3", "revenue": 607139000, "costOfRevenue": 180989000, "grossProfit": 426150000, "grossProfitRatio": 0.7018985767674288, "researchAndDevelopmentExpenses": 125917000, "generalAndAdministrativeExpenses": 139146000, "sellingAndMarketingExpenses": 0.0, "otherExpenses": -186000.0, "operatingExpenses": 265063000, "costAndExpenses": 446052000, "interestExpense": 8208000.0, "depreciationAndAmortization": 43245000, "ebitda": 203947000, "ebitdaratio": 0.33591483993, "operatingIncome": 160702000, "operatingIncomeRatio": 0.264687328602, "totalOtherIncomeExpensesNet": -186000.0, "incomeBeforeTax": 154364000, "incomeBeforeTaxRatio": 0.254248203459, "incomeTaxExpense": 37429000, "netIncome": 128888000, "netIncomeRatio": 0.212287466297, "eps": 0.85, "epsdiluted": 0.84, "weightedAverageShsOut": 146783000, "weightedAverageShsOutDil": 148049000, "link": "https://www.sec.gov/Archives/edgar/data/1110803/000111080316000214/0001110803-16-000214-index.htm", "finalLink": "https://www.sec.gov/Archives/edgar/data/1110803/000111080316000214/fy16q310-q.htm"}, {"date": "2016-07-03", "symbol": "ILMN", "fillingDate": "2016-08-02", "acceptedDate": "2016-08-01 20:18:47", "period": "Q2", "revenue": 600124000, "costOfRevenue": 176319000, "grossProfit": 423805000, "grossProfitRatio": 0.7061957195512927, "researchAndDevelopmentExpenses": 124589000, "generalAndAdministrativeExpenses": 148535000, "sellingAndMarketingExpenses": 0.0, "otherExpenses": -1080000.0, "operatingExpenses": 270742000, "costAndExpenses": 447061000, "interestExpense": 8147000.0, "depreciationAndAmortization": 41631000, "ebitda": 203500000, "ebitdaratio": 0.339096586705, "operatingIncome": 161869000, "operatingIncomeRatio": 0.269725923309, "totalOtherIncomeExpensesNet": -150000.0, "incomeBeforeTax": 156975000, "incomeBeforeTaxRatio": 0.261570942005, "incomeTaxExpense": 40581000, "netIncome": 120412000, "netIncomeRatio": 0.200645199992, "eps": 0.83, "epsdiluted": 0.83, "weightedAverageShsOut": 146822000, "weightedAverageShsOutDil": 148123000, "link": "https://www.sec.gov/Archives/edgar/data/1110803/000111080316000203/0001110803-16-000203-index.htm", "finalLink": "https://www.sec.gov/Archives/edgar/data/1110803/000111080316000203/fy16q210-q.htm"}, {"date": "2016-04-03", "symbol": "ILMN", "fillingDate": "2016-05-09", "acceptedDate": "2016-05-09 17:03:43", "period": "Q1", "revenue": 571763000, "costOfRevenue": 174709000, "grossProfit": 397054000, "grossProfitRatio": 0.6944380801136135, "researchAndDevelopmentExpenses": 123994000, "generalAndAdministrativeExpenses": 149233000, "sellingAndMarketingExpenses": 0.0, "otherExpenses": 2382000.0, "operatingExpenses": 275609000, "costAndExpenses": 450318000, "interestExpense": 8525000.0, "depreciationAndAmortization": 40950000, "ebitda": 162395000, "ebitdaratio": 0.284025024354, "operatingIncome": 121445000, "operatingIncomeRatio": 0.212404440301, "totalOtherIncomeExpensesNet": 1452000.0, "incomeBeforeTax": 115596000, "incomeBeforeTaxRatio": 0.20217467727, "incomeTaxExpense": 28377000, "netIncome": 89587000, "netIncomeRatio": 0.156685549782, "eps": 0.61, "epsdiluted": 0.6, "weightedAverageShsOut": 146866000, "weightedAverageShsOutDil": 148357000, "link": "https://www.sec.gov/Archives/edgar/data/1110803/000111080316000187/0001110803-16-000187-index.htm", "finalLink": "https://www.sec.gov/Archives/edgar/data/1110803/000111080316000187/fy16q110-q.htm"}, {"date": "2016-01-03", "symbol": "ILMN", "fillingDate": "2016-03-02", "acceptedDate": "2016-03-02 16:10:02", "period": "FY", "revenue": 591548000, "costOfRevenue": 181189000, "grossProfit": 410359000, "grossProfitRatio": 0.6937036385889226, "researchAndDevelopmentExpenses": 114347000, "generalAndAdministrativeExpenses": 147251000, "sellingAndMarketingExpenses": 0.0, "otherExpenses": 4761000.0, "operatingExpenses": 266359000, "costAndExpenses": 447548000, "interestExpense": 6931000.0, "depreciationAndAmortization": 41450000, "ebitda": 185450000, "ebitdaratio": 0.313499496237, "operatingIncome": 144000000, "operatingIncomeRatio": 0.243429104654, "totalOtherIncomeExpensesNet": -29699000, "incomeBeforeTax": 135007000, "incomeBeforeTaxRatio": 0.228226618973, "incomeTaxExpense": 32143000, "netIncome": 104477000, "netIncomeRatio": 0.176616267826, "eps": 0.72, "epsdiluted": 0.71, "weightedAverageShsOut": 144826000, "weightedAverageShsOutDil": 149069000, "link": "https://www.sec.gov/Archives/edgar/data/1110803/000111080316000175/0001110803-16-000175-index.htm", "finalLink": "https://www.sec.gov/Archives/edgar/data/1110803/000111080316000175/fy201510-k.htm"}, {"date": "2015-09-27", "symbol": "ILMN", "fillingDate": "2015-11-02", "acceptedDate": "2015-11-02 16:28:19", "period": "Q3", "revenue": 550271000, "costOfRevenue": 162732000, "grossProfit": 387539000, "grossProfitRatio": 0.7042693509198195, "researchAndDevelopmentExpenses": 99226000, "generalAndAdministrativeExpenses": 136648000, "sellingAndMarketingExpenses": 0.0, "otherExpenses": 5504000.0, "operatingExpenses": 241378000, "costAndExpenses": 404110000, "interestExpense": 12821000, "depreciationAndAmortization": 42308000, "ebitda": 183090000, "ebitdaratio": 0.332726965441, "operatingIncome": 140782000, "operatingIncomeRatio": 0.255841212784, "totalOtherIncomeExpensesNet": -11865000, "incomeBeforeTax": 128917000, "incomeBeforeTaxRatio": 0.234279109748, "incomeTaxExpense": 13296000, "netIncome": 118177000, "netIncomeRatio": 0.214761453902, "eps": 0.81, "epsdiluted": 0.78, "weightedAverageShsOut": 144447000, "weightedAverageShsOutDil": 149108000, "link": "https://www.sec.gov/Archives/edgar/data/1110803/000111080315000157/0001110803-15-000157-index.htm", "finalLink": "https://www.sec.gov/Archives/edgar/data/1110803/000111080315000157/fy15q310-q.htm"}, {"date": "2015-06-28", "symbol": "ILMN", "fillingDate": "2015-07-31", "acceptedDate": "2015-07-31 16:27:57", "period": "Q2", "revenue": 539378000, "costOfRevenue": 163013000, "grossProfit": 376365000, "grossProfitRatio": 0.6977759567501827, "researchAndDevelopmentExpenses": 96182000, "generalAndAdministrativeExpenses": 124441000, "sellingAndMarketingExpenses": 0.0, "otherExpenses": -900000.0, "operatingExpenses": 220623000, "costAndExpenses": 383636000, "interestExpense": 11205000, "depreciationAndAmortization": 40907000, "ebitda": 192840000, "ebitdaratio": 0.357522924554, "operatingIncome": 151933000, "operatingIncomeRatio": 0.281681863183, "totalOtherIncomeExpensesNet": 1191000.0, "incomeBeforeTax": 141172000, "incomeBeforeTaxRatio": 0.261731105088, "incomeTaxExpense": 38925000, "netIncome": 102247000, "netIncomeRatio": 0.189564646686, "eps": 0.71, "epsdiluted": 0.69, "weightedAverageShsOut": 143996000, "weightedAverageShsOutDil": 148826000, "link": "https://www.sec.gov/Archives/edgar/data/1110803/000111080315000140/0001110803-15-000140-index.htm", "finalLink": "https://www.sec.gov/Archives/edgar/data/1110803/000111080315000140/fy15q210-q.htm"}, {"date": "2015-03-29", "symbol": "ILMN", "fillingDate": "2015-05-01", "acceptedDate": "2015-05-01 17:20:23", "period": "Q1", "revenue": 538565000, "costOfRevenue": 163538000, "grossProfit": 375027000, "grossProfitRatio": 0.696344916583885, "researchAndDevelopmentExpenses": 91772000, "generalAndAdministrativeExpenses": 116317000, "sellingAndMarketingExpenses": 0.0, "otherExpenses": -1191000.0, "operatingExpenses": 208089000, "costAndExpenses": 371627000, "interestExpense": 11164000, "depreciationAndAmortization": 40271000, "ebitda": 216397000, "ebitdaratio": 0.401802939292, "operatingIncome": 176126000, "operatingIncomeRatio": 0.327028306704, "totalOtherIncomeExpensesNet": 1920000.0, "incomeBeforeTax": 178046000, "incomeBeforeTaxRatio": 0.330593335995, "incomeTaxExpense": 41388000, "netIncome": 136658000, "netIncomeRatio": 0.253744673345, "eps": 0.95, "epsdiluted": 0.92, "weightedAverageShsOut": 143771000, "weightedAverageShsOutDil": 148683000, "link": "https://www.sec.gov/Archives/edgar/data/1110803/000111080315000116/0001110803-15-000116-index.htm", "finalLink": "https://www.sec.gov/Archives/edgar/data/1110803/000111080315000116/fy15q110-q.htm"}, {"date": "2014-12-28", "symbol": "ILMN", "fillingDate": "2015-02-18", "acceptedDate": "2015-02-17 17:41:31", "period": "FY", "revenue": 512379000, "costOfRevenue": 127442000, "grossProfit": 384937000, "grossProfitRatio": 0.7512739593152725, "researchAndDevelopmentExpenses": 142947000, "generalAndAdministrativeExpenses": 122173000, "sellingAndMarketingExpenses": 0.0, "otherExpenses": -44280000, "operatingExpenses": 253393000, "costAndExpenses": 380835000, "interestExpense": 11076000, "depreciationAndAmortization": 40032000, "ebitda": 242915000, "ebitdaratio": 0.474092419869, "operatingIncome": 202883000, "operatingIncomeRatio": 0.395962754133, "totalOtherIncomeExpensesNet": -34093000, "incomeBeforeTax": 192061000, "incomeBeforeTaxRatio": 0.374841669936, "incomeTaxExpense": 38781000, "netIncome": 153280000, "netIncomeRatio": 0.299153556254, "eps": 1.11, "epsdiluted": 1.03, "weightedAverageShsOut": 135553000, "weightedAverageShsOutDil": 148977000, "link": "https://www.sec.gov/Archives/edgar/data/1110803/000111080315000064/0001110803-15-000064-index.htm", "finalLink": "https://www.sec.gov/Archives/edgar/data/1110803/000111080315000064/fy1410-k.htm"}, {"date": "2014-09-28", "symbol": "ILMN", "fillingDate": "2014-10-29", "acceptedDate": "2014-10-29 16:05:53", "period": "Q3", "revenue": 480630000, "costOfRevenue": 146689000, "grossProfit": 333941000, "grossProfitRatio": 0.6947984936437592, "researchAndDevelopmentExpenses": 85082000, "generalAndAdministrativeExpenses": 119888000, "sellingAndMarketingExpenses": 0.0, "otherExpenses": 9478000.0, "operatingExpenses": 214448000, "costAndExpenses": 361137000, "interestExpense": 10987000, "depreciationAndAmortization": 36681000, "ebitda": 156174000, "ebitdaratio": 0.324936021472, "operatingIncome": 119493000, "operatingIncomeRatio": 0.248617439611, "totalOtherIncomeExpensesNet": -31860000, "incomeBeforeTax": 112443000, "incomeBeforeTaxRatio": 0.233949191686, "incomeTaxExpense": 18954000, "netIncome": 93489000, "netIncomeRatio": 0.194513451095, "eps": 0.68, "epsdiluted": 0.63, "weightedAverageShsOut": 133290000, "weightedAverageShsOutDil": 149084000, "link": "https://www.sec.gov/Archives/edgar/data/1110803/000111080314000363/0001110803-14-000363-index.htm", "finalLink": "https://www.sec.gov/Archives/edgar/data/1110803/000111080314000363/fy14q310-q.htm"}, {"date": "2014-06-29", "symbol": "ILMN", "fillingDate": "2014-08-01", "acceptedDate": "2014-08-01 17:01:58", "period": "Q2", "revenue": 447568000, "costOfRevenue": 147028000, "grossProfit": 300540000, "grossProfitRatio": 0.6714957280234511, "researchAndDevelopmentExpenses": 82985000, "generalAndAdministrativeExpenses": 114649000, "sellingAndMarketingExpenses": 0.0, "otherExpenses": 2249000.0, "operatingExpenses": 199883000, "costAndExpenses": 346911000, "interestExpense": 9922000.0, "depreciationAndAmortization": 36531000, "ebitda": 136770000, "ebitdaratio": 0.305584849676, "operatingIncome": 100239000, "operatingIncomeRatio": 0.223963732885, "totalOtherIncomeExpensesNet": -479000.0, "incomeBeforeTax": 60466000, "incomeBeforeTaxRatio": 0.135099024059, "incomeTaxExpense": 13861000, "netIncome": 46605000, "netIncomeRatio": 0.104129428377, "eps": 0.35, "epsdiluted": 0.31, "weightedAverageShsOut": 129365000, "weightedAverageShsOutDil": 149870000, "link": "https://www.sec.gov/Archives/edgar/data/1110803/000111080314000266/0001110803-14-000266-index.htm", "finalLink": "https://www.sec.gov/Archives/edgar/data/1110803/000111080314000266/fy14q210-q.htm"}, {"date": "2014-03-30", "symbol": "ILMN", "fillingDate": "2014-05-07", "acceptedDate": "2014-05-07 17:14:57", "period": "Q1", "revenue": 420781000, "costOfRevenue": 142489000, "grossProfit": 278292000, "grossProfitRatio": 0.6613701664286172, "researchAndDevelopmentExpenses": 77041000, "generalAndAdministrativeExpenses": 109573000, "sellingAndMarketingExpenses": 0.0, "otherExpenses": 479000.0, "operatingExpenses": 186614000, "costAndExpenses": 329103000, "interestExpense": 9743000.0, "depreciationAndAmortization": 37399000, "ebitda": 129495000, "ebitdaratio": 0.307749161678, "operatingIncome": 92096000, "operatingIncomeRatio": 0.218869197991, "totalOtherIncomeExpensesNet": 479000.0, "incomeBeforeTax": 83788000, "incomeBeforeTaxRatio": 0.1991249604901362, "incomeTaxExpense": 23811000, "netIncome": 59977000, "netIncomeRatio": 0.142537329395, "eps": 0.47, "epsdiluted": 0.4, "weightedAverageShsOut": 128146000, "weightedAverageShsOutDil": 150619000, "link": "https://www.sec.gov/Archives/edgar/data/1110803/000111080314000165/0001110803-14-000165-index.htm", "finalLink": "https://www.sec.gov/Archives/edgar/data/1110803/000111080314000165/fy14q110-q.htm"}, {"date": "2013-12-29", "symbol": "ILMN", "fillingDate": "2014-02-18", "acceptedDate": "2014-02-18 17:09:46", "period": "FY", "revenue": 387326000, "costOfRevenue": 128080000, "grossProfit": 259246000, "grossProfitRatio": 0.6693224828697273, "researchAndDevelopmentExpenses": 76728000, "generalAndAdministrativeExpenses": 111649000, "sellingAndMarketingExpenses": 0.0, "otherExpenses": -202930000, "operatingExpenses": 185462000, "costAndExpenses": 313542000, "interestExpense": 9944000.0, "depreciationAndAmortization": 36309000, "ebitda": 110093000, "ebitdaratio": 0.284238600042, "operatingIncome": 73784000, "operatingIncomeRatio": 0.190495861367, "totalOtherIncomeExpensesNet": 46585000, "incomeBeforeTax": 120369000, "incomeBeforeTaxRatio": 0.310769222825217, "incomeTaxExpense": 39708000, "netIncome": 80661000, "netIncomeRatio": 0.208250930741, "eps": 0.64, "epsdiluted": 0.58, "weightedAverageShsOut": 125076000, "weightedAverageShsOutDil": 139936000, "link": "https://www.sec.gov/Archives/edgar/data/1110803/000111080314000087/0001110803-14-000087-index.htm", "finalLink": "https://www.sec.gov/Archives/edgar/data/1110803/000111080314000087/fy1310-k.htm"}, {"date": "2013-09-29", "symbol": "ILMN", "fillingDate": "2013-11-06", "acceptedDate": "2013-11-05 18:38:30", "period": "Q3", "revenue": 356800000, "costOfRevenue": 146860000, "grossProfit": 209940000, "grossProfitRatio": 0.5883968609865471, "researchAndDevelopmentExpenses": 70957000, "generalAndAdministrativeExpenses": 95617000, "sellingAndMarketingExpenses": 0.0, "otherExpenses": 197917000, "operatingExpenses": 164476000, "costAndExpenses": 311336000, "interestExpense": 9954000.0, "depreciationAndAmortization": 35941000, "ebitda": 81405000, "ebitdaratio": 0.228153026906, "operatingIncome": 45464000, "operatingIncomeRatio": 0.127421524664, "totalOtherIncomeExpensesNet": -1667000.0, "incomeBeforeTax": 37147000, "incomeBeforeTaxRatio": 0.104111547085, "incomeTaxExpense": 5790000.0, "netIncome": 31357000, "netIncomeRatio": 0.0878839686099, "eps": 0.25, "epsdiluted": 0.22, "weightedAverageShsOut": 124532000, "weightedAverageShsOutDil": 138630000, "link": "https://www.sec.gov/Archives/edgar/data/1110803/000111080313000364/0001110803-13-000364-index.htm", "finalLink": "https://www.sec.gov/Archives/edgar/data/1110803/000111080313000364/fy13q310-q.htm"}, {"date": "2013-06-30", "symbol": "ILMN", "fillingDate": "2013-07-29", "acceptedDate": "2013-07-29 16:55:48", "period": "Q2", "revenue": 346094000, "costOfRevenue": 122685000, "grossProfit": 223409000, "grossProfitRatio": 0.6455153802146237, "researchAndDevelopmentExpenses": 67608000, "generalAndAdministrativeExpenses": 88700000, "sellingAndMarketingExpenses": 0.0, "otherExpenses": 7095000.0, "operatingExpenses": 163403000, "costAndExpenses": 286088000, "interestExpense": 10045000, "depreciationAndAmortization": 32372000, "ebitda": 92378000, "ebitdaratio": 0.266915924575, "operatingIncome": 60006000, "operatingIncomeRatio": 0.173380642253, "totalOtherIncomeExpensesNet": -10646000, "incomeBeforeTax": 49360000, "incomeBeforeTaxRatio": 0.142620213006, "incomeTaxExpense": 13483000, "netIncome": 35877000, "netIncomeRatio": 0.103662588776, "eps": 0.29, "epsdiluted": 0.28, "weightedAverageShsOut": 124065000, "weightedAverageShsOutDil": 137645000, "link": "https://www.sec.gov/Archives/edgar/data/1110803/000111080313000282/0001110803-13-000282-index.htm", "finalLink": "https://www.sec.gov/Archives/edgar/data/1110803/000111080313000282/fy13q210-q.htm"}, {"date": "2013-03-31", "symbol": "ILMN", "fillingDate": "2013-05-01", "acceptedDate": "2013-05-01 16:54:00", "period": "Q1", "revenue": 330958000, "costOfRevenue": 111666000, "grossProfit": 219292000, "grossProfitRatio": 0.6625976710035715, "researchAndDevelopmentExpenses": 61450000, "generalAndAdministrativeExpenses": 85074000, "sellingAndMarketingExpenses": 0.0, "otherExpenses": 117915000, "operatingExpenses": 264439000, "costAndExpenses": 376105000, "interestExpense": 9747000.0, "depreciationAndAmortization": 29540000, "ebitda": -15607000, "ebitdaratio": -0.0471570410746983, "operatingIncome": -45147000, "operatingIncomeRatio": -0.13641307960526713, "totalOtherIncomeExpensesNet": -2415000.0, "incomeBeforeTax": -47562000, "incomeBeforeTaxRatio": -0.1437100780159416, "incomeTaxExpense": -24975000, "netIncome": -22587000, "netIncomeRatio": -0.06824733047697895, "eps": -0.18, "epsdiluted": -0.18, "weightedAverageShsOut": 123768000, "weightedAverageShsOutDil": 123768000, "link": "https://www.sec.gov/Archives/edgar/data/1110803/000111080313000180/0001110803-13-000180-index.htm", "finalLink": "https://www.sec.gov/Archives/edgar/data/1110803/000111080313000180/ilmnfy13q110-q.htm"}, {"date": "2012-12-30", "symbol": "ILMN", "fillingDate": "2013-02-15", "acceptedDate": "2013-02-15 17:07:55", "period": "FY", "revenue": 309265000, "costOfRevenue": 105618000, "grossProfit": 203647000, "grossProfitRatio": 0.6584870580246714, "researchAndDevelopmentExpenses": 56907000, "generalAndAdministrativeExpenses": 79715000, "sellingAndMarketingExpenses": 0.0, "otherExpenses": 7679000.0, "operatingExpenses": 144301000, "costAndExpenses": 249919000, "interestExpense": 9586000.0, "depreciationAndAmortization": 27000000, "ebitda": 86346000, "ebitdaratio": 0.279197452023, "operatingIncome": 59346000, "operatingIncomeRatio": 0.191893683411, "totalOtherIncomeExpensesNet": 44557000, "incomeBeforeTax": 103903000, "incomeBeforeTaxRatio": 0.335967535932, "incomeTaxExpense": 32000000, "netIncome": 71903000, "netIncomeRatio": 0.232496402761, "eps": 0.58, "epsdiluted": 0.53, "weightedAverageShsOut": 122999000, "weightedAverageShsOutDil": 133693000, "link": "https://www.sec.gov/Archives/edgar/data/1110803/000111080313000095/0001110803-13-000095-index.htm", "finalLink": "https://www.sec.gov/Archives/edgar/data/1110803/000111080313000095/ilmnfy1210k.htm"}, {"date": "2012-09-30", "symbol": "ILMN", "fillingDate": "2012-10-29", "acceptedDate": "2012-10-29 17:07:05", "period": "Q3", "revenue": 285874000, "costOfRevenue": 90001000, "grossProfit": 195873000, "grossProfitRatio": 0.6851724885788844, "researchAndDevelopmentExpenses": 54056000, "generalAndAdministrativeExpenses": 69791000, "sellingAndMarketingExpenses": 0.0, "otherExpenses": 23212000, "operatingExpenses": 147059000, "costAndExpenses": 237060000, "interestExpense": 9483000.0, "depreciationAndAmortization": 24629000, "ebitda": 73443000, "ebitdaratio": 0.256906889049, "operatingIncome": 48814000, "operatingIncomeRatio": 0.170753548766, "totalOtherIncomeExpensesNet": -1878000.0, "incomeBeforeTax": 43645000, "incomeBeforeTaxRatio": 0.152672156265, "incomeTaxExpense": 13897000, "netIncome": 29748000, "netIncomeRatio": 0.104059830555, "eps": 0.25, "epsdiluted": 0.23, "weightedAverageShsOut": 122929000, "weightedAverageShsOutDil": 133126000, "link": "https://www.sec.gov/Archives/edgar/data/1110803/000111080312000153/0001110803-12-000153-index.htm", "finalLink": "https://www.sec.gov/Archives/edgar/data/1110803/000111080312000153/ilmn3q1210q.htm"}, {"date": "2012-07-01", "symbol": "ILMN", "fillingDate": "2012-07-30", "acceptedDate": "2012-07-30 17:28:34", "period": "Q2", "revenue": 280607000, "costOfRevenue": 87610000, "grossProfit": 192997000, "grossProfitRatio": 0.6877839825806199, "researchAndDevelopmentExpenses": 71223000, "generalAndAdministrativeExpenses": 68516000, "sellingAndMarketingExpenses": 0.0, "otherExpenses": 10278000, "operatingExpenses": 150017000, "costAndExpenses": 237627000, "interestExpense": 9508000.0, "depreciationAndAmortization": 23412000, "ebitda": 66392000, "ebitdaratio": 0.236601367749, "operatingIncome": 42980000, "operatingIncomeRatio": 0.153167953757, "totalOtherIncomeExpensesNet": -8193000.0, "incomeBeforeTax": 34787000, "incomeBeforeTaxRatio": 0.123970535304, "incomeTaxExpense": 11386000, "netIncome": 23401000, "netIncomeRatio": 0.0833942132591, "eps": 0.19, "epsdiluted": 0.17, "weightedAverageShsOut": 122928000, "weightedAverageShsOutDil": 133435000, "link": "https://www.sec.gov/Archives/edgar/data/1110803/000111080312000126/0001110803-12-000126-index.htm", "finalLink": "https://www.sec.gov/Archives/edgar/data/1110803/000111080312000126/ilmn2q1210q.htm"}, {"date": "2012-04-01", "symbol": "ILMN", "fillingDate": "2012-05-03", "acceptedDate": "2012-05-03 16:00:53", "period": "Q1", "revenue": 272770000, "costOfRevenue": 91759000, "grossProfit": 181011000, "grossProfitRatio": 0.6636030355244346, "researchAndDevelopmentExpenses": 48839000, "generalAndAdministrativeExpenses": 67969000, "sellingAndMarketingExpenses": 0.0, "otherExpenses": 14591000, "operatingExpenses": 131399000, "costAndExpenses": 223158000, "interestExpense": 9202000.0, "depreciationAndAmortization": 23753000, "ebitda": 73365000, "ebitdaratio": 0.268962862485, "operatingIncome": 49612000, "operatingIncomeRatio": 0.181882171793, "totalOtherIncomeExpensesNet": -9339000.0, "incomeBeforeTax": 40273000, "incomeBeforeTaxRatio": 0.147644535689, "incomeTaxExpense": 14071000, "netIncome": 26202000, "netIncomeRatio": 0.0960589507644, "eps": 0.21, "epsdiluted": 0.2, "weightedAverageShsOut": 122642000, "weightedAverageShsOutDil": 133859000, "link": "https://www.sec.gov/Archives/edgar/data/1110803/000111080312000104/0001110803-12-000104-index.htm", "finalLink": "https://www.sec.gov/Archives/edgar/data/1110803/000111080312000104/ilmn1q1210q.htm"}, {"date": "2012-01-01", "symbol": "ILMN", "fillingDate": "2012-02-24", "acceptedDate": "2012-02-23 19:18:37", "period": "FY", "revenue": 250071000, "costOfRevenue": 79485000, "grossProfit": 170586000, "grossProfitRatio": 0.6821502693235121, "researchAndDevelopmentExpenses": 45513000, "generalAndAdministrativeExpenses": 60918000, "sellingAndMarketingExpenses": 0.0, "otherExpenses": 36856000, "operatingExpenses": 143287000, "costAndExpenses": 222772000, "interestExpense": 9185000.0, "depreciationAndAmortization": 36461000, "ebitda": 63760000, "ebitdaratio": 0.254967589205, "operatingIncome": 27299000, "operatingIncomeRatio": 0.109164997141, "totalOtherIncomeExpensesNet": -35000.0, "incomeBeforeTax": 20222000, "incomeBeforeTaxRatio": 0.0808650343303, "incomeTaxExpense": 8502000.0, "netIncome": 11720000, "netIncomeRatio": 0.0468666898601, "eps": 0.1, "epsdiluted": 0.1, "weightedAverageShsOut": 123399000, "weightedAverageShsOutDil": 138937000, "link": "https://www.sec.gov/Archives/edgar/data/1110803/000111080312000041/0001110803-12-000041-index.htm", "finalLink": "https://www.sec.gov/Archives/edgar/data/1110803/000111080312000041/ilmn-201110k.htm"}, {"date": "2011-10-02", "symbol": "ILMN", "fillingDate": "2011-11-04", "acceptedDate": "2011-11-04 17:26:17", "period": "Q3", "revenue": 235499000, "costOfRevenue": 78384000, "grossProfit": 157115000, "grossProfitRatio": 0.6671578223262095, "researchAndDevelopmentExpenses": 50399000, "generalAndAdministrativeExpenses": 66031000, "sellingAndMarketingExpenses": 0.0, "otherExpenses": 3921000.0, "operatingExpenses": 120351000, "costAndExpenses": 198735000, "interestExpense": 8796000.0, "depreciationAndAmortization": 22802000, "ebitda": 59566000, "ebitdaratio": 0.252935256625, "operatingIncome": 36764000, "operatingIncomeRatio": 0.156111066289, "totalOtherIncomeExpensesNet": -1565000.0, "incomeBeforeTax": 27791000, "incomeBeforeTaxRatio": 0.118008993669, "incomeTaxExpense": 7640000.0, "netIncome": 20151000, "netIncomeRatio": 0.0855672423237, "eps": 0.16, "epsdiluted": 0.15, "weightedAverageShsOut": 124017000, "weightedAverageShsOutDil": 143620000, "link": "https://www.sec.gov/Archives/edgar/data/1110803/000119312511297764/0001193125-11-297764-index.htm", "finalLink": "https://www.sec.gov/Archives/edgar/data/1110803/000119312511297764/d241322d10q.htm"}, {"date": "2011-07-03", "symbol": "ILMN", "fillingDate": "2011-08-10", "acceptedDate": "2011-08-10 13:56:19", "period": "Q2", "revenue": 287450000, "costOfRevenue": 84518000, "grossProfit": 202932000, "grossProfitRatio": 0.7059732127326491, "researchAndDevelopmentExpenses": 50801000, "generalAndAdministrativeExpenses": 68963000, "sellingAndMarketingExpenses": 0.0, "otherExpenses": 7582000.0, "operatingExpenses": 127346000, "costAndExpenses": 211864000, "interestExpense": 9419000.0, "depreciationAndAmortization": 41174000, "ebitda": 107184000, "ebitdaratio": 0.3728787615237433, "operatingIncome": 66010000, "operatingIncomeRatio": 0.229639937380414, "totalOtherIncomeExpensesNet": -37078000, "incomeBeforeTax": 49024000, "incomeBeforeTaxRatio": 0.1705479213776309, "incomeTaxExpense": 18404000, "netIncome": 30620000, "netIncomeRatio": 0.10652287354322491, "eps": 0.44, "epsdiluted": 0.44, "weightedAverageShsOut": 124987000, "weightedAverageShsOutDil": 147447000, "link": "https://www.sec.gov/Archives/edgar/data/1110803/000095012311075547/0000950123-11-075547-index.htm", "finalLink": "https://www.sec.gov/Archives/edgar/data/1110803/000095012311075547/a58894e10vq.htm"}, {"date": "2011-04-03", "symbol": "ILMN", "fillingDate": "2011-05-04", "acceptedDate": "2011-05-04 16:28:37", "period": "Q1", "revenue": 282515000, "costOfRevenue": 85437000, "grossProfit": 197078000, "grossProfitRatio": 0.697584199069076, "researchAndDevelopmentExpenses": 50200000, "generalAndAdministrativeExpenses": 65931000, "sellingAndMarketingExpenses": 0.0, "otherExpenses": 2522000.0, "operatingExpenses": 118653000, "costAndExpenses": 204090000, "interestExpense": 7390000.0, "depreciationAndAmortization": 2985000.0, "ebitda": 72373000, "ebitdaratio": 0.2561740084597278, "operatingIncome": 69388000, "operatingIncomeRatio": 0.24560819779480736, "totalOtherIncomeExpensesNet": 0.0, "incomeBeforeTax": 36008000, "incomeBeforeTaxRatio": 0.12745517937100684, "incomeTaxExpense": 11871000, "netIncome": 24137000, "netIncomeRatio": 0.08543617153071519, "eps": 0.0, "epsdiluted": 0.0, "weightedAverageShsOut": 0.0, "weightedAverageShsOutDil": 0.0, "link": "https://www.sec.gov/Archives/edgar/data/1110803/000095012311044671/0000950123-11-044671-index.htm", "finalLink": "https://www.sec.gov/Archives/edgar/data/1110803/000095012311044671/a59288e10vq.htm"}, {"date": "2011-01-02", "symbol": "ILMN", "fillingDate": "2011-02-28", "acceptedDate": "2011-02-28 17:26:26", "period": "FY", "revenue": 261298000, "costOfRevenue": 87183000, "grossProfit": 174115000, "grossProfitRatio": 0.6663464703135883, "researchAndDevelopmentExpenses": 45801000, "generalAndAdministrativeExpenses": 62034000, "sellingAndMarketingExpenses": 0.0, "otherExpenses": -11380000, "operatingExpenses": 97459000, "costAndExpenses": 184642000, "interestExpense": 6319000.0, "depreciationAndAmortization": 2295000.0, "ebitda": 70962000, "ebitdaratio": 0.271574983352341, "operatingIncome": 68667000, "operatingIncomeRatio": 0.26279190808961417, "totalOtherIncomeExpensesNet": -13197000, "incomeBeforeTax": 50783000, "incomeBeforeTaxRatio": 0.19434898085710567, "incomeTaxExpense": 12343000, "netIncome": 38440000, "netIncomeRatio": 0.14711172684061877, "eps": 1.01, "epsdiluted": 1.01, "weightedAverageShsOut": 123581000, "weightedAverageShsOutDil": 123581000, "link": "https://www.sec.gov/Archives/edgar/data/1110803/000095012311019925/0000950123-11-019925-index.htm", "finalLink": "https://www.sec.gov/Archives/edgar/data/1110803/000095012311019925/a58258e10vk.htm"}, {"date": "2010-10-03", "symbol": "ILMN", "fillingDate": "2010-11-05", "acceptedDate": "2010-11-05 14:02:33", "period": "Q3", "revenue": 237309000, "costOfRevenue": 72248000, "grossProfit": 165061000, "grossProfitRatio": 0.6955530552992091, "researchAndDevelopmentExpenses": 44803000, "generalAndAdministrativeExpenses": 55006000, "sellingAndMarketingExpenses": 0.0, "otherExpenses": 0.0, "operatingExpenses": 99809000, "costAndExpenses": 172057000, "interestExpense": 6190000.0, "depreciationAndAmortization": 2295000.0, "ebitda": 59631000, "ebitdaratio": 0.25127997673918817, "operatingIncome": 57336000, "operatingIncomeRatio": 0.24160904137643327, "totalOtherIncomeExpensesNet": 773000.0, "incomeBeforeTax": 54710000, "incomeBeforeTaxRatio": 0.23054330008554247, "incomeTaxExpense": 19263000, "netIncome": 35447000, "netIncomeRatio": 0.14937065176626255, "eps": 0.7, "epsdiluted": 0.7, "weightedAverageShsOut": 122816000, "weightedAverageShsOutDil": 122816000, "link": "https://www.sec.gov/Archives/edgar/data/1110803/000095012310101563/0000950123-10-101563-index.htm", "finalLink": "https://www.sec.gov/Archives/edgar/data/1110803/000095012310101563/a57158e10vq.htm"}, {"date": "2010-07-04", "symbol": "ILMN", "fillingDate": "2010-08-04", "acceptedDate": "2010-08-04 17:25:56", "period": "Q2", "revenue": 212003000, "costOfRevenue": 59627000, "grossProfit": 152376000, "grossProfitRatio": 0.7187445460677443, "researchAndDevelopmentExpenses": 43668000, "generalAndAdministrativeExpenses": 53672000, "sellingAndMarketingExpenses": 0.0, "otherExpenses": 2438000.0, "operatingExpenses": 98665000, "costAndExpenses": 158292000, "interestExpense": 6134000.0, "depreciationAndAmortization": -683011.0, "ebitda": 46742989, "ebitdaratio": 0.22048267713192737, "operatingIncome": 47426000, "operatingIncomeRatio": 0.22370438154177064, "totalOtherIncomeExpensesNet": 2369000.0, "incomeBeforeTax": 46525000, "incomeBeforeTaxRatio": 0.21945444168242903, "incomeTaxExpense": 16729000, "netIncome": 29796000, "netIncomeRatio": 0.1405451809644203, "eps": 0.42, "epsdiluted": 0.42, "weightedAverageShsOut": 121882000, "weightedAverageShsOutDil": 121882000, "link": "https://www.sec.gov/Archives/edgar/data/1110803/000095012310072624/0000950123-10-072624-index.htm", "finalLink": "https://www.sec.gov/Archives/edgar/data/1110803/000095012310072624/a56399e10vq.htm"}, {"date": "2010-04-04", "symbol": "ILMN", "fillingDate": "2010-04-30", "acceptedDate": "2010-04-30 12:22:34", "period": "Q1", "revenue": 192131000, "costOfRevenue": 52939000, "grossProfit": 139192000, "grossProfitRatio": 0.724464037557708, "researchAndDevelopmentExpenses": 43675000, "generalAndAdministrativeExpenses": 50278000, "sellingAndMarketingExpenses": 0.0, "otherExpenses": -1113000.0, "operatingExpenses": 93953000, "costAndExpenses": 146892000, "interestExpense": 5955000.0, "depreciationAndAmortization": 1620000.0, "ebitda": 39845000, "ebitdaratio": 0.20738454491987238, "operatingIncome": 38225000, "operatingIncomeRatio": 0.1989527978306468, "totalOtherIncomeExpensesNet": 0.0, "incomeBeforeTax": 33361000, "incomeBeforeTaxRatio": 0.17363673743435468, "incomeTaxExpense": 12153000, "netIncome": 21208000, "netIncomeRatio": 0.11038301991870131, "eps": 0.18, "epsdiluted": 0.18, "weightedAverageShsOut": 120668000, "weightedAverageShsOutDil": 120668000, "link": "https://www.sec.gov/Archives/edgar/data/1110803/000095012310041424/0000950123-10-041424-index.htm", "finalLink": "https://www.sec.gov/Archives/edgar/data/1110803/000095012310041424/a55967e10vq.htm"}, {"date": "2010-01-03", "symbol": "ILMN", "fillingDate": "2010-02-26", "acceptedDate": "2010-02-26 17:31:14", "period": "FY", "revenue": 100000.0, "costOfRevenue": 29000.0, "grossProfit": 71000.0, "grossProfitRatio": 0.71, "researchAndDevelopmentExpenses": 21000.0, "generalAndAdministrativeExpenses": 26000.0, "sellingAndMarketingExpenses": 0.0, "otherExpenses": -2000.0, "operatingExpenses": 47000.0, "costAndExpenses": 81000.0, "interestExpense": 4000.0, "depreciationAndAmortization": 1670000.0, "ebitda": 1689000.0, "ebitdaratio": 16.89, "operatingIncome": 19000.0, "operatingIncomeRatio": 0.19, "totalOtherIncomeExpensesNet": 0.0, "incomeBeforeTax": 17000.0, "incomeBeforeTaxRatio": 0.17, "incomeTaxExpense": 6000.0, "netIncome": 11000.0, "netIncomeRatio": 0.11, "eps": 0.0, "epsdiluted": 0.0, "weightedAverageShsOut": 123274000, "weightedAverageShsOutDil": 123274000, "link": "https://www.sec.gov/Archives/edgar/data/1110803/000095012310018433/0000950123-10-018433-index.htm", "finalLink": "https://www.sec.gov/Archives/edgar/data/1110803/000095012310018433/a55310e10vk.htm"}, {"date": "2009-09-27", "symbol": "ILMN", "fillingDate": "2009-11-05", "acceptedDate": "2009-11-05 17:06:03", "period": "Q3", "revenue": 158360000, "costOfRevenue": 45858000, "grossProfit": 112502000, "grossProfitRatio": 0.7104192978024754, "researchAndDevelopmentExpenses": 34405000, "generalAndAdministrativeExpenses": 42096000, "sellingAndMarketingExpenses": 0.0, "otherExpenses": -1837000.0, "operatingExpenses": 76501000, "costAndExpenses": 129060000, "interestExpense": 1837000.0, "depreciationAndAmortization": 1670000.0, "ebitda": 30970000, "ebitdaratio": 0.19556706238949229, "operatingIncome": 29300000, "operatingIncomeRatio": 0.18502147006819905, "totalOtherIncomeExpensesNet": -1837000.0, "incomeBeforeTax": 27463000, "incomeBeforeTaxRatio": 0.17342131851477646, "incomeTaxExpense": 10386000, "netIncome": 17077000, "netIncomeRatio": 0.10783657489264965, "eps": 0.49, "epsdiluted": 0.49, "weightedAverageShsOut": 123274000, "weightedAverageShsOutDil": 123274000, "link": "https://www.sec.gov/Archives/edgar/data/1110803/000095012309058517/0000950123-09-058517-index.htm", "finalLink": "https://www.sec.gov/Archives/edgar/data/1110803/000095012309058517/a54253e10vq.htm"}, {"date": "2009-06-28", "symbol": "ILMN", "fillingDate": "2009-07-28", "acceptedDate": "2009-07-28 16:03:20", "period": "Q2", "revenue": 161643000, "costOfRevenue": 45812000, "grossProfit": 115831000, "grossProfitRatio": 0.7165853145512023, "researchAndDevelopmentExpenses": 33117000, "generalAndAdministrativeExpenses": 41939000, "sellingAndMarketingExpenses": 0.0, "otherExpenses": -1079000.0, "operatingExpenses": 75056000, "costAndExpenses": 125541000, "interestExpense": 1079000.0, "depreciationAndAmortization": 1670000.0, "ebitda": 37772000, "ebitdaratio": 0.23367544527136963, "operatingIncome": 36102000, "operatingIncomeRatio": 0.2233440359310332, "totalOtherIncomeExpensesNet": -6236000.0, "incomeBeforeTax": 35023000, "incomeBeforeTaxRatio": 0.21666883193209727, "incomeTaxExpense": 10335000, "netIncome": 24688000, "netIncomeRatio": 0.15273163700253026, "eps": 0.35, "epsdiluted": 0.35, "weightedAverageShsOut": 122633000, "weightedAverageShsOutDil": 122633000, "link": "https://www.sec.gov/Archives/edgar/data/1110803/000095012309026329/0000950123-09-026329-index.htm", "finalLink": "https://www.sec.gov/Archives/edgar/data/1110803/000095012309026329/a53249e10vq.htm"}, {"date": "2009-03-29", "symbol": "ILMN", "fillingDate": "2009-04-28", "acceptedDate": "2009-04-28 17:24:33", "period": "Q1", "revenue": 165757000, "costOfRevenue": 50707000, "grossProfit": 115050000, "grossProfitRatio": 0.6940883341276688, "researchAndDevelopmentExpenses": 32726000, "generalAndAdministrativeExpenses": 42831000, "sellingAndMarketingExpenses": 0.0, "otherExpenses": -5157000.0, "operatingExpenses": 75557000, "costAndExpenses": 131249000, "interestExpense": 5157000.0, "depreciationAndAmortization": 1670000.0, "ebitda": 36178000, "ebitdaratio": 0.2182592590358175, "operatingIncome": 34508000, "operatingIncomeRatio": 0.20818426974426418, "totalOtherIncomeExpensesNet": 0.0, "incomeBeforeTax": 29351000, "incomeBeforeTaxRatio": 0.17707246149483882, "incomeTaxExpense": 10540000, "netIncome": 18811000, "netIncomeRatio": 0.11348540333138268, "eps": 0.15, "epsdiluted": 0.15, "weightedAverageShsOut": 121746000, "weightedAverageShsOutDil": 121746000, "link": "https://www.sec.gov/Archives/edgar/data/1110803/000093639209000213/0000936392-09-000213-index.htm", "finalLink": "https://www.sec.gov/Archives/edgar/data/1110803/000093639209000213/a52317e10vq.htm"}, {"date": "2008-12-28", "symbol": "ILMN", "fillingDate": "2009-02-26", "acceptedDate": "2009-02-25 21:56:10", "period": "FY", "revenue": 100000.0, "costOfRevenue": 34000.0, "grossProfit": 66000.0, "grossProfitRatio": 0.66, "researchAndDevelopmentExpenses": 17000.0, "generalAndAdministrativeExpenses": 26000.0, "sellingAndMarketingExpenses": 0.0, "otherExpenses": 0.0, "operatingExpenses": 43000.0, "costAndExpenses": 86000.0, "interestExpense": 0.0, "depreciationAndAmortization": 2653000.0, "ebitda": 2667000.0, "ebitdaratio": 26.67, "operatingIncome": 14000.0, "operatingIncomeRatio": 0.14, "totalOtherIncomeExpensesNet": 0.0, "incomeBeforeTax": 16000.0, "incomeBeforeTaxRatio": 0.16, "incomeTaxExpense": 7000.0, "netIncome": 9000.0, "netIncomeRatio": 0.09, "eps": 0.0, "epsdiluted": 0.0, "weightedAverageShsOut": 114991000, "weightedAverageShsOutDil": 114991000, "link": "https://www.sec.gov/Archives/edgar/data/1110803/000093639209000092/0000936392-09-000092-index.htm", "finalLink": "https://www.sec.gov/Archives/edgar/data/1110803/000093639209000092/a51300e10vk.htm"}, {"date": "2008-09-28", "symbol": "ILMN", "fillingDate": "2008-10-29", "acceptedDate": "2008-10-29 17:11:33", "period": "Q3", "revenue": 150260000, "costOfRevenue": 51088000, "grossProfit": 99172000, "grossProfitRatio": 0.6600026620524424, "researchAndDevelopmentExpenses": 27568000, "generalAndAdministrativeExpenses": 39365000, "sellingAndMarketingExpenses": 0.0, "otherExpenses": -6867000.0, "operatingExpenses": 66933000, "costAndExpenses": 278244000, "interestExpense": 0.0, "depreciationAndAmortization": 2701000.0, "ebitda": 4237000.0, "ebitdaratio": 0.02819779049647278, "operatingIncome": 1536000.0, "operatingIncomeRatio": 0.010222281378943165, "totalOtherIncomeExpensesNet": 2446000.0, "incomeBeforeTax": 3982000.0, "incomeBeforeTaxRatio": 0.02650073206442167, "incomeTaxExpense": 11270000, "netIncome": -7288000.0, "netIncomeRatio": -0.048502595501131375, "eps": 0.19, "epsdiluted": 0.19, "weightedAverageShsOut": 114991000, "weightedAverageShsOutDil": 114991000, "link": "https://www.sec.gov/Archives/edgar/data/1110803/000093639208000680/0000936392-08-000680-index.htm", "finalLink": "https://www.sec.gov/Archives/edgar/data/1110803/000093639208000680/a50282e10vq.htm"}, {"date": "2008-06-29", "symbol": "ILMN", "fillingDate": "2008-07-25", "acceptedDate": "2008-07-25 15:58:15", "period": "Q2", "revenue": 140177000, "costOfRevenue": 47147000, "grossProfit": 93030000, "grossProfitRatio": 0.663660942950698, "researchAndDevelopmentExpenses": 23493000, "generalAndAdministrativeExpenses": 35616000, "sellingAndMarketingExpenses": 0.0, "otherExpenses": 3312000.0, "operatingExpenses": 59109000, "costAndExpenses": 47147000, "interestExpense": 0.0, "depreciationAndAmortization": 2669000.0, "ebitda": 26540000, "ebitdaratio": 0.1893320587542892, "operatingIncome": 23871000, "operatingIncomeRatio": 0.17029184530985825, "totalOtherIncomeExpensesNet": 830000.0, "incomeBeforeTax": 24701000, "incomeBeforeTaxRatio": 0.1762129307946382, "incomeTaxExpense": 9303000.0, "netIncome": 15398000, "netIncomeRatio": 0.1098468364995684, "eps": 0.51, "epsdiluted": 0.51, "weightedAverageShsOut": 56310000, "weightedAverageShsOutDil": 56310000, "link": "https://www.sec.gov/Archives/edgar/data/1110803/000093639208000474/0000936392-08-000474-index.htm", "finalLink": "https://www.sec.gov/Archives/edgar/data/1110803/000093639208000474/a42420e10vq.htm"}, {"date": "2008-03-30", "symbol": "ILMN", "fillingDate": "2008-04-28", "acceptedDate": "2008-04-28 17:26:04", "period": "Q1", "revenue": 121861000, "costOfRevenue": 42526000, "grossProfit": 79335000, "grossProfitRatio": 0.6510286309811999, "researchAndDevelopmentExpenses": 20564000, "generalAndAdministrativeExpenses": 33827000, "sellingAndMarketingExpenses": 0.0, "otherExpenses": 3555000.0, "operatingExpenses": 54391000, "costAndExpenses": 42526000, "interestExpense": 0.0, "depreciationAndAmortization": 2415000.0, "ebitda": 21389000, "ebitdaratio": 0.17551964943665324, "operatingIncome": 18974000, "operatingIncomeRatio": 0.15570198833096724, "totalOtherIncomeExpensesNet": 3580000.0, "incomeBeforeTax": 22554000, "incomeBeforeTaxRatio": 0.18507972197831957, "incomeTaxExpense": 9126000.0, "netIncome": 13428000, "netIncomeRatio": 0.11019111939012481, "eps": 0.24, "epsdiluted": 0.24, "weightedAverageShsOut": 55834000, "weightedAverageShsOutDil": 55834000, "link": "https://www.sec.gov/Archives/edgar/data/1110803/000093639208000298/0000936392-08-000298-index.htm", "finalLink": "https://www.sec.gov/Archives/edgar/data/1110803/000093639208000298/a40175e10vq.htm"}, {"date": "2007-12-30", "symbol": "ILMN", "fillingDate": "2008-02-26", "acceptedDate": "2008-02-26 17:23:13", "period": "FY", "revenue": 112605000, "costOfRevenue": 79894000, "grossProfit": 32711000, "grossProfitRatio": 0.29049331734825273, "researchAndDevelopmentExpenses": 20050000, "generalAndAdministrativeExpenses": 30019000, "sellingAndMarketingExpenses": 0.0, "otherExpenses": 3542000.0, "operatingExpenses": 50069000, "costAndExpenses": 145364000, "interestExpense": 3610000.0, "depreciationAndAmortization": 0.0, "ebitda": -32759000, "ebitdaratio": -0.2909195861640247, "operatingIncome": -32759000, "operatingIncomeRatio": -0.2909195861640247, "totalOtherIncomeExpensesNet": -9043000.0, "incomeBeforeTax": -29386000, "incomeBeforeTaxRatio": -0.26096532125571686, "incomeTaxExpense": -25338000, "netIncome": -4048000.0, "netIncomeRatio": -0.03594867013010079, "eps": -5.14, "epsdiluted": -5.14, "weightedAverageShsOut": 54154000, "weightedAverageShsOutDil": 54154000, "link": "https://www.sec.gov/Archives/edgar/data/1110803/000093639208000144/0000936392-08-000144-index.htm", "finalLink": "https://www.sec.gov/Archives/edgar/data/1110803/000093639208000144/a38423e10vk.htm"}, {"date": "2007-09-30", "symbol": "ILMN", "fillingDate": "2007-10-31", "acceptedDate": "2007-10-31 15:31:28", "period": "Q3", "revenue": 97509000, "costOfRevenue": 34586000, "grossProfit": 62923000, "grossProfitRatio": 0.6453045359915495, "researchAndDevelopmentExpenses": 19753000, "generalAndAdministrativeExpenses": 24307000, "sellingAndMarketingExpenses": 0.0, "otherExpenses": 2491000.0, "operatingExpenses": 44060000, "costAndExpenses": 34586000, "interestExpense": 0.0, "depreciationAndAmortization": 0.0, "ebitda": 15709000, "ebitdaratio": 0.16110307766462584, "operatingIncome": 15709000, "operatingIncomeRatio": 0.16110307766462584, "totalOtherIncomeExpensesNet": 3977000.0, "incomeBeforeTax": 19686000, "incomeBeforeTaxRatio": 0.20188905639479432, "incomeTaxExpense": 5185000.0, "netIncome": 14501000, "netIncomeRatio": 0.1487144776379616, "eps": -5.09, "epsdiluted": -5.09, "weightedAverageShsOut": 53847000, "weightedAverageShsOutDil": 53847000, "link": "https://www.sec.gov/Archives/edgar/data/1110803/000093639207000801/0000936392-07-000801-index.htm", "finalLink": "https://www.sec.gov/Archives/edgar/data/1110803/000093639207000801/a34963e10vq.htm"}, {"date": "2007-07-01", "symbol": "ILMN", "fillingDate": "2007-08-01", "acceptedDate": "2007-08-01 16:25:53", "period": "Q2", "revenue": 84535000, "costOfRevenue": 27035000, "grossProfit": 57500000, "grossProfitRatio": 0.6801916366002247, "researchAndDevelopmentExpenses": 18184000, "generalAndAdministrativeExpenses": 23297000, "sellingAndMarketingExpenses": 0.0, "otherExpenses": 3107000.0, "operatingExpenses": 41481000, "costAndExpenses": 27035000, "interestExpense": 0.0, "depreciationAndAmortization": 126000.0, "ebitda": 12376000, "ebitdaratio": 0.14640089903590228, "operatingIncome": 12250000, "operatingIncomeRatio": 0.14491039214526527, "totalOtherIncomeExpensesNet": 2344000.0, "incomeBeforeTax": 14594000, "incomeBeforeTaxRatio": 0.1726385520790205, "incomeTaxExpense": 5330000.0, "netIncome": 9264000.0, "netIncomeRatio": 0.10958774472112143, "eps": -5.39, "epsdiluted": -5.39, "weightedAverageShsOut": 53604000, "weightedAverageShsOutDil": 53604000, "link": "https://www.sec.gov/Archives/edgar/data/1110803/000093639207000624/0000936392-07-000624-index.htm", "finalLink": "https://www.sec.gov/Archives/edgar/data/1110803/000093639207000624/a32263e10vq.htm"}, {"date": "2007-04-01", "symbol": "ILMN", "fillingDate": "2007-05-03", "acceptedDate": "2007-05-03 15:20:42", "period": "Q1", "revenue": 72150000, "costOfRevenue": 21815000, "grossProfit": 50335000, "grossProfitRatio": 0.6976437976437977, "researchAndDevelopmentExpenses": 15956000, "generalAndAdministrativeExpenses": 23633000, "sellingAndMarketingExpenses": 0.0, "otherExpenses": 3305000.0, "operatingExpenses": 39589000, "costAndExpenses": 21815000, "interestExpense": 0.0, "depreciationAndAmortization": 816000.0, "ebitda": -295585000, "ebitdaratio": -4.096812196812197, "operatingIncome": -296401000, "operatingIncomeRatio": -4.108121968121968, "totalOtherIncomeExpensesNet": 2722000.0, "incomeBeforeTax": -293679000, "incomeBeforeTaxRatio": -4.070395010395011, "incomeTaxExpense": 4397000.0, "netIncome": -298076000, "netIncomeRatio": -4.131337491337491, "eps": -5.58, "epsdiluted": -5.58, "weightedAverageShsOut": 53422000, "weightedAverageShsOutDil": 53422000, "link": "https://www.sec.gov/Archives/edgar/data/1110803/000093639207000368/0000936392-07-000368-index.htm", "finalLink": "https://www.sec.gov/Archives/edgar/data/1110803/000093639207000368/a29658e10vq.htm"}, {"date": "2006-12-31", "symbol": "ILMN", "fillingDate": "2007-02-28", "acceptedDate": "2007-02-28 15:06:48", "period": "FY", "revenue": 60435000, "costOfRevenue": 17160000, "grossProfit": 43275000, "grossProfitRatio": 0.7160585753288657, "researchAndDevelopmentExpenses": 8826000.0, "generalAndAdministrativeExpenses": 14914000, "sellingAndMarketingExpenses": 0.0, "otherExpenses": 2959000.0, "operatingExpenses": 23740000, "costAndExpenses": 17160000, "interestExpense": 560000.0, "depreciationAndAmortization": 1865000.0, "ebitda": 18441000, "ebitdaratio": 0.3051377513030529, "operatingIncome": 16576000, "operatingIncomeRatio": 0.27427815007859685, "totalOtherIncomeExpensesNet": -3420000.0, "incomeBeforeTax": 17964000, "incomeBeforeTaxRatio": 0.29724497393894267, "incomeTaxExpense": 822000.0, "netIncome": 17142000, "netIncomeRatio": 0.28364358401588485, "eps": 0.9, "epsdiluted": 0.9, "weightedAverageShsOut": 44501000, "weightedAverageShsOutDil": 44501000, "link": "https://www.sec.gov/Archives/edgar/data/1110803/000093639207000158/0000936392-07-000158-index.htm", "finalLink": "https://www.sec.gov/Archives/edgar/data/1110803/000093639207000158/a27675e10vk.htm"}, {"date": "2006-10-01", "symbol": "ILMN", "fillingDate": "2006-10-30", "acceptedDate": "2006-10-30 16:48:06", "period": "Q3", "revenue": 53472000, "costOfRevenue": 14523000, "grossProfit": 38949000, "grossProfitRatio": 0.7283999102333932, "researchAndDevelopmentExpenses": 7744000.0, "generalAndAdministrativeExpenses": 14118000, "sellingAndMarketingExpenses": 0.0, "otherExpenses": 1833000.0, "operatingExpenses": 21862000, "costAndExpenses": 14523000, "interestExpense": 0.0, "depreciationAndAmortization": 1659000.0, "ebitda": 16913000, "ebitdaratio": 0.31629637941352484, "operatingIncome": 15254000, "operatingIncomeRatio": 0.28527079593058047, "totalOtherIncomeExpensesNet": 1996000.0, "incomeBeforeTax": 17250000, "incomeBeforeTaxRatio": 0.3225987432675045, "incomeTaxExpense": 1088000.0, "netIncome": 16162000, "netIncomeRatio": 0.30225164572112506, "eps": 0.52, "epsdiluted": 0.52, "weightedAverageShsOut": 43766000, "weightedAverageShsOutDil": 43766000, "link": "https://www.sec.gov/Archives/edgar/data/1110803/000093639206000980/0000936392-06-000980-index.htm", "finalLink": "https://www.sec.gov/Archives/edgar/data/1110803/000093639206000980/a24503e10vq.htm"}, {"date": "2006-07-02", "symbol": "ILMN", "fillingDate": "2006-08-02", "acceptedDate": "2006-08-01 17:40:29", "period": "Q2", "revenue": 41577000, "costOfRevenue": 11912000, "grossProfit": 29665000, "grossProfitRatio": 0.7134954421915963, "researchAndDevelopmentExpenses": 8587000.0, "generalAndAdministrativeExpenses": 12891000, "sellingAndMarketingExpenses": 0.0, "otherExpenses": 1664000.0, "operatingExpenses": 21478000, "costAndExpenses": 11912000, "interestExpense": 0.0, "depreciationAndAmortization": 1459000.0, "ebitda": 7982000.0, "ebitdaratio": 0.1919811434206412, "operatingIncome": 6523000.0, "operatingIncomeRatio": 0.15688962647617674, "totalOtherIncomeExpensesNet": 856000.0, "incomeBeforeTax": 7379000.0, "incomeBeforeTaxRatio": 0.17747793251076316, "incomeTaxExpense": 611000.0, "netIncome": 6768000.0, "netIncomeRatio": 0.1627823075257955, "eps": 0.16, "epsdiluted": 0.16, "weightedAverageShsOut": 42502000, "weightedAverageShsOutDil": 42502000, "link": "https://www.sec.gov/Archives/edgar/data/1110803/000093639206000743/0000936392-06-000743-index.htm", "finalLink": "https://www.sec.gov/Archives/edgar/data/1110803/000093639206000743/a22453e10vq.htm"}, {"date": "2006-04-02", "symbol": "ILMN", "fillingDate": "2006-05-08", "acceptedDate": "2006-05-08 15:43:41", "period": "Q1", "revenue": 29102000, "costOfRevenue": 7676000.0, "grossProfit": 21426000, "grossProfitRatio": 0.7362380592399148, "researchAndDevelopmentExpenses": 8216000.0, "generalAndAdministrativeExpenses": 12134000, "sellingAndMarketingExpenses": 0.0, "otherExpenses": 1617000.0, "operatingExpenses": 20350000, "costAndExpenses": 7676000.0, "interestExpense": 0.0, "depreciationAndAmortization": 1100000.0, "ebitda": 559000.0, "ebitdaratio": 0.019208301834925435, "operatingIncome": -541000.0, "operatingIncomeRatio": -0.01858978764346093, "totalOtherIncomeExpensesNet": 568000.0, "incomeBeforeTax": 27000.0, "incomeBeforeTaxRatio": 0.0009277712871967563, "incomeTaxExpense": 131000.0, "netIncome": -104000.0, "netIncomeRatio": -0.0035736375506838017, "eps": 0.041475, "epsdiluted": 0.041475, "weightedAverageShsOut": 41475000, "weightedAverageShsOutDil": 41475000, "link": "https://www.sec.gov/Archives/edgar/data/1110803/000093639206000455/0000936392-06-000455-index.htm", "finalLink": "https://www.sec.gov/Archives/edgar/data/1110803/000093639206000455/a20085e10vq.htm"}, {"date": "2006-01-01", "symbol": "ILMN", "fillingDate": "2006-03-06", "acceptedDate": "2006-03-06 15:52:42", "period": "FY", "revenue": 23013000, "costOfRevenue": 6105000.0, "grossProfit": 16908000, "grossProfitRatio": 0.7347151609959588, "researchAndDevelopmentExpenses": 7484000.0, "generalAndAdministrativeExpenses": 8209000.0, "sellingAndMarketingExpenses": 0.0, "otherExpenses": -1094000.0, "operatingExpenses": 15693000, "costAndExpenses": 22997000, "interestExpense": 1094000.0, "depreciationAndAmortization": 1487000.0, "ebitda": 1503000.0, "ebitdaratio": 0.06531091122409073, "operatingIncome": 16000.0, "operatingIncomeRatio": 0.0006952592013209925, "totalOtherIncomeExpensesNet": -263000.0, "incomeBeforeTax": 326000.0, "incomeBeforeTaxRatio": 0.014165906226915222, "incomeTaxExpense": 0.0, "netIncome": 326000.0, "netIncomeRatio": 0.014165906226915222, "eps": -0.52, "epsdiluted": -0.52, "weightedAverageShsOut": 40147000, "weightedAverageShsOutDil": 40147000, "link": "https://www.sec.gov/Archives/edgar/data/1110803/000093639206000185/0000936392-06-000185-index.htm", "finalLink": "https://www.sec.gov/Archives/edgar/data/1110803/000093639206000185/a18011e10vk.htm"}, {"date": "2005-10-02", "symbol": "ILMN", "fillingDate": "2005-11-03", "acceptedDate": "2005-11-02 21:43:38", "period": "Q3", "revenue": 19516000, "costOfRevenue": 5845000.0, "grossProfit": 13671000, "grossProfitRatio": 0.7005021520803444, "researchAndDevelopmentExpenses": 7062000.0, "generalAndAdministrativeExpenses": 7276000.0, "sellingAndMarketingExpenses": 0.0, "otherExpenses": 112000.0, "operatingExpenses": 14338000, "costAndExpenses": 21054000, "interestExpense": -112000.0, "depreciationAndAmortization": 960000.0, "ebitda": -578000.0, "ebitdaratio": -0.029616724738675958, "operatingIncome": -1538000.0, "operatingIncomeRatio": -0.07880713260914121, "totalOtherIncomeExpensesNet": 112000.0, "incomeBeforeTax": -1426000.0, "incomeBeforeTaxRatio": -0.07306825169092027, "incomeTaxExpense": 0.0, "netIncome": -1426000.0, "netIncomeRatio": -0.07306825169092027, "eps": -0.53, "epsdiluted": -0.53, "weightedAverageShsOut": 39806000, "weightedAverageShsOutDil": 39806000, "link": "https://www.sec.gov/Archives/edgar/data/1110803/000095013705013251/0000950137-05-013251-index.htm", "finalLink": "https://www.sec.gov/Archives/edgar/data/1110803/000095013705013251/a13961e10vq.htm"}, {"date": "2005-07-03", "symbol": "ILMN", "fillingDate": "2005-08-08", "acceptedDate": "2005-08-08 17:16:06", "period": "Q2", "revenue": 15824000, "costOfRevenue": 4033000.0, "grossProfit": 11791000, "grossProfitRatio": 0.745133973710819, "researchAndDevelopmentExpenses": 7301000.0, "generalAndAdministrativeExpenses": 6494000.0, "sellingAndMarketingExpenses": 0.0, "otherExpenses": 7000.0, "operatingExpenses": 13795000, "costAndExpenses": 34370000, "interestExpense": -7000.0, "depreciationAndAmortization": 858000.0, "ebitda": -17688000, "ebitdaratio": -1.1177957532861476, "operatingIncome": -18546000, "operatingIncomeRatio": -1.1720171890798787, "totalOtherIncomeExpensesNet": 7000.0, "incomeBeforeTax": -18539000, "incomeBeforeTaxRatio": -1.1715748230535894, "incomeTaxExpense": 0.0, "netIncome": -18539000, "netIncomeRatio": -1.1715748230535894, "eps": -0.5, "epsdiluted": -0.5, "weightedAverageShsOut": 39267000, "weightedAverageShsOutDil": 39267000, "link": "https://www.sec.gov/Archives/edgar/data/1110803/000093639205000218/0000936392-05-000218-index.htm", "finalLink": "https://www.sec.gov/Archives/edgar/data/1110803/000093639205000218/a11207e10vq.htm"}, {"date": "2005-04-03", "symbol": "ILMN", "fillingDate": "2005-04-29", "acceptedDate": "2005-04-29 16:39:09", "period": "Q1", "revenue": 15148000, "costOfRevenue": 3937000.0, "grossProfit": 11211000, "grossProfitRatio": 0.7400977026670188, "researchAndDevelopmentExpenses": 5878000.0, "generalAndAdministrativeExpenses": 5993000.0, "sellingAndMarketingExpenses": 0.0, "otherExpenses": 144000.0, "operatingExpenses": 11871000, "costAndExpenses": 16527000, "interestExpense": -144000.0, "depreciationAndAmortization": 811000.0, "ebitda": -568000.0, "ebitdaratio": -0.03749669923422234, "operatingIncome": -1379000.0, "operatingIncomeRatio": -0.09103512014787431, "totalOtherIncomeExpensesNet": 144000.0, "incomeBeforeTax": -1235000.0, "incomeBeforeTaxRatio": -0.0815289147082123, "incomeTaxExpense": 0.0, "netIncome": -1235000.0, "netIncomeRatio": -0.0815289147082123, "eps": -0.03, "epsdiluted": -0.03, "weightedAverageShsOut": 38347000, "weightedAverageShsOutDil": 38347000, "link": "https://www.sec.gov/Archives/edgar/data/1110803/000095013705005183/0000950137-05-005183-index.htm", "finalLink": "https://www.sec.gov/Archives/edgar/data/1110803/000095013705005183/a08441e10vq.htm"}, {"date": "2005-01-02", "symbol": "ILMN", "fillingDate": "2005-03-08", "acceptedDate": "2005-03-08 16:57:35", "period": "FY", "revenue": 50483000, "costOfRevenue": 11546000, "grossProfit": 38937000, "grossProfitRatio": 0.7712893449279956, "researchAndDevelopmentExpenses": 21070000, "generalAndAdministrativeExpenses": 25026000, "sellingAndMarketingExpenses": 0.0, "otherExpenses": -1653000.0, "operatingExpenses": 46096000, "costAndExpenses": 55973000, "interestExpense": 1650000.0, "depreciationAndAmortization": 814000.0, "ebitda": -4676000.0, "ebitdaratio": -0.09262524017986253, "operatingIncome": -5490000.0, "operatingIncomeRatio": -0.10874948002297803, "totalOtherIncomeExpensesNet": 0.0, "incomeBeforeTax": 26000.0, "incomeBeforeTaxRatio": 0.0005150248598538122, "incomeTaxExpense": 0.0, "netIncome": 26000.0, "netIncomeRatio": 0.0005150248598538122, "eps": -0.17, "epsdiluted": -0.17, "weightedAverageShsOut": 35845000, "weightedAverageShsOutDil": 35845000, "link": "https://www.sec.gov/Archives/edgar/data/1110803/000093639205000048/0000936392-05-000048-index.htm", "finalLink": "https://www.sec.gov/Archives/edgar/data/1110803/000093639205000048/a06414e10vk.htm"}, {"date": "2004-10-03", "symbol": "ILMN", "fillingDate": "2004-11-12", "acceptedDate": "2004-11-12 15:08:50", "period": "Q3", "revenue": 100000.0, "costOfRevenue": 26000.0, "grossProfit": 74000.0, "grossProfitRatio": 0.74, "researchAndDevelopmentExpenses": 44000.0, "generalAndAdministrativeExpenses": 54000.0, "sellingAndMarketingExpenses": 0.0, "otherExpenses": 0.0, "operatingExpenses": 98000.0, "costAndExpenses": 123000.0, "interestExpense": 3000.0, "depreciationAndAmortization": 974000.0, "ebitda": 951000.0, "ebitdaratio": 9.51, "operatingIncome": -23000.0, "operatingIncomeRatio": -0.23, "totalOtherIncomeExpensesNet": 0.0, "incomeBeforeTax": -26000.0, "incomeBeforeTaxRatio": -0.26, "incomeTaxExpense": 0.0, "netIncome": -26000.0, "netIncomeRatio": -0.26, "eps": 0.0, "epsdiluted": 0.0, "weightedAverageShsOut": 0.0, "weightedAverageShsOutDil": 0.0, "link": "https://www.sec.gov/Archives/edgar/data/1110803/000095013704009873/0000950137-04-009873-index.htm", "finalLink": "https://www.sec.gov/Archives/edgar/data/1110803/000095013704009873/a03028e10vq.htm"}, {"date": "2004-06-27", "symbol": "ILMN", "fillingDate": "2004-08-06", "acceptedDate": "2004-08-06 15:02:38", "period": "Q2", "revenue": 100000.0, "costOfRevenue": 26000.0, "grossProfit": 74000.0, "grossProfitRatio": 0.74, "researchAndDevelopmentExpenses": 47000.0, "generalAndAdministrativeExpenses": 52000.0, "sellingAndMarketingExpenses": 0.0, "otherExpenses": 0.0, "operatingExpenses": 99000.0, "costAndExpenses": 130000.0, "interestExpense": 3000.0, "depreciationAndAmortization": 1095000.0, "ebitda": 1065000.0, "ebitdaratio": 10.65, "operatingIncome": -30000.0, "operatingIncomeRatio": -0.3, "totalOtherIncomeExpensesNet": 0.0, "incomeBeforeTax": -33000.0, "incomeBeforeTaxRatio": -0.33, "incomeTaxExpense": 0.0, "netIncome": -33000.0, "netIncomeRatio": -0.33, "eps": 0.0, "epsdiluted": 0.0, "weightedAverageShsOut": 32549000, "weightedAverageShsOutDil": 32549000, "link": "https://www.sec.gov/Archives/edgar/data/1110803/000095013704006334/0000950137-04-006334-index.htm", "finalLink": "https://www.sec.gov/Archives/edgar/data/1110803/000095013704006334/a00392e10vq.htm"}, {"date": "2004-03-28", "symbol": "ILMN", "fillingDate": "2004-05-04", "acceptedDate": "2004-05-04 14:03:31", "period": "Q1", "revenue": 10803000, "costOfRevenue": 2802000.0, "grossProfit": 8001000.0, "grossProfitRatio": 0.7406276034434879, "researchAndDevelopmentExpenses": 5176000.0, "generalAndAdministrativeExpenses": 5738000.0, "sellingAndMarketingExpenses": 0.0, "otherExpenses": 0.0, "operatingExpenses": 10914000, "costAndExpenses": 14223000, "interestExpense": 511000.0, "depreciationAndAmortization": 1073000.0, "ebitda": -2347000.0, "ebitdaratio": -0.21725446635193926, "operatingIncome": -3420000.0, "operatingIncomeRatio": -0.3165787281310747, "totalOtherIncomeExpensesNet": 0.0, "incomeBeforeTax": -3931000.0, "incomeBeforeTaxRatio": -0.3638804035915949, "incomeTaxExpense": 0.0, "netIncome": -3931000.0, "netIncomeRatio": -0.3638804035915949, "eps": -0.12, "epsdiluted": -0.12, "weightedAverageShsOut": 32549000, "weightedAverageShsOutDil": 32549000, "link": "https://www.sec.gov/Archives/edgar/data/1110803/000093639204000458/0000936392-04-000458-index.htm", "finalLink": "https://www.sec.gov/Archives/edgar/data/1110803/000093639204000458/a98613e10vq.htm"}, {"date": "2003-12-28", "symbol": "ILMN", "fillingDate": "2004-03-12", "acceptedDate": "2004-03-12 12:53:55", "period": "FY", "revenue": 100000.0, "costOfRevenue": 36000.0, "grossProfit": 64000.0, "grossProfitRatio": 0.64, "researchAndDevelopmentExpenses": 80000.0, "generalAndAdministrativeExpenses": 67000.0, "sellingAndMarketingExpenses": 0.0, "otherExpenses": 0.0, "operatingExpenses": 147000.0, "costAndExpenses": 195000.0, "interestExpense": 8000.0, "depreciationAndAmortization": 1140000.0, "ebitda": 1045000.0, "ebitdaratio": 10.45, "operatingIncome": -95000.0, "operatingIncomeRatio": -0.95, "totalOtherIncomeExpensesNet": 0.0, "incomeBeforeTax": -97000.0, "incomeBeforeTaxRatio": -0.97, "incomeTaxExpense": 0.0, "netIncome": -97000.0, "netIncomeRatio": -0.97, "eps": 0.0, "epsdiluted": 0.0, "weightedAverageShsOut": 31814000, "weightedAverageShsOutDil": 31814000, "link": "https://www.sec.gov/Archives/edgar/data/1110803/000093639204000205/0000936392-04-000205-index.htm", "finalLink": "https://www.sec.gov/Archives/edgar/data/1110803/000093639204000205/a97110e10vk.htm"}, {"date": "2003-09-28", "symbol": "ILMN", "fillingDate": "2003-11-04", "acceptedDate": "2003-11-04 12:03:40", "period": "Q3", "revenue": 8249000.0, "costOfRevenue": 2681000.0, "grossProfit": 5568000.0, "grossProfitRatio": 0.6749909079888471, "researchAndDevelopmentExpenses": 5114000.0, "generalAndAdministrativeExpenses": 5096000.0, "sellingAndMarketingExpenses": 0.0, "otherExpenses": 3381000.0, "operatingExpenses": 13591000, "costAndExpenses": 16272000, "interestExpense": 550000.0, "depreciationAndAmortization": 1137000.0, "ebitda": -4205000.0, "ebitdaratio": -0.5097587586374106, "operatingIncome": -5342000.0, "operatingIncomeRatio": -0.6475936477148745, "totalOtherIncomeExpensesNet": 0.0, "incomeBeforeTax": -5511000.0, "incomeBeforeTaxRatio": -0.6680809795126682, "incomeTaxExpense": 0.0, "netIncome": -5511000.0, "netIncomeRatio": -0.6680809795126682, "eps": -0.72, "epsdiluted": -0.72, "weightedAverageShsOut": 31814000, "weightedAverageShsOutDil": 31814000, "link": "https://www.sec.gov/Archives/edgar/data/1110803/000093639203001480/0000936392-03-001480-index.htm", "finalLink": "https://www.sec.gov/Archives/edgar/data/1110803/000093639203001480/a94141e10vq.htm"}, {"date": "2003-06-29", "symbol": "ILMN", "fillingDate": "2003-08-04", "acceptedDate": "2003-08-04 13:40:06", "period": "Q2", "revenue": 4769000.0, "costOfRevenue": 2026000.0, "grossProfit": 2743000.0, "grossProfitRatio": 0.57517299224156, "researchAndDevelopmentExpenses": 6222000.0, "generalAndAdministrativeExpenses": 4140000.0, "sellingAndMarketingExpenses": 0.0, "otherExpenses": 2899000.0, "operatingExpenses": 13261000, "costAndExpenses": 15287000, "interestExpense": 559000.0, "depreciationAndAmortization": 1160000.0, "ebitda": -7332000.0, "ebitdaratio": -1.5374292304466346, "operatingIncome": -8492000.0, "operatingIncomeRatio": -1.780666806458377, "totalOtherIncomeExpensesNet": 0.0, "incomeBeforeTax": -8592000.0, "incomeBeforeTaxRatio": -1.8016355630111134, "incomeTaxExpense": 0.0, "netIncome": -8592000.0, "netIncomeRatio": -1.8016355630111134, "eps": -0.55, "epsdiluted": -0.55, "weightedAverageShsOut": 31696000, "weightedAverageShsOutDil": 31696000, "link": "https://www.sec.gov/Archives/edgar/data/1110803/000093639203001042/0000936392-03-001042-index.htm", "finalLink": "https://www.sec.gov/Archives/edgar/data/1110803/000093639203001042/a92007e10vq.htm"}, {"date": "2003-03-30", "symbol": "ILMN", "fillingDate": "2003-05-06", "acceptedDate": "2003-05-06 15:38:11", "period": "Q1", "revenue": 4276000.0, "costOfRevenue": 1910000.0, "grossProfit": 2366000.0, "grossProfitRatio": 0.5533208606173995, "researchAndDevelopmentExpenses": 5722000.0, "generalAndAdministrativeExpenses": 4580000.0, "sellingAndMarketingExpenses": 0.0, "otherExpenses": 2964000.0, "operatingExpenses": 13266000, "costAndExpenses": 15176000, "interestExpense": 563000.0, "depreciationAndAmortization": 1108000.0, "ebitda": -7882000.0, "ebitdaratio": -1.843311506080449, "operatingIncome": -8990000.0, "operatingIncomeRatio": -2.1024321796071095, "totalOtherIncomeExpensesNet": 0.0, "incomeBeforeTax": -8960000.0, "incomeBeforeTaxRatio": -2.095416276894294, "incomeTaxExpense": 0.0, "netIncome": -8960000.0, "netIncomeRatio": -2.095416276894294, "eps": -0.28, "epsdiluted": -0.28, "weightedAverageShsOut": 31584000, "weightedAverageShsOutDil": 31584000, "link": "https://www.sec.gov/Archives/edgar/data/1110803/000093639203000642/0000936392-03-000642-index.htm", "finalLink": "https://www.sec.gov/Archives/edgar/data/1110803/000093639203000642/a89826e10vq.htm"}, {"date": "2002-12-29", "symbol": "ILMN", "fillingDate": "2003-03-27", "acceptedDate": "2003-03-27 13:15:46", "period": "FY", "revenue": 3886000.0, "costOfRevenue": 1636000.0, "grossProfit": 2250000.0, "grossProfitRatio": 0.5790015440041173, "researchAndDevelopmentExpenses": 6329000.0, "generalAndAdministrativeExpenses": 2750000.0, "sellingAndMarketingExpenses": 0.0, "otherExpenses": -13162000, "operatingExpenses": -4083000.0, "costAndExpenses": 9965000.0, "interestExpense": 2281000.0, "depreciationAndAmortization": 1221000.0, "ebitda": -6758000.0, "ebitdaratio": -1.739063304168811, "operatingIncome": -7979000.0, "operatingIncomeRatio": -2.053268142048379, "totalOtherIncomeExpensesNet": 0.0, "incomeBeforeTax": -7616000.0, "incomeBeforeTaxRatio": -1.959855892949048, "incomeTaxExpense": 0.0, "netIncome": -7616000.0, "netIncomeRatio": -1.959855892949048, "eps": -1.31, "epsdiluted": -1.31, "weightedAverageShsOut": 30890000, "weightedAverageShsOutDil": 30890000, "link": "https://www.sec.gov/Archives/edgar/data/1110803/000093639203000348/0000936392-03-000348-index.htm", "finalLink": "https://www.sec.gov/Archives/edgar/data/1110803/000093639203000348/a88697e10vk.htm"}, {"date": "2002-09-29", "symbol": "ILMN", "fillingDate": "2002-11-14", "acceptedDate": "2002-11-14 08:17:00", "period": "Q3", "revenue": 2985000.0, "costOfRevenue": 965000.0, "grossProfit": 2020000.0, "grossProfitRatio": 0.6767169179229481, "researchAndDevelopmentExpenses": 6404000.0, "generalAndAdministrativeExpenses": 2426000.0, "sellingAndMarketingExpenses": 0.0, "otherExpenses": 2170000.0, "operatingExpenses": 11000000, "costAndExpenses": 11965000, "interestExpense": 0.0, "depreciationAndAmortization": 1182000.0, "ebitda": -6833000.0, "ebitdaratio": -2.289112227805695, "operatingIncome": -8015000.0, "operatingIncomeRatio": -2.6850921273031827, "totalOtherIncomeExpensesNet": 0.0, "incomeBeforeTax": -7601000.0, "incomeBeforeTaxRatio": -2.546398659966499, "incomeTaxExpense": 0.0, "netIncome": -7601000.0, "netIncomeRatio": -2.546398659966499, "eps": -1.06, "epsdiluted": -1.06, "weightedAverageShsOut": 30752000, "weightedAverageShsOutDil": 30752000, "link": "https://www.sec.gov/Archives/edgar/data/1110803/000089256902002288/0000892569-02-002288-index.htm", "finalLink": "https://www.sec.gov/Archives/edgar/data/1110803/000089256902002288/a85900e10vq.htm"}, {"date": "2002-06-30", "symbol": "ILMN", "fillingDate": "2002-08-14", "acceptedDate": "2002-08-13 18:47:21", "period": "Q2", "revenue": 1900000.0, "costOfRevenue": 596000.0, "grossProfit": 1304000.0, "grossProfitRatio": 0.6863157894736842, "researchAndDevelopmentExpenses": 7023000.0, "generalAndAdministrativeExpenses": 2281000.0, "sellingAndMarketingExpenses": 0.0, "otherExpenses": 9428000.0, "operatingExpenses": 18732000, "costAndExpenses": 19328000, "interestExpense": 0.0, "depreciationAndAmortization": 1169000.0, "ebitda": -15663000, "ebitdaratio": -8.243684210526316, "operatingIncome": -16832000, "operatingIncomeRatio": -8.858947368421052, "totalOtherIncomeExpensesNet": 0.0, "incomeBeforeTax": -16447000, "incomeBeforeTaxRatio": -8.656315789473684, "incomeTaxExpense": 0.0, "netIncome": -16447000, "netIncomeRatio": -8.656315789473684, "eps": -0.82, "epsdiluted": -0.82, "weightedAverageShsOut": 30593000, "weightedAverageShsOutDil": 30593000, "link": "https://www.sec.gov/Archives/edgar/data/1110803/000093639202001012/0000936392-02-001012-index.htm", "finalLink": "https://www.sec.gov/Archives/edgar/data/1110803/000093639202001012/a83482e10vq.htm"}, {"date": "2002-03-31", "symbol": "ILMN", "fillingDate": "2002-05-13", "acceptedDate": "2002-05-13 15:14:43", "period": "Q1", "revenue": 1269000.0, "costOfRevenue": 339000.0, "grossProfit": 930000.0, "grossProfitRatio": 0.7328605200945626, "researchAndDevelopmentExpenses": 7092000.0, "generalAndAdministrativeExpenses": 1642000.0, "sellingAndMarketingExpenses": 0.0, "otherExpenses": 1564000.0, "operatingExpenses": 10298000, "costAndExpenses": 10637000, "interestExpense": 0.0, "depreciationAndAmortization": 959000.0, "ebitda": -8070000.0, "ebitdaratio": -6.359338061465721, "operatingIncome": -9029000.0, "operatingIncomeRatio": -7.1150512214342, "totalOtherIncomeExpensesNet": 0.0, "incomeBeforeTax": -8667000.0, "incomeBeforeTaxRatio": -6.829787234042553, "incomeTaxExpense": 0.0, "netIncome": -8667000.0, "netIncomeRatio": -6.829787234042553, "eps": -0.28, "epsdiluted": -0.28, "weightedAverageShsOut": 30455000, "weightedAverageShsOutDil": 30455000, "link": "https://www.sec.gov/Archives/edgar/data/1110803/000093639202000565/0000936392-02-000565-index.htm", "finalLink": "https://www.sec.gov/Archives/edgar/data/1110803/000093639202000565/a81502e10-q.htm"}, {"date": "2001-12-30", "symbol": "ILMN", "fillingDate": "2002-03-29", "acceptedDate": "2002-03-29 00:00:00", "period": "FY", "revenue": 2486000.0, "costOfRevenue": 557000.0, "grossProfit": 1929000.0, "grossProfitRatio": 0.7759452936444087, "researchAndDevelopmentExpenses": 20735000, "generalAndAdministrativeExpenses": 5663000.0, "sellingAndMarketingExpenses": 0.0, "otherExpenses": 0.0, "operatingExpenses": 26398000, "costAndExpenses": 32805000, "interestExpense": 0.0, "depreciationAndAmortization": -899810000, "ebitda": -930129000, "ebitdaratio": -374.14682220434435, "operatingIncome": -30319000, "operatingIncomeRatio": -12.195897023330652, "totalOtherIncomeExpensesNet": 0.0, "incomeBeforeTax": -24823000, "incomeBeforeTaxRatio": -9.985116653258245, "incomeTaxExpense": 0.0, "netIncome": -24823000, "netIncomeRatio": -9.985116653258245, "eps": -0.83, "epsdiluted": -0.83, "weightedAverageShsOut": 29748000, "weightedAverageShsOutDil": 29748000, "link": "https://www.sec.gov/Archives/edgar/data/1110803/000093639202000357/0000936392-02-000357-index.htm", "finalLink": "https://www.sec.gov/Archives/edgar/data/1110803/000093639202000357/a80201e10-k405.htm"}]