[{"date": "2020-03-29", "symbol": "QCOM", "fillingDate": "2020-04-29", "acceptedDate": "2020-04-29 16:15:43", "period": "Q2", "revenue": 5215000000, "costOfRevenue": 2297000000, "grossProfit": 2918000000, "grossProfitRatio": 0.5595397890699905, "researchAndDevelopmentExpenses": 1467000000, "generalAndAdministrativeExpenses": 483000000, "sellingAndMarketingExpenses": 0.0, "otherExpenses": 23000000, "operatingExpenses": 1973000000, "costAndExpenses": 4224000000, "interestExpense": 146000000, "depreciationAndAmortization": 340000000, "ebitda": 1331000000, "ebitdaratio": 0.255225311601, "operatingIncome": 991000000, "operatingIncomeRatio": 0.190028763183, "totalOtherIncomeExpensesNet": -247000000, "incomeBeforeTax": 598000000, "incomeBeforeTaxRatio": 0.114669223394, "incomeTaxExpense": 130000000, "netIncome": 468000000, "netIncomeRatio": 0.0897411313519, "eps": 0.41, "epsdiluted": 0.41, "weightedAverageShsOut": 1142000000, "weightedAverageShsOutDil": 1155000000, "link": "https://www.sec.gov/Archives/edgar/data/804328/000172894920000031/0001728949-20-000031-index.htm", "finalLink": "https://www.sec.gov/Archives/edgar/data/804328/000172894920000031/qcom-20200329.htm"}, {"date": "2019-12-29", "symbol": "QCOM", "fillingDate": "2020-02-05", "acceptedDate": "2020-02-05 16:07:43", "period": "Q1", "revenue": 5077000000, "costOfRevenue": 2113000000, "grossProfit": 2964000000, "grossProfitRatio": 0.5838093362221785, "researchAndDevelopmentExpenses": 1406000000, "generalAndAdministrativeExpenses": 528000000, "sellingAndMarketingExpenses": 0.0, "otherExpenses": 0.0, "operatingExpenses": 1934000000, "costAndExpenses": 4047000000, "interestExpense": 148000000, "depreciationAndAmortization": 351000000, "ebitda": 1381000000, "ebitdaratio": 0.272011030136, "operatingIncome": 1030000000, "operatingIncomeRatio": 0.202875714004, "totalOtherIncomeExpensesNet": 65000000, "incomeBeforeTax": 947000000, "incomeBeforeTaxRatio": 0.186527476856, "incomeTaxExpense": 22000000, "netIncome": 925000000, "netIncomeRatio": 0.182194209179, "eps": 0.81, "epsdiluted": 0.8, "weightedAverageShsOut": 1144000000, "weightedAverageShsOutDil": 1159000000, "link": "https://www.sec.gov/Archives/edgar/data/804328/000172894920000011/0001728949-20-000011-index.htm", "finalLink": "https://www.sec.gov/Archives/edgar/data/804328/000172894920000011/qcom12291910-q.htm"}, {"date": "2019-09-29", "symbol": "QCOM", "fillingDate": "2019-11-06", "acceptedDate": "2019-11-06 16:08:43", "period": "FY", "revenue": 4814000000, "costOfRevenue": 2118000000, "grossProfit": 2696000000, "grossProfitRatio": 0.5600332363938513, "researchAndDevelopmentExpenses": 1441000000, "generalAndAdministrativeExpenses": 549000000, "sellingAndMarketingExpenses": 0.0, "otherExpenses": -6000000.0, "operatingExpenses": 1984000000, "costAndExpenses": 4114000000, "interestExpense": 150000000, "depreciationAndAmortization": 350000000, "ebitda": 1050000000, "ebitdaratio": 0.218113834649, "operatingIncome": 700000000, "operatingIncomeRatio": 0.145409223099, "totalOtherIncomeExpensesNet": 64000000, "incomeBeforeTax": 614000000, "incomeBeforeTaxRatio": 0.127544661404, "incomeTaxExpense": 108000000, "netIncome": 506000000, "netIncomeRatio": 0.105110095555, "eps": 0.43, "epsdiluted": 0.42, "weightedAverageShsOut": 1210000000, "weightedAverageShsOutDil": 1220000000, "link": "https://www.sec.gov/Archives/edgar/data/804328/000172894919000072/0001728949-19-000072-index.htm", "finalLink": "https://www.sec.gov/Archives/edgar/data/804328/000172894919000072/qcom10-k2019.htm"}, {"date": "2019-06-30", "symbol": "QCOM", "fillingDate": "2019-07-31", "acceptedDate": "2019-07-31 16:13:42", "period": "Q3", "revenue": 9635000000, "costOfRevenue": 2114000000, "grossProfit": 7521000000, "grossProfitRatio": 0.7805915931499741, "researchAndDevelopmentExpenses": 1380000000, "generalAndAdministrativeExpenses": 546000000, "sellingAndMarketingExpenses": 0.0, "otherExpenses": -278000000, "operatingExpenses": 1648000000, "costAndExpenses": 4318000000, "interestExpense": 160000000, "depreciationAndAmortization": 353000000, "ebitda": 5670000000, "ebitdaratio": 0.588479501816, "operatingIncome": 5317000000, "operatingIncomeRatio": 0.551842241827, "totalOtherIncomeExpensesNet": 344000000, "incomeBeforeTax": 5501000000, "incomeBeforeTaxRatio": 0.570939283861, "incomeTaxExpense": 3352000000, "netIncome": 2149000000, "netIncomeRatio": 0.223040996367, "eps": 1.77, "epsdiluted": 1.75, "weightedAverageShsOut": 1214000000, "weightedAverageShsOutDil": 1224000000, "link": "https://www.sec.gov/Archives/edgar/data/804328/000172894919000055/0001728949-19-000055-index.htm", "finalLink": "https://www.sec.gov/Archives/edgar/data/804328/000172894919000055/qcom06301910-q.htm"}, {"date": "2019-03-31", "symbol": "QCOM", "fillingDate": "2019-05-01", "acceptedDate": "2019-05-01 16:11:35", "period": "Q2", "revenue": 4982000000, "costOfRevenue": 2179000000, "grossProfit": 2803000000, "grossProfitRatio": 0.5626254516258531, "researchAndDevelopmentExpenses": 1308000000, "generalAndAdministrativeExpenses": 574000000, "sellingAndMarketingExpenses": 0.0, "otherExpenses": 19000000, "operatingExpenses": 1901000000, "costAndExpenses": 4042000000, "interestExpense": 161000000, "depreciationAndAmortization": 345000000, "ebitda": 1285000000, "ebitdaratio": 0.257928542754, "operatingIncome": 940000000, "operatingIncomeRatio": 0.188679245283, "totalOtherIncomeExpensesNet": 28000000, "incomeBeforeTax": 807000000, "incomeBeforeTaxRatio": 0.161983139301, "incomeTaxExpense": 144000000, "netIncome": 663000000, "netIncomeRatio": 0.133079084705, "eps": 0.55, "epsdiluted": 0.55, "weightedAverageShsOut": 1213000000, "weightedAverageShsOutDil": 1220000000, "link": "https://www.sec.gov/Archives/edgar/data/804328/000172894919000036/0001728949-19-000036-index.htm", "finalLink": "https://www.sec.gov/Archives/edgar/data/804328/000172894919000036/qcom03311910-q.htm"}, {"date": "2018-12-30", "symbol": "QCOM", "fillingDate": "2019-01-30", "acceptedDate": "2019-01-30 16:08:22", "period": "Q1", "revenue": 4842000000, "costOfRevenue": 2188000000, "grossProfit": 2654000000, "grossProfitRatio": 0.5481206113176373, "researchAndDevelopmentExpenses": 1269000000, "generalAndAdministrativeExpenses": 526000000, "sellingAndMarketingExpenses": 0.0, "otherExpenses": -149000000, "operatingExpenses": 1646000000, "costAndExpenses": 4132000000, "interestExpense": 156000000, "depreciationAndAmortization": 353000000, "ebitda": 1063000000, "ebitdaratio": 0.219537381247, "operatingIncome": 710000000, "operatingIncomeRatio": 0.14663362247, "totalOtherIncomeExpensesNet": 5000000.0, "incomeBeforeTax": 559000000, "incomeBeforeTaxRatio": 0.115448161917, "incomeTaxExpense": 509000000, "netIncome": 1068000000, "netIncomeRatio": 0.220570012392, "eps": 0.88, "epsdiluted": 0.87, "weightedAverageShsOut": 1213000000, "weightedAverageShsOutDil": 1223000000, "link": "https://www.sec.gov/Archives/edgar/data/804328/000172894919000012/0001728949-19-000012-index.htm", "finalLink": "https://www.sec.gov/Archives/edgar/data/804328/000172894919000012/qcom12301810-q.htm"}, {"date": "2018-09-30", "symbol": "QCOM", "fillingDate": "2018-11-07", "acceptedDate": "2018-11-07 16:15:48", "period": "FY", "revenue": 5804000000, "costOfRevenue": 2850000000, "grossProfit": 2954000000, "grossProfitRatio": 0.5089593383873191, "researchAndDevelopmentExpenses": 1388000000, "generalAndAdministrativeExpenses": 689000000, "sellingAndMarketingExpenses": 0.0, "otherExpenses": -1530000000, "operatingExpenses": 547000000, "costAndExpenses": 6457000000, "interestExpense": 207000000, "depreciationAndAmortization": 396000000, "ebitda": -257000000, "ebitdaratio": -0.044279807029634737, "operatingIncome": -653000000, "operatingIncomeRatio": -0.11250861474844935, "totalOtherIncomeExpensesNet": 85000000, "incomeBeforeTax": -775000000, "incomeBeforeTaxRatio": -0.13352860096485183, "incomeTaxExpense": 282000000, "netIncome": 10261000000, "netIncomeRatio": 1.7679186767746382, "eps": -0.36, "epsdiluted": -0.36, "weightedAverageShsOut": 1463000000, "weightedAverageShsOutDil": 1463000000, "link": "https://www.sec.gov/Archives/edgar/data/804328/000172894918000095/0001728949-18-000095-index.htm", "finalLink": "https://www.sec.gov/Archives/edgar/data/804328/000172894918000095/qcom10-k2018.htm"}, {"date": "2018-06-24", "symbol": "QCOM", "fillingDate": "2018-07-25", "acceptedDate": "2018-07-25 16:10:05", "period": "Q3", "revenue": 5599000000, "costOfRevenue": 2492000000, "grossProfit": 3107000000, "grossProfitRatio": 0.5549205215217003, "researchAndDevelopmentExpenses": 1415000000, "generalAndAdministrativeExpenses": 656000000, "sellingAndMarketingExpenses": 0.0, "otherExpenses": -112000000, "operatingExpenses": 1959000000, "costAndExpenses": 4675000000, "interestExpense": 211000000, "depreciationAndAmortization": 414000000, "ebitda": 1338000000, "ebitdaratio": 0.238971244865, "operatingIncome": 924000000, "operatingIncomeRatio": 0.165029469548, "totalOtherIncomeExpensesNet": 243000000, "incomeBeforeTax": 956000000, "incomeBeforeTaxRatio": 0.170744775853, "incomeTaxExpense": 263000000, "netIncome": 1219000000, "netIncomeRatio": 0.217717449545, "eps": 0.82, "epsdiluted": 0.82, "weightedAverageShsOut": 1479000000, "weightedAverageShsOutDil": 1479000000, "link": "https://www.sec.gov/Archives/edgar/data/804328/000172894918000075/0001728949-18-000075-index.htm", "finalLink": "https://www.sec.gov/Archives/edgar/data/804328/000172894918000075/qcom06241810-q.htm"}, {"date": "2018-03-25", "symbol": "QCOM", "fillingDate": "2018-04-25", "acceptedDate": "2018-04-25 16:07:36", "period": "Q2", "revenue": 5261000000, "costOfRevenue": 2239000000, "grossProfit": 3022000000, "grossProfitRatio": 0.5744155103592473, "researchAndDevelopmentExpenses": 1402000000, "generalAndAdministrativeExpenses": 868000000, "sellingAndMarketingExpenses": 0.0, "otherExpenses": -310000000, "operatingExpenses": 1960000000, "costAndExpenses": 4819000000, "interestExpense": 180000000, "depreciationAndAmortization": 388000000, "ebitda": 830000000, "ebitdaratio": 0.15776468352, "operatingIncome": 442000000, "operatingIncomeRatio": 0.0840144459228, "totalOtherIncomeExpensesNet": 97000000, "incomeBeforeTax": 359000000, "incomeBeforeTaxRatio": 0.0682379775708, "incomeTaxExpense": 4000000.0, "netIncome": 363000000, "netIncomeRatio": 0.0689982892986, "eps": 0.25, "epsdiluted": 0.25, "weightedAverageShsOut": 1479000000, "weightedAverageShsOutDil": 1479000000, "link": "https://www.sec.gov/Archives/edgar/data/804328/000172894918000039/0001728949-18-000039-index.htm", "finalLink": "https://www.sec.gov/Archives/edgar/data/804328/000172894918000039/qcom03251810-q.htm"}, {"date": "2017-12-24", "symbol": "QCOM", "fillingDate": "2018-01-31", "acceptedDate": "2018-01-31 16:10:12", "period": "Q1", "revenue": 6068000000, "costOfRevenue": 2663000000, "grossProfit": 3405000000, "grossProfitRatio": 0.5611404087013843, "researchAndDevelopmentExpenses": 1420000000, "generalAndAdministrativeExpenses": 773000000, "sellingAndMarketingExpenses": 0.0, "otherExpenses": -1183000000, "operatingExpenses": 1010000000, "costAndExpenses": 6039000000, "interestExpense": 170000000, "depreciationAndAmortization": 363000000, "ebitda": 392000000, "ebitdaratio": 0.0646011865524, "operatingIncome": 29000000, "operatingIncomeRatio": 0.00477916941332, "totalOtherIncomeExpensesNet": 114000000, "incomeBeforeTax": -27000000, "incomeBeforeTaxRatio": -0.004449571522742254, "incomeTaxExpense": 5926000000, "netIncome": 5899000000, "netIncomeRatio": 0.9721489782465392, "eps": -4.03, "epsdiluted": -4.03, "weightedAverageShsOut": 1477000000, "weightedAverageShsOutDil": 1477000000, "link": "https://www.sec.gov/Archives/edgar/data/804328/000172894918000011/0001728949-18-000011-index.htm", "finalLink": "https://www.sec.gov/Archives/edgar/data/804328/000172894918000011/qcom12241710-q.htm"}, {"date": "2017-09-24", "symbol": "QCOM", "fillingDate": "2017-11-01", "acceptedDate": "2017-11-01 16:10:14", "period": "FY", "revenue": 5904000000, "costOfRevenue": 2652000000, "grossProfit": 3252000000, "grossProfitRatio": 0.5508130081300813, "researchAndDevelopmentExpenses": 1398000000, "generalAndAdministrativeExpenses": 741000000, "sellingAndMarketingExpenses": 0.0, "otherExpenses": -780000000, "operatingExpenses": 1359000000, "costAndExpenses": 5571000000, "interestExpense": 164000000, "depreciationAndAmortization": 397000000, "ebitda": 730000000, "ebitdaratio": 0.12364498645, "operatingIncome": 333000000, "operatingIncomeRatio": 0.0564024390244, "totalOtherIncomeExpensesNet": 265000000, "incomeBeforeTax": 434000000, "incomeBeforeTaxRatio": 0.0735094850949, "incomeTaxExpense": 265000000, "netIncome": 169000000, "netIncomeRatio": 0.0286246612466, "eps": 0.12, "epsdiluted": 0.11, "weightedAverageShsOut": 1477000000, "weightedAverageShsOutDil": 1490000000, "link": "https://www.sec.gov/Archives/edgar/data/804328/000123445217000190/0001234452-17-000190-index.htm", "finalLink": "https://www.sec.gov/Archives/edgar/data/804328/000123445217000190/qcom10-k2017.htm"}, {"date": "2017-06-25", "symbol": "QCOM", "fillingDate": "2017-07-19", "acceptedDate": "2017-07-19 16:10:17", "period": "Q3", "revenue": 5372000000, "costOfRevenue": 2489000000, "grossProfit": 2883000000, "grossProfitRatio": 0.5366716306775875, "researchAndDevelopmentExpenses": 1390000000, "generalAndAdministrativeExpenses": 711000000, "sellingAndMarketingExpenses": 0.0, "otherExpenses": -8000000.0, "operatingExpenses": 2093000000, "costAndExpenses": 4598000000, "interestExpense": 133000000, "depreciationAndAmortization": 393000000, "ebitda": 1167000000, "ebitdaratio": 0.217237527923, "operatingIncome": 774000000, "operatingIncomeRatio": 0.144080416977, "totalOtherIncomeExpensesNet": 635000000, "incomeBeforeTax": 859000000, "incomeBeforeTaxRatio": 0.159903201787, "incomeTaxExpense": 6000000.0, "netIncome": 866000000, "netIncomeRatio": 0.161206254654, "eps": 0.58, "epsdiluted": 0.58, "weightedAverageShsOut": 1478000000, "weightedAverageShsOutDil": 1491000000, "link": "https://www.sec.gov/Archives/edgar/data/804328/000123445217000154/0001234452-17-000154-index.htm", "finalLink": "https://www.sec.gov/Archives/edgar/data/804328/000123445217000154/qcom06251710-q.htm"}, {"date": "2017-03-26", "symbol": "QCOM", "fillingDate": "2017-04-19", "acceptedDate": "2017-04-19 16:28:27", "period": "Q2", "revenue": 5016000000, "costOfRevenue": 2208000000, "grossProfit": 2808000000, "grossProfitRatio": 0.5598086124401914, "researchAndDevelopmentExpenses": 1386000000, "generalAndAdministrativeExpenses": 615000000, "sellingAndMarketingExpenses": 0.0, "otherExpenses": -78000000, "operatingExpenses": 1923000000, "costAndExpenses": 4287000000, "interestExpense": 107000000, "depreciationAndAmortization": 342000000, "ebitda": 1071000000, "ebitdaratio": 0.213516746411, "operatingIncome": 729000000, "operatingIncomeRatio": 0.14533492823, "totalOtherIncomeExpensesNet": 0.0, "incomeBeforeTax": 857000000, "incomeBeforeTaxRatio": 0.170853269537, "incomeTaxExpense": 107000000, "netIncome": 749000000, "netIncomeRatio": 0.149322169059, "eps": 0.51, "epsdiluted": 0.5, "weightedAverageShsOut": 1478000000, "weightedAverageShsOutDil": 1492000000, "link": "https://www.sec.gov/Archives/edgar/data/804328/000123445217000077/0001234452-17-000077-index.htm", "finalLink": "https://www.sec.gov/Archives/edgar/data/804328/000123445217000077/qcom03261710-q.htm"}, {"date": "2016-12-25", "symbol": "QCOM", "fillingDate": "2017-01-25", "acceptedDate": "2017-01-25 16:15:11", "period": "Q1", "revenue": 5999000000, "costOfRevenue": 2443000000, "grossProfit": 3556000000, "grossProfitRatio": 0.5927654609101517, "researchAndDevelopmentExpenses": 1311000000, "generalAndAdministrativeExpenses": 591000000, "sellingAndMarketingExpenses": 0.0, "otherExpenses": -876000000, "operatingExpenses": 1026000000, "costAndExpenses": 5221000000, "interestExpense": 90000000, "depreciationAndAmortization": 329000000, "ebitda": 1107000000, "ebitdaratio": 0.184530755126, "operatingIncome": 778000000, "operatingIncomeRatio": 0.12968828138, "totalOtherIncomeExpensesNet": 0.0, "incomeBeforeTax": 870000000, "incomeBeforeTaxRatio": 0.145024170695, "incomeTaxExpense": 189000000, "netIncome": 682000000, "netIncomeRatio": 0.113685614269, "eps": 0.46, "epsdiluted": 0.46, "weightedAverageShsOut": 1478000000, "weightedAverageShsOutDil": 1495000000, "link": "https://www.sec.gov/Archives/edgar/data/804328/000123445217000028/0001234452-17-000028-index.htm", "finalLink": "https://www.sec.gov/Archives/edgar/data/804328/000123445217000028/qcom12251610-q.htm"}, {"date": "2016-09-25", "symbol": "QCOM", "fillingDate": "2016-11-02", "acceptedDate": "2016-11-02 16:11:53", "period": "FY", "revenue": 6184000000, "costOfRevenue": 2539000000, "grossProfit": 3645000000, "grossProfitRatio": 0.589424320827943, "researchAndDevelopmentExpenses": 1229000000, "generalAndAdministrativeExpenses": 568000000, "sellingAndMarketingExpenses": 0.0, "otherExpenses": -44000000, "operatingExpenses": 1753000000, "costAndExpenses": 4380000000, "interestExpense": 76000000, "depreciationAndAmortization": 336000000, "ebitda": 2140000000, "ebitdaratio": 0.346054333765, "operatingIncome": 1804000000, "operatingIncomeRatio": 0.291720569211, "totalOtherIncomeExpensesNet": 0.0, "incomeBeforeTax": 1960000000, "incomeBeforeTaxRatio": 0.316946959897, "incomeTaxExpense": 361000000, "netIncome": 1599000000, "netIncomeRatio": 0.258570504528, "eps": 1.08, "epsdiluted": 1.07, "weightedAverageShsOut": 1484000000, "weightedAverageShsOutDil": 1498000000, "link": "https://www.sec.gov/Archives/edgar/data/804328/000123445216000552/0001234452-16-000552-index.htm", "finalLink": "https://www.sec.gov/Archives/edgar/data/804328/000123445216000552/qcom10-k2016.htm"}, {"date": "2016-06-26", "symbol": "QCOM", "fillingDate": "2016-07-20", "acceptedDate": "2016-07-20 16:11:32", "period": "Q3", "revenue": 6044000000, "costOfRevenue": 2535000000, "grossProfit": 3509000000, "grossProfitRatio": 0.5805757776307081, "researchAndDevelopmentExpenses": 1269000000, "generalAndAdministrativeExpenses": 619000000, "sellingAndMarketingExpenses": 0.0, "otherExpenses": -29000000, "operatingExpenses": 1859000000, "costAndExpenses": 4452000000, "interestExpense": 76000000, "depreciationAndAmortization": 356000000, "ebitda": 1948000000, "ebitdaratio": 0.322303110523, "operatingIncome": 1592000000, "operatingIncomeRatio": 0.263401720715, "totalOtherIncomeExpensesNet": 0.0, "incomeBeforeTax": 1693000000, "incomeBeforeTaxRatio": 0.280112508273, "incomeTaxExpense": 250000000, "netIncome": 1444000000, "netIncomeRatio": 0.238914626075, "eps": 0.98, "epsdiluted": 0.97, "weightedAverageShsOut": 1487000000, "weightedAverageShsOutDil": 1500000000, "link": "https://www.sec.gov/Archives/edgar/data/804328/000123445216000483/0001234452-16-000483-index.htm", "finalLink": "https://www.sec.gov/Archives/edgar/data/804328/000123445216000483/qcom6261610-q.htm"}, {"date": "2016-03-27", "symbol": "QCOM", "fillingDate": "2016-04-20", "acceptedDate": "2016-04-20 16:21:10", "period": "Q2", "revenue": 5551000000, "costOfRevenue": 2141000000, "grossProfit": 3410000000, "grossProfitRatio": 0.6143037290578274, "researchAndDevelopmentExpenses": 1301000000, "generalAndAdministrativeExpenses": 620000000, "sellingAndMarketingExpenses": 0.0, "otherExpenses": -75000000, "operatingExpenses": 1846000000, "costAndExpenses": 4137000000, "interestExpense": 71000000, "depreciationAndAmortization": 372000000, "ebitda": 1786000000, "ebitdaratio": 0.321743829941, "operatingIncome": 1414000000, "operatingIncomeRatio": 0.25472887768, "totalOtherIncomeExpensesNet": 0.0, "incomeBeforeTax": 1470000000, "incomeBeforeTaxRatio": 0.264817150063, "incomeTaxExpense": 306000000, "netIncome": 1164000000, "netIncomeRatio": 0.209691947397, "eps": 0.78, "epsdiluted": 0.78, "weightedAverageShsOut": 1495000000, "weightedAverageShsOutDil": 1507000000, "link": "https://www.sec.gov/Archives/edgar/data/804328/000123445216000429/0001234452-16-000429-index.htm", "finalLink": "https://www.sec.gov/Archives/edgar/data/804328/000123445216000429/qcom3271610-q.htm"}, {"date": "2015-12-27", "symbol": "QCOM", "fillingDate": "2016-01-27", "acceptedDate": "2016-01-27 16:18:39", "period": "Q1", "revenue": 5775000000, "costOfRevenue": 2534000000, "grossProfit": 3241000000, "grossProfitRatio": 0.5612121212121212, "researchAndDevelopmentExpenses": 1352000000, "generalAndAdministrativeExpenses": 578000000, "sellingAndMarketingExpenses": 0.0, "otherExpenses": 374000000, "operatingExpenses": 2304000000, "costAndExpenses": 4090000000, "interestExpense": 74000000, "depreciationAndAmortization": 364000000, "ebitda": 2049000000, "ebitdaratio": 0.354805194805, "operatingIncome": 1685000000, "operatingIncomeRatio": 0.291774891775, "totalOtherIncomeExpensesNet": 0.0, "incomeBeforeTax": 1710000000, "incomeBeforeTaxRatio": 0.296103896104, "incomeTaxExpense": 214000000, "netIncome": 1498000000, "netIncomeRatio": 0.259393939394, "eps": 1.0, "epsdiluted": 0.99, "weightedAverageShsOut": 1502000000, "weightedAverageShsOutDil": 1517000000, "link": "https://www.sec.gov/Archives/edgar/data/804328/000123445216000352/0001234452-16-000352-index.htm", "finalLink": "https://www.sec.gov/Archives/edgar/data/804328/000123445216000352/qcom12271510-q.htm"}, {"date": "2015-09-27", "symbol": "QCOM", "fillingDate": "2015-11-04", "acceptedDate": "2015-11-04 16:26:47", "period": "FY", "revenue": 5456000000, "costOfRevenue": 2252000000, "grossProfit": 3204000000, "grossProfitRatio": 0.5872434017595308, "researchAndDevelopmentExpenses": 1357000000, "generalAndAdministrativeExpenses": 655000000, "sellingAndMarketingExpenses": 0.0, "otherExpenses": -52000000, "operatingExpenses": 1960000000, "costAndExpenses": 4316000000, "interestExpense": 70000000, "depreciationAndAmortization": 326000000, "ebitda": 1466000000, "ebitdaratio": 0.268695014663, "operatingIncome": 1140000000, "operatingIncomeRatio": 0.208944281525, "totalOtherIncomeExpensesNet": 0.0, "incomeBeforeTax": 1251000000, "incomeBeforeTaxRatio": 0.229288856305, "incomeTaxExpense": 190000000, "netIncome": 1062000000, "netIncomeRatio": 0.194648093842, "eps": 0.69, "epsdiluted": 0.69, "weightedAverageShsOut": 1618000000, "weightedAverageShsOutDil": 1639000000, "link": "https://www.sec.gov/Archives/edgar/data/804328/000123445215000271/0001234452-15-000271-index.htm", "finalLink": "https://www.sec.gov/Archives/edgar/data/804328/000123445215000271/qcom10-k2015.htm"}, {"date": "2015-06-28", "symbol": "QCOM", "fillingDate": "2015-07-22", "acceptedDate": "2015-07-22 16:18:54", "period": "Q3", "revenue": 5832000000, "costOfRevenue": 2450000000, "grossProfit": 3382000000, "grossProfitRatio": 0.5799039780521262, "researchAndDevelopmentExpenses": 1407000000, "generalAndAdministrativeExpenses": 577000000, "sellingAndMarketingExpenses": 0.0, "otherExpenses": -162000000, "operatingExpenses": 1822000000, "costAndExpenses": 4596000000, "interestExpense": 32000000, "depreciationAndAmortization": 297000000, "ebitda": 1533000000, "ebitdaratio": 0.262860082305, "operatingIncome": 1236000000, "operatingIncomeRatio": 0.211934156379, "totalOtherIncomeExpensesNet": 0.0, "incomeBeforeTax": 1399000000, "incomeBeforeTaxRatio": 0.23988340192, "incomeTaxExpense": 215000000, "netIncome": 1184000000, "netIncomeRatio": 0.203017832647, "eps": 0.74, "epsdiluted": 0.73, "weightedAverageShsOut": 1638000000, "weightedAverageShsOutDil": 1661000000, "link": "https://www.sec.gov/Archives/edgar/data/804328/000123445215000208/0001234452-15-000208-index.htm", "finalLink": "https://www.sec.gov/Archives/edgar/data/804328/000123445215000208/qcom6281510-q.htm"}, {"date": "2015-03-29", "symbol": "QCOM", "fillingDate": "2015-04-22", "acceptedDate": "2015-04-22 16:24:39", "period": "Q2", "revenue": 6894000000, "costOfRevenue": 2629000000, "grossProfit": 4265000000, "grossProfitRatio": 0.6186539019437192, "researchAndDevelopmentExpenses": 1374000000, "generalAndAdministrativeExpenses": 545000000, "sellingAndMarketingExpenses": 0.0, "otherExpenses": -1010000000, "operatingExpenses": 909000000, "costAndExpenses": 5558000000, "interestExpense": 1000000.0, "depreciationAndAmortization": 304000000, "ebitda": 1640000000, "ebitdaratio": 0.237888018567, "operatingIncome": 1336000000, "operatingIncomeRatio": 0.19379170293, "totalOtherIncomeExpensesNet": 0.0, "incomeBeforeTax": 1539000000, "incomeBeforeTaxRatio": 0.223237597911, "incomeTaxExpense": 487000000, "netIncome": 1053000000, "netIncomeRatio": 0.15274151436, "eps": 0.64, "epsdiluted": 0.63, "weightedAverageShsOut": 1653000000, "weightedAverageShsOutDil": 1677000000, "link": "https://www.sec.gov/Archives/edgar/data/804328/000123445215000134/0001234452-15-000134-index.htm", "finalLink": "https://www.sec.gov/Archives/edgar/data/804328/000123445215000134/qcom3291510-q.htm"}, {"date": "2014-12-28", "symbol": "QCOM", "fillingDate": "2015-01-28", "acceptedDate": "2015-01-28 16:18:31", "period": "Q1", "revenue": 7099000000, "costOfRevenue": 3047000000, "grossProfit": 4052000000, "grossProfitRatio": 0.5707846175517679, "researchAndDevelopmentExpenses": 1352000000, "generalAndAdministrativeExpenses": 567000000, "sellingAndMarketingExpenses": 0.0, "otherExpenses": -69000000, "operatingExpenses": 1850000000, "costAndExpenses": 5035000000, "interestExpense": 1000000.0, "depreciationAndAmortization": 287000000, "ebitda": 2351000000, "ebitdaratio": 0.331173404705, "operatingIncome": 2064000000, "operatingIncomeRatio": 0.290745175377, "totalOtherIncomeExpensesNet": 0.0, "incomeBeforeTax": 2298000000, "incomeBeforeTaxRatio": 0.323707564446, "incomeTaxExpense": 327000000, "netIncome": 1972000000, "netIncomeRatio": 0.277785603606, "eps": 1.19, "epsdiluted": 1.17, "weightedAverageShsOut": 1661000000, "weightedAverageShsOutDil": 1686000000, "link": "https://www.sec.gov/Archives/edgar/data/804328/000123445215000024/0001234452-15-000024-index.htm", "finalLink": "https://www.sec.gov/Archives/edgar/data/804328/000123445215000024/qcom12281410-q.htm"}, {"date": "2014-09-28", "symbol": "QCOM", "fillingDate": "2014-11-05", "acceptedDate": "2014-11-05 16:18:10", "period": "FY", "revenue": 6692000000, "costOfRevenue": 2757000000, "grossProfit": 3935000000, "grossProfitRatio": 0.5880155409444112, "researchAndDevelopmentExpenses": 1364000000, "generalAndAdministrativeExpenses": 545000000, "sellingAndMarketingExpenses": 0.0, "otherExpenses": -34000000, "operatingExpenses": 1875000000, "costAndExpenses": 4700000000, "interestExpense": 1000000.0, "depreciationAndAmortization": 297000000, "ebitda": 2289000000, "ebitdaratio": 0.342050209205, "operatingIncome": 1992000000, "operatingIncomeRatio": 0.297668858338, "totalOtherIncomeExpensesNet": 0.0, "incomeBeforeTax": 2252000000, "incomeBeforeTaxRatio": 0.336521219366, "incomeTaxExpense": 358000000, "netIncome": 1894000000, "netIncomeRatio": 0.283024506874, "eps": 1.13, "epsdiluted": 1.12, "weightedAverageShsOut": 1683000000, "weightedAverageShsOutDil": 1714000000, "link": "https://www.sec.gov/Archives/edgar/data/804328/000123445214000320/0001234452-14-000320-index.htm", "finalLink": "https://www.sec.gov/Archives/edgar/data/804328/000123445214000320/qcom10-k2014.htm"}, {"date": "2014-06-29", "symbol": "QCOM", "fillingDate": "2014-07-23", "acceptedDate": "2014-07-23 16:13:56", "period": "Q3", "revenue": 6806000000, "costOfRevenue": 2740000000, "grossProfit": 4066000000, "grossProfitRatio": 0.5974140464296209, "researchAndDevelopmentExpenses": 1430000000, "generalAndAdministrativeExpenses": 583000000, "sellingAndMarketingExpenses": 0.0, "otherExpenses": -922000000, "operatingExpenses": 1091000000, "costAndExpenses": 4731000000, "interestExpense": -1000000.0, "depreciationAndAmortization": 292000000, "ebitda": 2367000000, "ebitdaratio": 0.34778136938, "operatingIncome": 2075000000, "operatingIncomeRatio": 0.30487804878, "totalOtherIncomeExpensesNet": 0.0, "incomeBeforeTax": 2497000000, "incomeBeforeTaxRatio": 0.366882162798, "incomeTaxExpense": 260000000, "netIncome": 2238000000, "netIncomeRatio": 0.328827505143, "eps": 1.33, "epsdiluted": 1.3, "weightedAverageShsOut": 1686000000, "weightedAverageShsOutDil": 1718000000, "link": "https://www.sec.gov/Archives/edgar/data/804328/000123445214000238/0001234452-14-000238-index.htm", "finalLink": "https://www.sec.gov/Archives/edgar/data/804328/000123445214000238/qcom06291410-q.htm"}, {"date": "2014-03-30", "symbol": "QCOM", "fillingDate": "2014-04-23", "acceptedDate": "2014-04-23 16:12:55", "period": "Q2", "revenue": 6367000000, "costOfRevenue": 2483000000, "grossProfit": 3884000000, "grossProfitRatio": 0.6100204177791738, "researchAndDevelopmentExpenses": 1355000000, "generalAndAdministrativeExpenses": 539000000, "sellingAndMarketingExpenses": 0.0, "otherExpenses": 472000000, "operatingExpenses": 2366000000, "costAndExpenses": 4849000000, "interestExpense": 2000000.0, "depreciationAndAmortization": 289000000, "ebitda": 2279000000, "ebitdaratio": 0.357939374902, "operatingIncome": 1990000000, "operatingIncomeRatio": 0.3125490812, "totalOtherIncomeExpensesNet": 0.0, "incomeBeforeTax": 2272000000, "incomeBeforeTaxRatio": 0.356839956023, "incomeTaxExpense": 313000000, "netIncome": 1960000000, "netIncomeRatio": 0.307837286006, "eps": 1.16, "epsdiluted": 1.14, "weightedAverageShsOut": 1688000000, "weightedAverageShsOutDil": 1721000000, "link": "https://www.sec.gov/Archives/edgar/data/804328/000123445214000154/0001234452-14-000154-index.htm", "finalLink": "https://www.sec.gov/Archives/edgar/data/804328/000123445214000154/qcom03301410-q.htm"}, {"date": "2013-12-29", "symbol": "QCOM", "fillingDate": "2014-01-29", "acceptedDate": "2014-01-29 16:18:38", "period": "Q1", "revenue": 6622000000, "costOfRevenue": 2706000000, "grossProfit": 3916000000, "grossProfitRatio": 0.5913621262458472, "researchAndDevelopmentExpenses": 1328000000, "generalAndAdministrativeExpenses": 623000000, "sellingAndMarketingExpenses": 0.0, "otherExpenses": 0.0, "operatingExpenses": 1951000000, "costAndExpenses": 4657000000, "interestExpense": 3000000.0, "depreciationAndAmortization": 272000000, "ebitda": 1765000000, "ebitdaratio": 0.266535789792, "operatingIncome": 1493000000, "operatingIncomeRatio": 0.225460585926, "totalOtherIncomeExpensesNet": 0.0, "incomeBeforeTax": 1757000000, "incomeBeforeTaxRatio": 0.26532769556, "incomeTaxExpense": 313000000, "netIncome": 1875000000, "netIncomeRatio": 0.283147085473, "eps": 1.11, "epsdiluted": 1.09, "weightedAverageShsOut": 1688000000, "weightedAverageShsOutDil": 1722000000, "link": "https://www.sec.gov/Archives/edgar/data/804328/000123445214000049/0001234452-14-000049-index.htm", "finalLink": "https://www.sec.gov/Archives/edgar/data/804328/000123445214000049/qcom12291310-q.htm"}, {"date": "2013-09-29", "symbol": "QCOM", "fillingDate": "2013-11-06", "acceptedDate": "2013-11-06 16:22:40", "period": "FY", "revenue": 6481000000, "costOfRevenue": 2714000000, "grossProfit": 3767000000, "grossProfitRatio": 0.5812374633544206, "researchAndDevelopmentExpenses": 1349000000, "generalAndAdministrativeExpenses": 657000000, "sellingAndMarketingExpenses": 0.0, "otherExpenses": -7264000000, "operatingExpenses": 2006000000, "costAndExpenses": 4720000000, "interestExpense": 1000000.0, "depreciationAndAmortization": 273000000, "ebitda": 1861000000, "ebitdaratio": 0.287147045209, "operatingIncome": 1588000000, "operatingIncomeRatio": 0.245023916062, "totalOtherIncomeExpensesNet": 0.0, "incomeBeforeTax": 1822000000, "incomeBeforeTaxRatio": 0.281129455331, "incomeTaxExpense": 321000000, "netIncome": 1501000000, "netIncomeRatio": 0.231600061719, "eps": 0.88, "epsdiluted": 0.87, "weightedAverageShsOut": 1715000000, "weightedAverageShsOutDil": 1754000000, "link": "https://www.sec.gov/Archives/edgar/data/804328/000123445213000483/0001234452-13-000483-index.htm", "finalLink": "https://www.sec.gov/Archives/edgar/data/804328/000123445213000483/qcom10-k2013.htm"}, {"date": "2013-06-30", "symbol": "QCOM", "fillingDate": "2013-07-24", "acceptedDate": "2013-07-24 16:09:43", "period": "Q3", "revenue": 6242000000, "costOfRevenue": 2497000000, "grossProfit": 3745000000, "grossProfitRatio": 0.599967958987504, "researchAndDevelopmentExpenses": 1298000000, "generalAndAdministrativeExpenses": 613000000, "sellingAndMarketingExpenses": 0.0, "otherExpenses": 2655000000, "operatingExpenses": 1911000000, "costAndExpenses": 4408000000, "interestExpense": 7000000.0, "depreciationAndAmortization": 255000000, "ebitda": 1931000000, "ebitdaratio": 0.309355975649, "operatingIncome": 1676000000, "operatingIncomeRatio": 0.268503684716, "totalOtherIncomeExpensesNet": 0.0, "incomeBeforeTax": 1909000000, "incomeBeforeTaxRatio": 0.305831464274, "incomeTaxExpense": 331000000, "netIncome": 1580000000, "netIncomeRatio": 0.253123998718, "eps": 0.91, "epsdiluted": 0.89, "weightedAverageShsOut": 1720000000, "weightedAverageShsOutDil": 1760000000, "link": "https://www.sec.gov/Archives/edgar/data/804328/000123445213000292/0001234452-13-000292-index.htm", "finalLink": "https://www.sec.gov/Archives/edgar/data/804328/000123445213000292/qcom6301310-q.htm"}, {"date": "2013-03-31", "symbol": "QCOM", "fillingDate": "2013-04-24", "acceptedDate": "2013-04-24 16:14:05", "period": "Q2", "revenue": 6125000000, "costOfRevenue": 2372000000, "grossProfit": 3753000000, "grossProfitRatio": 0.612734693877551, "researchAndDevelopmentExpenses": 1214000000, "generalAndAdministrativeExpenses": 661000000, "sellingAndMarketingExpenses": 0.0, "otherExpenses": 2372000000, "operatingExpenses": 1875000000, "costAndExpenses": 4247000000, "interestExpense": 7000000.0, "depreciationAndAmortization": 248000000, "ebitda": 2126000000, "ebitdaratio": 0.347102040816, "operatingIncome": 1878000000, "operatingIncomeRatio": 0.306612244898, "totalOtherIncomeExpensesNet": 0.0, "incomeBeforeTax": 2136000000, "incomeBeforeTaxRatio": 0.348734693878, "incomeTaxExpense": 273000000, "netIncome": 1866000000, "netIncomeRatio": 0.304653061224, "eps": 1.08, "epsdiluted": 1.06, "weightedAverageShsOut": 1716000000, "weightedAverageShsOutDil": 1757000000, "link": "https://www.sec.gov/Archives/edgar/data/804328/000123445213000179/0001234452-13-000179-index.htm", "finalLink": "https://www.sec.gov/Archives/edgar/data/804328/000123445213000179/qcom3311310-q.htm"}, {"date": "2012-12-30", "symbol": "QCOM", "fillingDate": "2013-01-30", "acceptedDate": "2013-01-30 16:11:45", "period": "Q1", "revenue": 6018000000, "costOfRevenue": 2237000000, "grossProfit": 3781000000, "grossProfitRatio": 0.6282818212030575, "researchAndDevelopmentExpenses": 1106000000, "generalAndAdministrativeExpenses": 587000000, "sellingAndMarketingExpenses": 0.0, "otherExpenses": 2237000000, "operatingExpenses": 1693000000, "costAndExpenses": 3930000000, "interestExpense": 8000000.0, "depreciationAndAmortization": 241000000, "ebitda": 2329000000, "ebitdaratio": 0.387005649718, "operatingIncome": 2088000000, "operatingIncomeRatio": 0.346959122632, "totalOtherIncomeExpensesNet": 0.0, "incomeBeforeTax": 2327000000, "incomeBeforeTaxRatio": 0.386673313393, "incomeTaxExpense": 424000000, "netIncome": 1906000000, "netIncomeRatio": 0.316716517115, "eps": 1.12, "epsdiluted": 1.09, "weightedAverageShsOut": 1709000000, "weightedAverageShsOutDil": 1751000000, "link": "https://www.sec.gov/Archives/edgar/data/804328/000123445213000041/0001234452-13-000041-index.htm", "finalLink": "https://www.sec.gov/Archives/edgar/data/804328/000123445213000041/qcom12301210-q.htm"}, {"date": "2012-09-30", "symbol": "QCOM", "fillingDate": "2012-11-07", "acceptedDate": "2012-11-07 16:15:01", "period": "FY", "revenue": 4870000000, "costOfRevenue": 1841000000, "grossProfit": 3029000000, "grossProfitRatio": 0.6219712525667351, "researchAndDevelopmentExpenses": 1114000000, "generalAndAdministrativeExpenses": 681000000, "sellingAndMarketingExpenses": 0.0, "otherExpenses": 1841000000, "operatingExpenses": 1795000000, "costAndExpenses": 3636000000, "interestExpense": 16000000, "depreciationAndAmortization": 257000000, "ebitda": 1491000000, "ebitdaratio": 0.306160164271, "operatingIncome": 1234000000, "operatingIncomeRatio": 0.253388090349, "totalOtherIncomeExpensesNet": 0.0, "incomeBeforeTax": 1525000000, "incomeBeforeTaxRatio": 0.313141683778, "incomeTaxExpense": 286000000, "netIncome": 1271000000, "netIncomeRatio": 0.260985626283, "eps": 0.74, "epsdiluted": 0.73, "weightedAverageShsOut": 1700000000, "weightedAverageShsOutDil": 1741000000, "link": "https://www.sec.gov/Archives/edgar/data/804328/000123445212000371/0001234452-12-000371-index.htm", "finalLink": "https://www.sec.gov/Archives/edgar/data/804328/000123445212000371/qcom10-k2012.htm"}, {"date": "2012-06-24", "symbol": "QCOM", "fillingDate": "2012-07-18", "acceptedDate": "2012-07-18 16:11:00", "period": "Q3", "revenue": 4626000000, "costOfRevenue": 1718000000, "grossProfit": 2908000000, "grossProfitRatio": 0.6286208387375702, "researchAndDevelopmentExpenses": 974000000, "generalAndAdministrativeExpenses": 545000000, "sellingAndMarketingExpenses": 0.0, "otherExpenses": 1725000000, "operatingExpenses": 1519000000, "costAndExpenses": 3237000000, "interestExpense": 17000000, "depreciationAndAmortization": 221000000, "ebitda": 1603000000, "ebitdaratio": 0.346519671422, "operatingIncome": 1382000000, "operatingIncomeRatio": 0.298746217034, "totalOtherIncomeExpensesNet": 0.0, "incomeBeforeTax": 1582000000, "incomeBeforeTaxRatio": 0.341980112408, "incomeTaxExpense": 376000000, "netIncome": 1207000000, "netIncomeRatio": 0.260916558582, "eps": 0.7, "epsdiluted": 0.68, "weightedAverageShsOut": 1699000000, "weightedAverageShsOutDil": 1740000000, "link": "https://www.sec.gov/Archives/edgar/data/804328/000123445212000268/0001234452-12-000268-index.htm", "finalLink": "https://www.sec.gov/Archives/edgar/data/804328/000123445212000268/qcom6241210q.htm"}, {"date": "2012-03-25", "symbol": "QCOM", "fillingDate": "2012-04-18", "acceptedDate": "2012-04-18 16:11:42", "period": "Q2", "revenue": 4944000000, "costOfRevenue": 1783000000, "grossProfit": 3161000000, "grossProfitRatio": 0.6393608414239482, "researchAndDevelopmentExpenses": 954000000, "generalAndAdministrativeExpenses": 595000000, "sellingAndMarketingExpenses": 0.0, "otherExpenses": 1880000000, "operatingExpenses": 1549000000, "costAndExpenses": 3332000000, "interestExpense": 30000000, "depreciationAndAmortization": 211000000, "ebitda": 1726000000, "ebitdaratio": 0.349110032362, "operatingIncome": 1515000000, "operatingIncomeRatio": 0.306432038835, "totalOtherIncomeExpensesNet": 0.0, "incomeBeforeTax": 1734000000, "incomeBeforeTaxRatio": 0.35072815534, "incomeTaxExpense": 296000000, "netIncome": 2230000000, "netIncomeRatio": 0.451051779935, "eps": 1.32, "epsdiluted": 1.29, "weightedAverageShsOut": 1691000000, "weightedAverageShsOutDil": 1732000000, "link": "https://www.sec.gov/Archives/edgar/data/804328/000123445212000217/0001234452-12-000217-index.htm", "finalLink": "https://www.sec.gov/Archives/edgar/data/804328/000123445212000217/qcom3251210q.htm"}, {"date": "2011-12-25", "symbol": "QCOM", "fillingDate": "2012-02-01", "acceptedDate": "2012-02-01 16:07:54", "period": "Q1", "revenue": 4681000000, "costOfRevenue": 1754000000, "grossProfit": 2927000000, "grossProfitRatio": 0.6252937406537065, "researchAndDevelopmentExpenses": 873000000, "generalAndAdministrativeExpenses": 503000000, "sellingAndMarketingExpenses": 0.0, "otherExpenses": 1754000000, "operatingExpenses": 1376000000, "costAndExpenses": 3130000000, "interestExpense": 27000000, "depreciationAndAmortization": 208000000, "ebitda": 1759000000, "ebitdaratio": 0.375774407178, "operatingIncome": 1551000000, "operatingIncomeRatio": 0.331339457381, "totalOtherIncomeExpensesNet": 0.0, "incomeBeforeTax": 1721000000, "incomeBeforeTaxRatio": 0.367656483657, "incomeTaxExpense": 321000000, "netIncome": 1401000000, "netIncomeRatio": 0.299295022431, "eps": 0.83, "epsdiluted": 0.81, "weightedAverageShsOut": 1684000000, "weightedAverageShsOutDil": 1721000000, "link": "https://www.sec.gov/Archives/edgar/data/804328/000123445212000055/0001234452-12-000055-index.htm", "finalLink": "https://www.sec.gov/Archives/edgar/data/804328/000123445212000055/qcom12251110q.htm"}, {"date": "2011-09-25", "symbol": "QCOM", "fillingDate": "2011-11-02", "acceptedDate": "2011-11-02 16:08:57", "period": "FY", "revenue": 4117000000, "costOfRevenue": 1497000000, "grossProfit": 2620000000, "grossProfitRatio": 0.6363857177556473, "researchAndDevelopmentExpenses": 851000000, "generalAndAdministrativeExpenses": 532000000, "sellingAndMarketingExpenses": 0.0, "otherExpenses": 1497000000, "operatingExpenses": 1383000000, "costAndExpenses": 2880000000, "interestExpense": -30000000, "depreciationAndAmortization": 241000000, "ebitda": 1478000000, "ebitdaratio": 0.358999271314, "operatingIncome": 1237000000, "operatingIncomeRatio": 0.300461501093, "totalOtherIncomeExpensesNet": 0.0, "incomeBeforeTax": 1324000000, "incomeBeforeTaxRatio": 0.321593393248, "incomeTaxExpense": 270000000, "netIncome": 1056000000, "netIncomeRatio": 0.256497449599, "eps": 0.63, "epsdiluted": 0.62, "weightedAverageShsOut": 1658000000, "weightedAverageShsOutDil": 1691000000, "link": "https://www.sec.gov/Archives/edgar/data/804328/000123445211000360/0001234452-11-000360-index.htm", "finalLink": "https://www.sec.gov/Archives/edgar/data/804328/000123445211000360/qcom10-k2011.htm"}, {"date": "2011-06-26", "symbol": "QCOM", "fillingDate": "2011-07-20", "acceptedDate": "2011-07-20 16:19:05", "period": "Q3", "revenue": 3618000000, "costOfRevenue": 887000000, "grossProfit": 2731000000, "grossProfitRatio": 0.7548369264787175, "researchAndDevelopmentExpenses": 733000000, "generalAndAdministrativeExpenses": 391000000, "sellingAndMarketingExpenses": 0.0, "otherExpenses": 887000000, "operatingExpenses": 1124000000, "costAndExpenses": 2011000000, "interestExpense": -22000000, "depreciationAndAmortization": 185000000, "ebitda": 1792000000, "ebitdaratio": 0.495301271421, "operatingIncome": 1607000000, "operatingIncomeRatio": 0.444168048646, "totalOtherIncomeExpensesNet": 0.0, "incomeBeforeTax": 2094000000, "incomeBeforeTaxRatio": 0.578772802653, "incomeTaxExpense": 440000000, "netIncome": 1036000000, "netIncomeRatio": 0.28634604754, "eps": 0.62, "epsdiluted": 0.6, "weightedAverageShsOut": 1650000000, "weightedAverageShsOutDil": 1682000000, "link": "https://www.sec.gov/Archives/edgar/data/804328/000123445211000292/0001234452-11-000292-index.htm", "finalLink": "https://www.sec.gov/Archives/edgar/data/804328/000123445211000292/qcom6261110q.htm"}, {"date": "2011-03-27", "symbol": "QCOM", "fillingDate": "2011-04-20", "acceptedDate": "2011-04-20 16:15:29", "period": "Q2", "revenue": 5106000000, "costOfRevenue": 2493000000, "grossProfit": 2613000000, "grossProfitRatio": 0.5117508813160987, "researchAndDevelopmentExpenses": 1411000000, "generalAndAdministrativeExpenses": 1022000000, "sellingAndMarketingExpenses": 0.0, "otherExpenses": 1477000000, "operatingExpenses": 2433000000, "costAndExpenses": 4926000000, "interestExpense": -34000000, "depreciationAndAmortization": 434000000, "ebitda": 1506000000, "ebitdaratio": 0.294947121034, "operatingIncome": 1072000000, "operatingIncomeRatio": 0.209949079514, "totalOtherIncomeExpensesNet": 0.0, "incomeBeforeTax": 1039000000, "incomeBeforeTaxRatio": 0.20348609479, "incomeTaxExpense": 263000000, "netIncome": 998000000, "netIncomeRatio": 0.195456325891, "eps": 0.6, "epsdiluted": 0.59, "weightedAverageShsOut": 1639000000, "weightedAverageShsOutDil": 1669000000, "link": "https://www.sec.gov/Archives/edgar/data/804328/000123445211000190/0001234452-11-000190-index.htm", "finalLink": "https://www.sec.gov/Archives/edgar/data/804328/000123445211000190/qcom3271110q.htm"}, {"date": "2010-12-26", "symbol": "QCOM", "fillingDate": "2011-01-26", "acceptedDate": "2011-01-26 16:20:46", "period": "Q1", "revenue": 2116000000, "costOfRevenue": 1130000000, "grossProfit": 986000000, "grossProfitRatio": 0.4659735349716446, "researchAndDevelopmentExpenses": 671000000, "generalAndAdministrativeExpenses": 437000000, "sellingAndMarketingExpenses": 0.0, "otherExpenses": 1130000000, "operatingExpenses": 2238000000, "costAndExpenses": 3368000000, "interestExpense": -28000000, "depreciationAndAmortization": 201000000, "ebitda": 1311000000, "ebitdaratio": 0.619565217391, "operatingIncome": 1110000000, "operatingIncomeRatio": 0.524574669187, "totalOtherIncomeExpensesNet": 0.0, "incomeBeforeTax": 1230000000, "incomeBeforeTaxRatio": 0.581285444234, "incomeTaxExpense": 159000000, "netIncome": 1170000000, "netIncomeRatio": 0.552930056711, "eps": 0.72, "epsdiluted": 0.71, "weightedAverageShsOut": 1623000000, "weightedAverageShsOutDil": 1648000000, "link": "https://www.sec.gov/Archives/edgar/data/804328/000095012311005582/0000950123-11-005582-index.htm", "finalLink": "https://www.sec.gov/Archives/edgar/data/804328/000095012311005582/a58430e10vq.htm"}, {"date": "2010-09-26", "symbol": "QCOM", "fillingDate": "2010-11-03", "acceptedDate": "2010-11-03 17:18:30", "period": "FY", "revenue": 2952000000, "costOfRevenue": 988000000, "grossProfit": 1964000000, "grossProfitRatio": 0.6653116531165312, "researchAndDevelopmentExpenses": 657000000, "generalAndAdministrativeExpenses": 471000000, "sellingAndMarketingExpenses": 0.0, "otherExpenses": 988000000, "operatingExpenses": 2116000000, "costAndExpenses": 3104000000, "interestExpense": 88000000, "depreciationAndAmortization": 171000000, "ebitda": 1007000000, "ebitdaratio": 0.341124661247, "operatingIncome": 836000000, "operatingIncomeRatio": 0.283197831978, "totalOtherIncomeExpensesNet": 0.0, "incomeBeforeTax": 1046000000, "incomeBeforeTaxRatio": 0.3543360433604336, "incomeTaxExpense": 181000000, "netIncome": 865000000, "netIncomeRatio": 0.293021680217, "eps": 0.54, "epsdiluted": 0.53, "weightedAverageShsOut": 1643000000, "weightedAverageShsOutDil": 1658000000, "link": "https://www.sec.gov/Archives/edgar/data/804328/000095012310100207/0000950123-10-100207-index.htm", "finalLink": "https://www.sec.gov/Archives/edgar/data/804328/000095012310100207/a57478e10vk.htm"}, {"date": "2010-06-27", "symbol": "QCOM", "fillingDate": "2010-07-21", "acceptedDate": "2010-07-21 16:18:19", "period": "Q3", "revenue": 2706000000, "costOfRevenue": 905000000, "grossProfit": 1801000000, "grossProfitRatio": 0.6655580192165558, "researchAndDevelopmentExpenses": 648000000, "generalAndAdministrativeExpenses": 361000000, "sellingAndMarketingExpenses": 0.0, "otherExpenses": 905000000, "operatingExpenses": 1914000000, "costAndExpenses": 2819000000, "interestExpense": -30000000, "depreciationAndAmortization": 166000000, "ebitda": 958000000, "ebitdaratio": 0.354028085735, "operatingIncome": 792000000, "operatingIncomeRatio": 0.292682926829, "totalOtherIncomeExpensesNet": 0.0, "incomeBeforeTax": 307000000, "incomeBeforeTaxRatio": 0.113451589061, "incomeTaxExpense": 205000000, "netIncome": 767000000, "netIncomeRatio": 0.283444198078, "eps": 0.47, "epsdiluted": 0.47, "weightedAverageShsOut": 1654000000, "weightedAverageShsOutDil": 1670000000, "link": "https://www.sec.gov/Archives/edgar/data/804328/000095012310066837/0000950123-10-066837-index.htm", "finalLink": "https://www.sec.gov/Archives/edgar/data/804328/000095012310066837/a56728e10vq.htm"}, {"date": "2010-03-28", "symbol": "QCOM", "fillingDate": "2010-04-21", "acceptedDate": "2010-04-21 16:29:12", "period": "Q2", "revenue": 5333000000, "costOfRevenue": 808000000, "grossProfit": 4525000000, "grossProfitRatio": 0.8484905306581662, "researchAndDevelopmentExpenses": 648000000, "generalAndAdministrativeExpenses": 431000000, "sellingAndMarketingExpenses": 0.0, "otherExpenses": 808000000, "operatingExpenses": 1887000000, "costAndExpenses": 2695000000, "interestExpense": 0.0, "depreciationAndAmortization": 329000000, "ebitda": 1984000000, "ebitdaratio": 0.372023251453, "operatingIncome": 1655000000, "operatingIncomeRatio": 0.310331895743, "totalOtherIncomeExpensesNet": 0.0, "incomeBeforeTax": 2016000000, "incomeBeforeTaxRatio": 0.06083364626361247, "incomeTaxExpense": 401000000, "netIncome": 1615000000, "netIncomeRatio": 0.302831426964, "eps": 0.97, "epsdiluted": 0.96, "weightedAverageShsOut": 1667000000, "weightedAverageShsOutDil": 1685000000, "link": "https://www.sec.gov/Archives/edgar/data/804328/000095012310036699/0000950123-10-036699-index.htm", "finalLink": "https://www.sec.gov/Archives/edgar/data/804328/000095012310036699/a55833e10vq.htm"}, {"date": "2009-12-27", "symbol": "QCOM", "fillingDate": "2010-01-27", "acceptedDate": "2010-01-27 16:50:32", "period": "Q1", "revenue": 2670000000, "costOfRevenue": 816000000, "grossProfit": 1854000000, "grossProfitRatio": 0.6943820224719102, "researchAndDevelopmentExpenses": 596000000, "generalAndAdministrativeExpenses": 379000000, "sellingAndMarketingExpenses": 0.0, "otherExpenses": 816000000, "operatingExpenses": 1791000000, "costAndExpenses": 2607000000, "interestExpense": 0.0, "depreciationAndAmortization": 162000000, "ebitda": 1041000000, "ebitdaratio": 0.3898876404494382, "operatingIncome": 879000000, "operatingIncomeRatio": 0.3292134831460674, "totalOtherIncomeExpensesNet": 0.0, "incomeBeforeTax": 1052000000, "incomeBeforeTaxRatio": 0.3940074906367041, "incomeTaxExpense": -211000000, "netIncome": 841000000, "netIncomeRatio": 0.3149812734082397, "eps": 0.5, "epsdiluted": 0.5, "weightedAverageShsOut": 1667000000, "weightedAverageShsOutDil": 1685000000, "link": "https://www.sec.gov/Archives/edgar/data/804328/000095012310005721/0000950123-10-005721-index.htm", "finalLink": "https://www.sec.gov/Archives/edgar/data/804328/000095012310005721/a54942e10vq.htm"}, {"date": "2009-09-27", "symbol": "QCOM", "fillingDate": "2009-11-05", "acceptedDate": "2009-11-04 20:21:47", "period": "FY", "revenue": 2690000000, "costOfRevenue": 824000000, "grossProfit": 1866000000, "grossProfitRatio": 0.6936802973977695, "researchAndDevelopmentExpenses": 614000000, "generalAndAdministrativeExpenses": 391000000, "sellingAndMarketingExpenses": 0.0, "otherExpenses": 1089000000, "operatingExpenses": 2094000000, "costAndExpenses": 2918000000, "interestExpense": 0.0, "depreciationAndAmortization": 175000000, "ebitda": 771000000, "ebitdaratio": 0.2866171003717472, "operatingIncome": 596000000, "operatingIncomeRatio": 0.22156133828996283, "totalOtherIncomeExpensesNet": -8000000.0, "incomeBeforeTax": 742000000, "incomeBeforeTaxRatio": 0.2758364312267658, "incomeTaxExpense": 60000000, "netIncome": 802000000, "netIncomeRatio": 0.29814126394052043, "eps": 0.96, "epsdiluted": 0.96, "weightedAverageShsOut": 1656000000, "weightedAverageShsOutDil": 1673000000, "link": "https://www.sec.gov/Archives/edgar/data/804328/000095012309057827/0000950123-09-057827-index.htm", "finalLink": "https://www.sec.gov/Archives/edgar/data/804328/000095012309057827/a54086e10vk.htm"}, {"date": "2009-06-28", "symbol": "QCOM", "fillingDate": "2009-07-22", "acceptedDate": "2009-07-22 16:31:14", "period": "Q3", "revenue": 2754000000, "costOfRevenue": 864000000, "grossProfit": 1890000000, "grossProfitRatio": 0.6862745098039216, "researchAndDevelopmentExpenses": 619000000, "generalAndAdministrativeExpenses": 376000000, "sellingAndMarketingExpenses": 0.0, "otherExpenses": 864000000, "operatingExpenses": 1859000000, "costAndExpenses": 2723000000, "interestExpense": 0.0, "depreciationAndAmortization": 154000000, "ebitda": 1049000000, "ebitdaratio": 0.38090050835148875, "operatingIncome": 895000000, "operatingIncomeRatio": 0.3249818445896877, "totalOtherIncomeExpensesNet": 8000000.0, "incomeBeforeTax": 984000000, "incomeBeforeTaxRatio": 0.3572984749455338, "incomeTaxExpense": -246000000, "netIncome": 142000000, "netIncomeRatio": 0.05156136528685548, "eps": 0.48, "epsdiluted": 0.48, "weightedAverageShsOut": 1656000000, "weightedAverageShsOutDil": 1673000000, "link": "https://www.sec.gov/Archives/edgar/data/804328/000095012309024369/0000950123-09-024369-index.htm", "finalLink": "https://www.sec.gov/Archives/edgar/data/804328/000095012309024369/a53206e10vq.htm"}, {"date": "2009-03-29", "symbol": "QCOM", "fillingDate": "2009-04-29", "acceptedDate": "2009-04-29 16:17:25", "period": "Q2", "revenue": 2455000000, "costOfRevenue": 738000000, "grossProfit": 1717000000, "grossProfitRatio": 0.6993890020366599, "researchAndDevelopmentExpenses": 603000000, "generalAndAdministrativeExpenses": 376000000, "sellingAndMarketingExpenses": 0.0, "otherExpenses": 1486000000, "operatingExpenses": 2465000000, "costAndExpenses": 3203000000, "interestExpense": 0.0, "depreciationAndAmortization": 154000000, "ebitda": 144000000, "ebitdaratio": 0.05865580448065173, "operatingIncome": -10000000, "operatingIncomeRatio": -0.004073319755600814, "totalOtherIncomeExpensesNet": 0.0, "incomeBeforeTax": -101000000, "incomeBeforeTaxRatio": -0.04114052953156823, "incomeTaxExpense": -188000000, "netIncome": 307000000, "netIncomeRatio": 0.125050916496945, "eps": 0.03, "epsdiluted": 0.03, "weightedAverageShsOut": 1652.0, "weightedAverageShsOutDil": 1665.0, "link": "https://www.sec.gov/Archives/edgar/data/804328/000093639209000216/0000936392-09-000216-index.htm", "finalLink": "https://www.sec.gov/Archives/edgar/data/804328/000093639209000216/a52247e10vq.htm"}, {"date": "2008-12-28", "symbol": "QCOM", "fillingDate": "2009-01-28", "acceptedDate": "2009-01-28 16:19:34", "period": "Q1", "revenue": 2517000000, "costOfRevenue": 755000000, "grossProfit": 1762000000, "grossProfitRatio": 0.7000397298371077, "researchAndDevelopmentExpenses": 604000000, "generalAndAdministrativeExpenses": 413000000, "sellingAndMarketingExpenses": 0.0, "otherExpenses": 755000000, "operatingExpenses": 1772000000, "costAndExpenses": 2527000000, "interestExpense": 0.0, "depreciationAndAmortization": 152000000, "ebitda": 897000000, "ebitdaratio": 0.3563766388557807, "operatingIncome": 745000000, "operatingIncomeRatio": 0.2959872864521255, "totalOtherIncomeExpensesNet": 0.0, "incomeBeforeTax": 451000000, "incomeBeforeTaxRatio": 0.17918156535558205, "incomeTaxExpense": -110000000, "netIncome": 341000000, "netIncomeRatio": 0.1354787445371474, "eps": 0.21, "epsdiluted": 0.21, "weightedAverageShsOut": 1653000000, "weightedAverageShsOutDil": 1667000000, "link": "https://www.sec.gov/Archives/edgar/data/804328/000093639209000032/0000936392-09-000032-index.htm", "finalLink": "https://www.sec.gov/Archives/edgar/data/804328/000093639209000032/a51184e10vq.htm"}, {"date": "2008-09-28", "symbol": "QCOM", "fillingDate": "2008-11-06", "acceptedDate": "2008-11-06 16:23:15", "period": "FY", "revenue": 3334000000, "costOfRevenue": 921000000, "grossProfit": 2413000000, "grossProfitRatio": 0.7237552489502099, "researchAndDevelopmentExpenses": 621000000, "generalAndAdministrativeExpenses": 456000000, "sellingAndMarketingExpenses": 0.0, "otherExpenses": 921000000, "operatingExpenses": 1998000000, "costAndExpenses": 2919000000, "interestExpense": 0.0, "depreciationAndAmortization": 120000000, "ebitda": 1456000000, "ebitdaratio": 0.4367126574685063, "operatingIncome": 1336000000, "operatingIncomeRatio": 0.40071985602879423, "totalOtherIncomeExpensesNet": 0.0, "incomeBeforeTax": 1108000000, "incomeBeforeTaxRatio": 0.3323335332933413, "incomeTaxExpense": -230000000, "netIncome": 878000000, "netIncomeRatio": 0.2633473305338932, "eps": 1.94, "epsdiluted": 1.94, "weightedAverageShsOut": 1632000000, "weightedAverageShsOutDil": 1660000000, "link": "https://www.sec.gov/Archives/edgar/data/804328/000093639208000707/0000936392-08-000707-index.htm", "finalLink": "https://www.sec.gov/Archives/edgar/data/804328/000093639208000707/a50397e10vk.htm"}, {"date": "2008-06-29", "symbol": "QCOM", "fillingDate": "2008-07-25", "acceptedDate": "2008-07-24 21:29:34", "period": "Q3", "revenue": 2761000000, "costOfRevenue": 889000000, "grossProfit": 1872000000, "grossProfitRatio": 0.6780152118797537, "researchAndDevelopmentExpenses": 596000000, "generalAndAdministrativeExpenses": 453000000, "sellingAndMarketingExpenses": 0.0, "otherExpenses": 889000000, "operatingExpenses": 1938000000, "costAndExpenses": 2827000000, "interestExpense": 0.0, "depreciationAndAmortization": 117000000, "ebitda": 940000000, "ebitdaratio": 0.34045635639261135, "operatingIncome": 823000000, "operatingIncomeRatio": 0.2980804056501268, "totalOtherIncomeExpensesNet": 0.0, "incomeBeforeTax": 882000000, "incomeBeforeTaxRatio": 0.3194494748279609, "incomeTaxExpense": -133000000, "netIncome": 749000000, "netIncomeRatio": 0.2712785222745382, "eps": 1.4, "epsdiluted": 1.4, "weightedAverageShsOut": 1626000000, "weightedAverageShsOutDil": 1654000000, "link": "https://www.sec.gov/Archives/edgar/data/804328/000093639208000473/0000936392-08-000473-index.htm", "finalLink": "https://www.sec.gov/Archives/edgar/data/804328/000093639208000473/a42335e10vq.htm"}, {"date": "2008-03-30", "symbol": "QCOM", "fillingDate": "2008-04-23", "acceptedDate": "2008-04-23 16:18:45", "period": "Q2", "revenue": 2607000000, "costOfRevenue": 821000000, "grossProfit": 1786000000, "grossProfitRatio": 0.685078634445723, "researchAndDevelopmentExpenses": 553000000, "generalAndAdministrativeExpenses": 419000000, "sellingAndMarketingExpenses": 0.0, "otherExpenses": 821000000, "operatingExpenses": 1793000000, "costAndExpenses": 2614000000, "interestExpense": 0.0, "depreciationAndAmortization": 111000000, "ebitda": 925000000, "ebitdaratio": 0.3548139624088991, "operatingIncome": 814000000, "operatingIncomeRatio": 0.31223628691983124, "totalOtherIncomeExpensesNet": 0.0, "incomeBeforeTax": 906000000, "incomeBeforeTaxRatio": 0.3475258918296893, "incomeTaxExpense": -140000000, "netIncome": 766000000, "netIncomeRatio": 0.29382431914077484, "eps": 0.94, "epsdiluted": 0.94, "weightedAverageShsOut": 1626000000, "weightedAverageShsOutDil": 1653000000, "link": "https://www.sec.gov/Archives/edgar/data/804328/000093639208000288/0000936392-08-000288-index.htm", "finalLink": "https://www.sec.gov/Archives/edgar/data/804328/000093639208000288/a40068e10vq.htm"}, {"date": "2007-12-30", "symbol": "QCOM", "fillingDate": "2008-01-23", "acceptedDate": "2008-01-23 16:13:29", "period": "Q1", "revenue": 2440000000, "costOfRevenue": 783000000, "grossProfit": 1657000000, "grossProfitRatio": 0.6790983606557377, "researchAndDevelopmentExpenses": 511000000, "generalAndAdministrativeExpenses": 389000000, "sellingAndMarketingExpenses": 0.0, "otherExpenses": 783000000, "operatingExpenses": 1683000000, "costAndExpenses": 2466000000, "interestExpense": 0.0, "depreciationAndAmortization": 108000000, "ebitda": 865000000, "ebitdaratio": 0.35450819672131145, "operatingIncome": 757000000, "operatingIncomeRatio": 0.31024590163934423, "totalOtherIncomeExpensesNet": 0.0, "incomeBeforeTax": 930000000, "incomeBeforeTaxRatio": 0.38114754098360654, "incomeTaxExpense": -163000000, "netIncome": 767000000, "netIncomeRatio": 0.31434426229508194, "eps": 0.47, "epsdiluted": 0.47, "weightedAverageShsOut": 1635000000, "weightedAverageShsOutDil": 1664000000, "link": "https://www.sec.gov/Archives/edgar/data/804328/000093639208000071/0000936392-08-000071-index.htm", "finalLink": "https://www.sec.gov/Archives/edgar/data/804328/000093639208000071/a37255e10vq.htm"}, {"date": "2007-09-30", "symbol": "QCOM", "fillingDate": "2007-11-08", "acceptedDate": "2007-11-08 16:03:56", "period": "FY", "revenue": 2306000000, "costOfRevenue": 725000000, "grossProfit": 1581000000, "grossProfitRatio": 0.6856027753686036, "researchAndDevelopmentExpenses": 481000000, "generalAndAdministrativeExpenses": 323000000, "sellingAndMarketingExpenses": 0.0, "otherExpenses": 725000000, "operatingExpenses": 1529000000, "costAndExpenses": 2254000000, "interestExpense": 0.0, "depreciationAndAmortization": 100000000, "ebitda": 877000000, "ebitdaratio": 0.3803122289679098, "operatingIncome": 777000000, "operatingIncomeRatio": 0.3369470945359931, "totalOtherIncomeExpensesNet": 0.0, "incomeBeforeTax": 948000000, "incomeBeforeTaxRatio": 0.4111014744145707, "incomeTaxExpense": 184000000, "netIncome": 1132000000, "netIncomeRatio": 0.4908933217692975, "eps": 1.99, "epsdiluted": 1.99, "weightedAverageShsOut": 1660000000, "weightedAverageShsOutDil": 1693000000, "link": "https://www.sec.gov/Archives/edgar/data/804328/000093639207000836/0000936392-07-000836-index.htm", "finalLink": "https://www.sec.gov/Archives/edgar/data/804328/000093639207000836/a35354e10vk.htm"}, {"date": "2007-07-01", "symbol": "QCOM", "fillingDate": "2007-07-25", "acceptedDate": "2007-07-25 16:27:49", "period": "Q3", "revenue": 2325000000, "costOfRevenue": 688000000, "grossProfit": 1637000000, "grossProfitRatio": 0.7040860215053764, "researchAndDevelopmentExpenses": 453000000, "generalAndAdministrativeExpenses": 401000000, "sellingAndMarketingExpenses": 0.0, "otherExpenses": 688000000, "operatingExpenses": 1542000000, "costAndExpenses": 2230000000, "interestExpense": 0.0, "depreciationAndAmortization": 99000000, "ebitda": 882000000, "ebitdaratio": 0.3793548387096774, "operatingIncome": 783000000, "operatingIncomeRatio": 0.3367741935483871, "totalOtherIncomeExpensesNet": 0.0, "incomeBeforeTax": 972000000, "incomeBeforeTaxRatio": 0.4180645161290323, "incomeTaxExpense": -174000000, "netIncome": 798000000, "netIncomeRatio": 0.3432258064516129, "eps": 1.31, "epsdiluted": 1.31, "weightedAverageShsOut": 1661000000, "weightedAverageShsOutDil": 1694000000, "link": "https://www.sec.gov/Archives/edgar/data/804328/000093639207000602/0000936392-07-000602-index.htm", "finalLink": "https://www.sec.gov/Archives/edgar/data/804328/000093639207000602/a32135e10vq.htm"}, {"date": "2007-04-01", "symbol": "QCOM", "fillingDate": "2007-04-25", "acceptedDate": "2007-04-25 16:11:24", "period": "Q2", "revenue": 3606000000, "costOfRevenue": 634000000, "grossProfit": 2972000000, "grossProfitRatio": 0.8241819190238492, "researchAndDevelopmentExpenses": 455000000, "generalAndAdministrativeExpenses": 385000000, "sellingAndMarketingExpenses": 0.0, "otherExpenses": 634000000, "operatingExpenses": 1474000000, "costAndExpenses": 2108000000, "interestExpense": 0.0, "depreciationAndAmortization": 93000000, "ebitda": 840000000, "ebitdaratio": 0.23294509151414308, "operatingIncome": 747000000, "operatingIncomeRatio": 0.20715474209650583, "totalOtherIncomeExpensesNet": 0.0, "incomeBeforeTax": 927000000, "incomeBeforeTaxRatio": 0.25707154742096505, "incomeTaxExpense": -202000000, "netIncome": 725000000, "netIncomeRatio": 0.20105379922351635, "eps": 0.83, "epsdiluted": 0.83, "weightedAverageShsOut": 1656000000, "weightedAverageShsOutDil": 1689000000, "link": "https://www.sec.gov/Archives/edgar/data/804328/000093639207000327/0000936392-07-000327-index.htm", "finalLink": "https://www.sec.gov/Archives/edgar/data/804328/000093639207000327/a29474e10vq.htm"}, {"date": "2006-12-31", "symbol": "QCOM", "fillingDate": "2007-01-24", "acceptedDate": "2007-01-24 16:12:09", "period": "Q1", "revenue": 634000000, "costOfRevenue": 634000000, "grossProfit": 0.0, "grossProfitRatio": 0.0, "researchAndDevelopmentExpenses": 440000000, "generalAndAdministrativeExpenses": 369000000, "sellingAndMarketingExpenses": 0.0, "otherExpenses": 634000000, "operatingExpenses": 1443000000, "costAndExpenses": 2077000000, "interestExpense": 0.0, "depreciationAndAmortization": 91000000, "ebitda": 667000000, "ebitdaratio": 1.0520504731861198, "operatingIncome": 576000000, "operatingIncomeRatio": 0.9085173501577287, "totalOtherIncomeExpensesNet": 0.0, "incomeBeforeTax": 779000000, "incomeBeforeTaxRatio": 1.2287066246056781, "incomeTaxExpense": -131000000, "netIncome": 648000000, "netIncomeRatio": 1.0220820189274449, "eps": 0.39, "epsdiluted": 0.39, "weightedAverageShsOut": 1653000000, "weightedAverageShsOutDil": 1685000000, "link": "https://www.sec.gov/Archives/edgar/data/804328/000093639207000046/0000936392-07-000046-index.htm", "finalLink": "https://www.sec.gov/Archives/edgar/data/804328/000093639207000046/a26643e10vq.htm"}, {"date": "2006-09-24", "symbol": "QCOM", "fillingDate": "2006-11-02", "acceptedDate": "2006-11-02 16:24:35", "period": "FY", "revenue": 1999000000, "costOfRevenue": 586000000, "grossProfit": 1413000000, "grossProfitRatio": 0.7068534267133567, "researchAndDevelopmentExpenses": 412000000, "generalAndAdministrativeExpenses": 321000000, "sellingAndMarketingExpenses": 0.0, "otherExpenses": 586000000, "operatingExpenses": 1319000000, "costAndExpenses": 1905000000, "interestExpense": 0.0, "depreciationAndAmortization": 82000000, "ebitda": 426000000, "ebitdaratio": 0.21310655327663833, "operatingIncome": 344000000, "operatingIncomeRatio": 0.17208604302151076, "totalOtherIncomeExpensesNet": 0.0, "incomeBeforeTax": 810000000, "incomeBeforeTaxRatio": 0.40520260130065033, "incomeTaxExpense": -196000000, "netIncome": 614000000, "netIncomeRatio": 0.3071535767883942, "eps": 1.49, "epsdiluted": 1.49, "weightedAverageShsOut": 1659000000, "weightedAverageShsOutDil": 1711000000, "link": "https://www.sec.gov/Archives/edgar/data/804328/000093639206000996/0000936392-06-000996-index.htm", "finalLink": "https://www.sec.gov/Archives/edgar/data/804328/000093639206000996/a24679e10vk.htm"}, {"date": "2006-06-25", "symbol": "QCOM", "fillingDate": "2006-07-19", "acceptedDate": "2006-07-19 16:13:55", "period": "Q3", "revenue": 4490000000, "costOfRevenue": 559000000, "grossProfit": 3931000000, "grossProfitRatio": 0.8755011135857461, "researchAndDevelopmentExpenses": 395000000, "generalAndAdministrativeExpenses": 293000000, "sellingAndMarketingExpenses": 0.0, "otherExpenses": 559000000, "operatingExpenses": 1247000000, "costAndExpenses": 1806000000, "interestExpense": 0.0, "depreciationAndAmortization": 69000000, "ebitda": 1110000000, "ebitdaratio": 0.24721603563474387, "operatingIncome": 1041000000, "operatingIncomeRatio": 0.23184855233853008, "totalOtherIncomeExpensesNet": 0.0, "incomeBeforeTax": 825000000, "incomeBeforeTaxRatio": 0.18374164810690424, "incomeTaxExpense": -182000000, "netIncome": 643000000, "netIncomeRatio": 0.14320712694877505, "eps": 1.12, "epsdiluted": 1.12, "weightedAverageShsOut": 1661000000, "weightedAverageShsOutDil": 1717000000, "link": "https://www.sec.gov/Archives/edgar/data/804328/000093639206000709/0000936392-06-000709-index.htm", "finalLink": "https://www.sec.gov/Archives/edgar/data/804328/000093639206000709/a22159e10vq.htm"}, {"date": "2006-03-26", "symbol": "QCOM", "fillingDate": "2006-04-19", "acceptedDate": "2006-04-19 16:42:53", "period": "Q2", "revenue": 520000000, "costOfRevenue": 520000000, "grossProfit": 0.0, "grossProfitRatio": 0.0, "researchAndDevelopmentExpenses": 391000000, "generalAndAdministrativeExpenses": 263000000, "sellingAndMarketingExpenses": 0.0, "otherExpenses": 520000000, "operatingExpenses": 1174000000, "costAndExpenses": 1694000000, "interestExpense": 0.0, "depreciationAndAmortization": 63000000, "ebitda": 723000000, "ebitdaratio": 1.3903846153846153, "operatingIncome": 660000000, "operatingIncomeRatio": 1.2692307692307692, "totalOtherIncomeExpensesNet": 0.0, "incomeBeforeTax": 785000000, "incomeBeforeTaxRatio": 1.5096153846153846, "incomeTaxExpense": -192000000, "netIncome": 593000000, "netIncomeRatio": 1.1403846153846153, "eps": 0.73, "epsdiluted": 0.73, "weightedAverageShsOut": 1655000000, "weightedAverageShsOutDil": 1711000000, "link": "https://www.sec.gov/Archives/edgar/data/804328/000093639206000386/0000936392-06-000386-index.htm", "finalLink": "https://www.sec.gov/Archives/edgar/data/804328/000093639206000386/a19688e10vq.htm"}, {"date": "2005-12-25", "symbol": "QCOM", "fillingDate": "2006-01-25", "acceptedDate": "2006-01-25 17:01:34", "period": "Q1", "revenue": 517000000, "costOfRevenue": 517000000, "grossProfit": 0.0, "grossProfitRatio": 0.0, "researchAndDevelopmentExpenses": 340000000, "generalAndAdministrativeExpenses": 239000000, "sellingAndMarketingExpenses": 0.0, "otherExpenses": 517000000, "operatingExpenses": 1096000000, "costAndExpenses": 1613000000, "interestExpense": 0.0, "depreciationAndAmortization": 58000000, "ebitda": 703000000, "ebitdaratio": 1.3597678916827853, "operatingIncome": 645000000, "operatingIncomeRatio": 1.2475822050290135, "totalOtherIncomeExpensesNet": 0.0, "incomeBeforeTax": 736000000, "incomeBeforeTaxRatio": 1.4235976789168279, "incomeTaxExpense": -116000000, "netIncome": 620000000, "netIncomeRatio": 1.1992263056092842, "eps": 0.38, "epsdiluted": 0.38, "weightedAverageShsOut": 1645000000, "weightedAverageShsOutDil": 1702000000, "link": "https://www.sec.gov/Archives/edgar/data/804328/000093639206000042/0000936392-06-000042-index.htm", "finalLink": "https://www.sec.gov/Archives/edgar/data/804328/000093639206000042/a16462e10vq.htm"}, {"date": "2005-09-25", "symbol": "QCOM", "fillingDate": "2005-11-02", "acceptedDate": "2005-11-02 17:17:00", "period": "FY", "revenue": 441000000, "costOfRevenue": 441000000, "grossProfit": 0.0, "grossProfitRatio": 0.0, "researchAndDevelopmentExpenses": 271000000, "generalAndAdministrativeExpenses": 179000000, "sellingAndMarketingExpenses": 0.0, "otherExpenses": 441000000, "operatingExpenses": 891000000, "costAndExpenses": 1332000000, "interestExpense": 0.0, "depreciationAndAmortization": 56000000, "ebitda": 726000000, "ebitdaratio": 1.6462585034013606, "operatingIncome": 670000000, "operatingIncomeRatio": 1.5192743764172336, "totalOtherIncomeExpensesNet": 0.0, "incomeBeforeTax": 786000000, "incomeBeforeTaxRatio": 1.782312925170068, "incomeTaxExpense": -248000000, "netIncome": 538000000, "netIncomeRatio": 1.219954648526077, "eps": 1.31, "epsdiluted": 1.31, "weightedAverageShsOut": 1638000000, "weightedAverageShsOutDil": 1694000000, "link": "https://www.sec.gov/Archives/edgar/data/804328/000093639205000362/0000936392-05-000362-index.htm", "finalLink": "https://www.sec.gov/Archives/edgar/data/804328/000093639205000362/a14009e10vk.htm"}, {"date": "2005-06-26", "symbol": "QCOM", "fillingDate": "2005-07-20", "acceptedDate": "2005-07-20 16:52:24", "period": "Q3", "revenue": 389000000, "costOfRevenue": 389000000, "grossProfit": 0.0, "grossProfitRatio": 0.0, "researchAndDevelopmentExpenses": 260000000, "generalAndAdministrativeExpenses": 149000000, "sellingAndMarketingExpenses": 0.0, "otherExpenses": 389000000, "operatingExpenses": 798000000, "costAndExpenses": 1187000000, "interestExpense": 0.0, "depreciationAndAmortization": 51000000, "ebitda": 611000000, "ebitdaratio": 1.570694087403599, "operatingIncome": 560000000, "operatingIncomeRatio": 1.4395886889460154, "totalOtherIncomeExpensesNet": 0.0, "incomeBeforeTax": 686000000, "incomeBeforeTaxRatio": 1.763496143958869, "incomeTaxExpense": -126000000, "netIncome": 560000000, "netIncomeRatio": 1.4395886889460154, "eps": 0.98, "epsdiluted": 0.98, "weightedAverageShsOut": 1640000000, "weightedAverageShsOutDil": 1697000000, "link": "https://www.sec.gov/Archives/edgar/data/804328/000095013705008889/0000950137-05-008889-index.htm", "finalLink": "https://www.sec.gov/Archives/edgar/data/804328/000095013705008889/a10805e10vq.htm"}, {"date": "2005-03-27", "symbol": "QCOM", "fillingDate": "2005-04-20", "acceptedDate": "2005-04-20 16:51:19", "period": "Q2", "revenue": 385000000, "costOfRevenue": 385000000, "grossProfit": 0.0, "grossProfitRatio": 0.0, "researchAndDevelopmentExpenses": 252000000, "generalAndAdministrativeExpenses": 155000000, "sellingAndMarketingExpenses": 0.0, "otherExpenses": 385000000, "operatingExpenses": 792000000, "costAndExpenses": 1177000000, "interestExpense": 0.0, "depreciationAndAmortization": 48000000, "ebitda": 620000000, "ebitdaratio": 1.6103896103896105, "operatingIncome": 572000000, "operatingIncomeRatio": 1.4857142857142858, "totalOtherIncomeExpensesNet": 0.0, "incomeBeforeTax": 633000000, "incomeBeforeTaxRatio": 1.6441558441558441, "incomeTaxExpense": -101000000, "netIncome": 532000000, "netIncomeRatio": 1.3818181818181818, "eps": 0.64, "epsdiluted": 0.64, "weightedAverageShsOut": 1643000000, "weightedAverageShsOutDil": 1704000000, "link": "https://www.sec.gov/Archives/edgar/data/804328/000093639205000099/0000936392-05-000099-index.htm", "finalLink": "https://www.sec.gov/Archives/edgar/data/804328/000093639205000099/a08084e10vq.htm"}, {"date": "2004-12-26", "symbol": "QCOM", "fillingDate": "2005-01-19", "acceptedDate": "2005-01-19 17:21:09", "period": "Q1", "revenue": 430000000, "costOfRevenue": 430000000, "grossProfit": 0.0, "grossProfitRatio": 0.0, "researchAndDevelopmentExpenses": 228000000, "generalAndAdministrativeExpenses": 148000000, "sellingAndMarketingExpenses": 0.0, "otherExpenses": 430000000, "operatingExpenses": 806000000, "costAndExpenses": 1236000000, "interestExpense": 0.0, "depreciationAndAmortization": 45000000, "ebitda": 629000000, "ebitdaratio": 1.4627906976744185, "operatingIncome": 584000000, "operatingIncomeRatio": 1.3581395348837209, "totalOtherIncomeExpensesNet": 0.0, "incomeBeforeTax": 704000000, "incomeBeforeTaxRatio": 1.6372093023255814, "incomeTaxExpense": -191000000, "netIncome": 513000000, "netIncomeRatio": 1.1930232558139535, "eps": 0.31, "epsdiluted": 0.31, "weightedAverageShsOut": 1639000000, "weightedAverageShsOutDil": 1704000000, "link": "https://www.sec.gov/Archives/edgar/data/804328/000095013705000531/0000950137-05-000531-index.htm", "finalLink": "https://www.sec.gov/Archives/edgar/data/804328/000095013705000531/a04746e10vq.htm"}, {"date": "2004-09-26", "symbol": "QCOM", "fillingDate": "2004-11-03", "acceptedDate": "2004-11-03 17:24:17", "period": "FY", "revenue": 1484000000, "costOfRevenue": 1484000000, "grossProfit": 0.0, "grossProfitRatio": 0.0, "researchAndDevelopmentExpenses": 720000000, "generalAndAdministrativeExpenses": 568000000, "sellingAndMarketingExpenses": 0.0, "otherExpenses": 1463000000, "operatingExpenses": 2751000000, "costAndExpenses": 4235000000, "interestExpense": 0.0, "depreciationAndAmortization": -120178000000, "ebitda": -118049000000, "ebitdaratio": -79.5478436657682, "operatingIncome": 2129000000, "operatingIncomeRatio": 1.4346361185983827, "totalOtherIncomeExpensesNet": 0.0, "incomeBeforeTax": 2313000000, "incomeBeforeTaxRatio": 1.5586253369272238, "incomeTaxExpense": -588000000, "netIncome": 1720000000, "netIncomeRatio": 1.1590296495956873, "eps": 1.07, "epsdiluted": 1.07, "weightedAverageShsOut": 1616000000, "weightedAverageShsOutDil": 1675000000, "link": "https://www.sec.gov/Archives/edgar/data/804328/000093639204000858/0000936392-04-000858-index.htm", "finalLink": "https://www.sec.gov/Archives/edgar/data/804328/000093639204000858/a02900e10vk.htm"}, {"date": "2004-06-27", "symbol": "QCOM", "fillingDate": "2004-07-21", "acceptedDate": "2004-07-21 17:19:11", "period": "Q3", "revenue": 369189000, "costOfRevenue": 369189000, "grossProfit": 0.0, "grossProfitRatio": 0.0, "researchAndDevelopmentExpenses": 193608000, "generalAndAdministrativeExpenses": 161799000, "sellingAndMarketingExpenses": 0.0, "otherExpenses": 363252000, "operatingExpenses": 718659000, "costAndExpenses": 1087848000, "interestExpense": -904000.0, "depreciationAndAmortization": 40183000, "ebitda": 662050000, "ebitdaratio": 1.7932549452990203, "operatingIncome": 621867000, "operatingIncomeRatio": 1.684413674296905, "totalOtherIncomeExpensesNet": 0.0, "incomeBeforeTax": 668053000, "incomeBeforeTaxRatio": 1.809514909707494, "incomeTaxExpense": -181629000, "netIncome": 486424000, "netIncomeRatio": 1.3175473808807954, "eps": 1.66, "epsdiluted": 1.66, "weightedAverageShsOut": 805843000, "weightedAverageShsOutDil": 834633000, "link": "https://www.sec.gov/Archives/edgar/data/804328/000093639204000768/0000936392-04-000768-index.htm", "finalLink": "https://www.sec.gov/Archives/edgar/data/804328/000093639204000768/a00338e10vq.htm"}, {"date": "2004-03-28", "symbol": "QCOM", "fillingDate": "2004-04-21", "acceptedDate": "2004-04-21 17:24:09", "period": "Q2", "revenue": 296334000, "costOfRevenue": 296334000, "grossProfit": 0.0, "grossProfitRatio": 0.0, "researchAndDevelopmentExpenses": 169023000, "generalAndAdministrativeExpenses": 123392000, "sellingAndMarketingExpenses": 0.0, "otherExpenses": 252998000, "operatingExpenses": 545413000, "costAndExpenses": 841747000, "interestExpense": -7664000.0, "depreciationAndAmortization": 31603000, "ebitda": 666315000, "ebitdaratio": 2.2485269999392576, "operatingIncome": 634712000, "operatingIncomeRatio": 2.141880445713283, "totalOtherIncomeExpensesNet": 0.0, "incomeBeforeTax": 673835000, "incomeBeforeTaxRatio": 2.273903770745173, "incomeTaxExpense": -174310000, "netIncome": 488437000, "netIncomeRatio": 1.6482651332617924, "eps": 1.06, "epsdiluted": 1.06, "weightedAverageShsOut": 803324000, "weightedAverageShsOutDil": 831391000, "link": "https://www.sec.gov/Archives/edgar/data/804328/000093639204000407/0000936392-04-000407-index.htm", "finalLink": "https://www.sec.gov/Archives/edgar/data/804328/000093639204000407/a98252e10vq.htm"}, {"date": "2003-12-28", "symbol": "QCOM", "fillingDate": "2004-01-21", "acceptedDate": "2004-01-21 17:10:20", "period": "Q1", "revenue": 408531000, "costOfRevenue": 408531000, "grossProfit": 0.0, "grossProfitRatio": 0.0, "researchAndDevelopmentExpenses": 149938000, "generalAndAdministrativeExpenses": 136889000, "sellingAndMarketingExpenses": 0.0, "otherExpenses": 445030000, "operatingExpenses": 731857000, "costAndExpenses": 1140388000, "interestExpense": 8568000.0, "depreciationAndAmortization": 48555000, "ebitda": 558795000, "ebitdaratio": 1.3678154167003238, "operatingIncome": 510240000, "operatingIncomeRatio": 1.2489627470130786, "totalOtherIncomeExpensesNet": 0.0, "incomeBeforeTax": 539581000, "incomeBeforeTaxRatio": 1.3207834901145812, "incomeTaxExpense": -187288000, "netIncome": 352293000, "netIncomeRatio": 0.8623409239445722, "eps": 0.44, "epsdiluted": 0.43, "weightedAverageShsOut": 800665909, "weightedAverageShsOutDil": 819286046, "link": "https://www.sec.gov/Archives/edgar/data/804328/000093639204000041/0000936392-04-000041-index.htm", "finalLink": "https://www.sec.gov/Archives/edgar/data/804328/000093639204000041/a95740e10vq.htm"}, {"date": "2003-09-28", "symbol": "QCOM", "fillingDate": "2003-11-05", "acceptedDate": "2003-11-05 17:15:06", "period": "FY", "revenue": 333216000, "costOfRevenue": 333216000, "grossProfit": 0.0, "grossProfitRatio": 0.0, "researchAndDevelopmentExpenses": 143297000, "generalAndAdministrativeExpenses": 133706000, "sellingAndMarketingExpenses": 0.0, "otherExpenses": 335598000, "operatingExpenses": 612601000, "costAndExpenses": 945817000, "interestExpense": 10186000, "depreciationAndAmortization": 47125000, "ebitda": 343340000, "ebitdaratio": 1.0303826947085375, "operatingIncome": 296215000, "operatingIncomeRatio": 0.8889579131854413, "totalOtherIncomeExpensesNet": 0.0, "incomeBeforeTax": 310531000, "incomeBeforeTaxRatio": 0.9319210362047441, "incomeTaxExpense": -19129000, "netIncome": 291402000, "netIncomeRatio": 0.8745138288677614, "eps": 1.05, "epsdiluted": 1.05, "weightedAverageShsOut": 789586000, "weightedAverageShsOutDil": 817755000, "link": "https://www.sec.gov/Archives/edgar/data/804328/000093639203001502/0000936392-03-001502-index.htm", "finalLink": "https://www.sec.gov/Archives/edgar/data/804328/000093639203001502/a94029e10vk.htm"}, {"date": "2003-06-29", "symbol": "QCOM", "fillingDate": "2003-07-23", "acceptedDate": "2003-07-23 17:25:23", "period": "Q3", "revenue": 326902000, "costOfRevenue": 326902000, "grossProfit": 0.0, "grossProfitRatio": 0.0, "researchAndDevelopmentExpenses": 135690000, "generalAndAdministrativeExpenses": 117486000, "sellingAndMarketingExpenses": 0.0, "otherExpenses": 1266621000, "operatingExpenses": 1519797000, "costAndExpenses": 1846699000, "interestExpense": 9763000.0, "depreciationAndAmortization": 43043000, "ebitda": 378865000, "ebitdaratio": 1.15895589503888, "operatingIncome": 335822000, "operatingIncomeRatio": 1.027286465056806, "totalOtherIncomeExpensesNet": 0.0, "incomeBeforeTax": 370491000, "incomeBeforeTaxRatio": 1.1333396553095423, "incomeTaxExpense": -178802000, "netIncome": 191689000, "netIncomeRatio": 0.5863806278334179, "eps": 0.68, "epsdiluted": 0.66, "weightedAverageShsOut": 787606000, "weightedAverageShsOutDil": 816563000, "link": "https://www.sec.gov/Archives/edgar/data/804328/000093639203000969/0000936392-03-000969-index.htm", "finalLink": "https://www.sec.gov/Archives/edgar/data/804328/000093639203000969/a91623e10vq.htm"}, {"date": "2003-03-30", "symbol": "QCOM", "fillingDate": "2003-04-23", "acceptedDate": "2003-04-23 16:27:34", "period": "Q2", "revenue": 381928000, "costOfRevenue": 381928000, "grossProfit": 0.0, "grossProfitRatio": 0.0, "researchAndDevelopmentExpenses": 131801000, "generalAndAdministrativeExpenses": 135724000, "sellingAndMarketingExpenses": 0.0, "otherExpenses": -389973000, "operatingExpenses": -122448000, "costAndExpenses": 259480000, "interestExpense": 3879000.0, "depreciationAndAmortization": 46349000, "ebitda": 277829000, "ebitdaratio": 0.7274381558827842, "operatingIncome": 231480000, "operatingIncomeRatio": 0.6060828218931317, "totalOtherIncomeExpensesNet": 0.0, "incomeBeforeTax": 214876000, "incomeBeforeTaxRatio": 0.562608659223728, "incomeTaxExpense": -111860000, "netIncome": 103016000, "netIncomeRatio": 0.2697262311220963, "eps": 0.44, "epsdiluted": 0.42, "weightedAverageShsOut": 786153000, "weightedAverageShsOutDil": 816916000, "link": "https://www.sec.gov/Archives/edgar/data/804328/000093639203000531/0000936392-03-000531-index.htm", "finalLink": "https://www.sec.gov/Archives/edgar/data/804328/000093639203000531/a89297e10vq.htm"}, {"date": "2002-12-29", "symbol": "QCOM", "fillingDate": "2003-01-22", "acceptedDate": "2003-01-22 16:56:05", "period": "Q1", "revenue": 388001000, "costOfRevenue": 388001000, "grossProfit": 0.0, "grossProfitRatio": 0.0, "researchAndDevelopmentExpenses": 112479000, "generalAndAdministrativeExpenses": 147999000, "sellingAndMarketingExpenses": 0.0, "otherExpenses": 389973000, "operatingExpenses": 650451000, "costAndExpenses": 1038452000, "interestExpense": 6881000.0, "depreciationAndAmortization": 43177000, "ebitda": 489895000, "ebitdaratio": 1.262612725224935, "operatingIncome": 446718000, "operatingIncomeRatio": 1.1513320841956594, "totalOtherIncomeExpensesNet": 0.0, "incomeBeforeTax": 389249000, "incomeBeforeTaxRatio": 1.003216486555447, "incomeTaxExpense": -147915000, "netIncome": 241334000, "netIncomeRatio": 0.621993242285458, "eps": 0.31, "epsdiluted": 0.3, "weightedAverageShsOut": 783280000, "weightedAverageShsOutDil": 815745000, "link": "https://www.sec.gov/Archives/edgar/data/804328/000093639203000045/0000936392-03-000045-index.htm", "finalLink": "https://www.sec.gov/Archives/edgar/data/804328/000093639203000045/a87070e10vq.htm"}, {"date": "2002-09-29", "symbol": "QCOM", "fillingDate": "2002-11-26", "acceptedDate": "2002-11-26 17:05:50", "period": "FY", "revenue": 1137360000, "costOfRevenue": 1137360000, "grossProfit": 0.0, "grossProfitRatio": 0.0, "researchAndDevelopmentExpenses": 451678000, "generalAndAdministrativeExpenses": 508644000, "sellingAndMarketingExpenses": 0.0, "otherExpenses": 1405970000, "operatingExpenses": 2366292000, "costAndExpenses": 3503652000, "interestExpense": 25731000, "depreciationAndAmortization": 109160000, "ebitda": 782428000, "ebitdaratio": 0.6879334599423226, "operatingIncome": 673268000, "operatingIncomeRatio": 0.5919568122670043, "totalOtherIncomeExpensesNet": 0.0, "incomeBeforeTax": 461125000, "incomeBeforeTaxRatio": 0.4054345150172329, "incomeTaxExpense": -101448000, "netIncome": 359677000, "netIncomeRatio": 0.3162384820988957, "eps": 0.47, "epsdiluted": 0.47, "weightedAverageShsOut": 770887000, "weightedAverageShsOutDil": 809329000, "link": "https://www.sec.gov/Archives/edgar/data/804328/000093639202001489/0000936392-02-001489-index.htm", "finalLink": "https://www.sec.gov/Archives/edgar/data/804328/000093639202001489/a85543e10vk.htm"}, {"date": "2002-06-30", "symbol": "QCOM", "fillingDate": "2002-07-25", "acceptedDate": "2002-07-25 17:12:00", "period": "Q3", "revenue": 770917000, "costOfRevenue": 288162000, "grossProfit": 482755000, "grossProfitRatio": 0.6262087877164467, "researchAndDevelopmentExpenses": 118086000, "generalAndAdministrativeExpenses": 152072000, "sellingAndMarketingExpenses": 0.0, "otherExpenses": 362141000, "operatingExpenses": 632299000, "costAndExpenses": 920461000, "interestExpense": 8639000.0, "depreciationAndAmortization": 104657000, "ebitda": 243275000, "ebitdaratio": 0.3155657483231009, "operatingIncome": 138618000, "operatingIncomeRatio": 0.1798092401646351, "totalOtherIncomeExpensesNet": 0.0, "incomeBeforeTax": -54144000, "incomeBeforeTaxRatio": -0.07023324171084566, "incomeTaxExpense": 40376000, "netIncome": 111538000, "netIncomeRatio": 0.14468224205718644, "eps": 0.22, "epsdiluted": 0.22, "weightedAverageShsOut": 768663000, "weightedAverageShsOutDil": 809169000, "link": "https://www.sec.gov/Archives/edgar/data/804328/000093639202000876/0000936392-02-000876-index.htm", "finalLink": "https://www.sec.gov/Archives/edgar/data/804328/000093639202000876/a83070e10vq.htm"}, {"date": "2002-03-31", "symbol": "QCOM", "fillingDate": "2002-04-24", "acceptedDate": "2002-04-24 00:00:00", "period": "Q2", "revenue": 696115000, "costOfRevenue": 291914000, "grossProfit": 404201000, "grossProfitRatio": 0.5806526220523908, "researchAndDevelopmentExpenses": 116755000, "generalAndAdministrativeExpenses": 123960000, "sellingAndMarketingExpenses": 0.0, "otherExpenses": 355596000, "operatingExpenses": 596311000, "costAndExpenses": 888225000, "interestExpense": 6156000.0, "depreciationAndAmortization": 96793000, "ebitda": 196597000, "ebitdaratio": 0.28242028975097505, "operatingIncome": 99804000, "operatingIncomeRatio": 0.14337286224258922, "totalOtherIncomeExpensesNet": 0.0, "incomeBeforeTax": 68641000, "incomeBeforeTaxRatio": 0.09860583380619582, "incomeTaxExpense": -24711000, "netIncome": 43930000, "netIncomeRatio": 0.06310738886534553, "eps": 0.24, "epsdiluted": 0.24, "weightedAverageShsOut": 766431000, "weightedAverageShsOutDil": 809285000, "link": "https://www.sec.gov/Archives/edgar/data/804328/000093639202000464/0000936392-02-000464-index.htm", "finalLink": "https://www.sec.gov/Archives/edgar/data/804328/000093639202000464/a81020e10-q.htm"}, {"date": "2001-12-30", "symbol": "QCOM", "fillingDate": "2002-01-25", "acceptedDate": "2002-01-25 00:00:00", "period": "Q1", "revenue": 698642000, "costOfRevenue": 245197000, "grossProfit": 453445000, "grossProfitRatio": 0.6490377045754478, "researchAndDevelopmentExpenses": 106868000, "generalAndAdministrativeExpenses": 100765000, "sellingAndMarketingExpenses": 0.0, "otherExpenses": 308928000, "operatingExpenses": 516561000, "costAndExpenses": 761758000, "interestExpense": 2562000.0, "depreciationAndAmortization": 83647000, "ebitda": 265728000, "ebitdaratio": 0.38034930622550606, "operatingIncome": 182081000, "operatingIncomeRatio": 0.2606213196458272, "totalOtherIncomeExpensesNet": 0.0, "incomeBeforeTax": 217551000, "incomeBeforeTaxRatio": 0.3113912418663636, "incomeTaxExpense": -78318000, "netIncome": 139233000, "netIncomeRatio": 0.1992909100798406, "eps": 0.18, "epsdiluted": 0.18, "weightedAverageShsOut": 764959000, "weightedAverageShsOutDil": 809574000, "link": "https://www.sec.gov/Archives/edgar/data/804328/000093639202000054/0000936392-02-000054-index.htm", "finalLink": "https://www.sec.gov/Archives/edgar/data/804328/000093639202000054/a78634e10-q.htm"}, {"date": "2001-09-30", "symbol": "QCOM", "fillingDate": "2001-11-09", "acceptedDate": "2001-11-09 00:00:00", "period": "FY", "revenue": 642483000, "costOfRevenue": 252815000, "grossProfit": 389668000, "grossProfitRatio": 0.6065032070887478, "researchAndDevelopmentExpenses": 114970000, "generalAndAdministrativeExpenses": 95744000, "sellingAndMarketingExpenses": 0.0, "otherExpenses": 350064000, "operatingExpenses": 560778000, "costAndExpenses": 813593000, "interestExpense": 166000.0, "depreciationAndAmortization": 79867000, "ebitda": 161572000, "ebitdaratio": 0.25148058392206485, "operatingIncome": 81705000, "operatingIncomeRatio": 0.1271706800024281, "totalOtherIncomeExpensesNet": 0.0, "incomeBeforeTax": 42843000, "incomeBeforeTaxRatio": 0.06668347644996055, "incomeTaxExpense": -90427000, "netIncome": 133270000, "netIncomeRatio": 0.20742961292361042, "eps": -0.71, "epsdiluted": -0.71, "weightedAverageShsOut": 755969000, "weightedAverageShsOutDil": 755969000, "link": "https://www.sec.gov/Archives/edgar/data/804328/000093639201500225/0000936392-01-500225-index.htm", "finalLink": "https://www.sec.gov/Archives/edgar/data/804328/000093639201500225/a76829e10-k.htm"}, {"date": "2001-07-01", "symbol": "QCOM", "fillingDate": "2001-07-27", "acceptedDate": "2001-07-27 00:00:00", "period": "Q3", "revenue": 640027000, "costOfRevenue": 232870000, "grossProfit": 407157000, "grossProfitRatio": 0.6361559746698187, "researchAndDevelopmentExpenses": 107414000, "generalAndAdministrativeExpenses": 104175000, "sellingAndMarketingExpenses": 0.0, "otherExpenses": 323219000, "operatingExpenses": 534808000, "costAndExpenses": 767678000, "interestExpense": -16000.0, "depreciationAndAmortization": 78609000, "ebitda": 183828000, "ebitdaratio": 0.28721913294282897, "operatingIncome": 105219000, "operatingIncomeRatio": 0.16439775196983877, "totalOtherIncomeExpensesNet": 0.0, "incomeBeforeTax": -90082000, "incomeBeforeTaxRatio": -0.1407471872280388, "incomeTaxExpense": -184654000, "netIncome": -375403000, "netIncomeRatio": -0.5865424427406969, "eps": -0.64, "epsdiluted": -0.64, "weightedAverageShsOut": 754055000, "weightedAverageShsOutDil": 754055000, "link": "https://www.sec.gov/Archives/edgar/data/804328/000109581101503433/0001095811-01-503433-index.htm", "finalLink": "https://www.sec.gov/Archives/edgar/data/804328/000109581101503433/a74431e10-q.htm"}]