[{"date": "2020-04-03", "symbol": "WDC", "fillingDate": "2020-05-08", "acceptedDate": "2020-05-08 16:08:44", "period": "Q3", "revenue": 4175000000, "costOfRevenue": 3170000000, "grossProfit": 1005000000, "grossProfitRatio": 0.2407185628742515, "researchAndDevelopmentExpenses": 563000000, "generalAndAdministrativeExpenses": 281000000, "sellingAndMarketingExpenses": 0.0, "otherExpenses": 8000000.0, "operatingExpenses": 852000000, "costAndExpenses": 4022000000, "interestExpense": 99000000, "depreciationAndAmortization": 394000000, "ebitda": 547000000, "ebitdaratio": 0.131017964072, "operatingIncome": 153000000, "operatingIncomeRatio": 0.0366467065868, "totalOtherIncomeExpensesNet": -107000000, "incomeBeforeTax": 46000000, "incomeBeforeTaxRatio": 0.0110179640719, "incomeTaxExpense": 29000000, "netIncome": 17000000, "netIncomeRatio": 0.00407185628743, "eps": 0.06, "epsdiluted": 0.06, "weightedAverageShsOut": 298000000, "weightedAverageShsOutDil": 298000000, "link": "https://www.sec.gov/Archives/edgar/data/106040/000010604020000024/0000106040-20-000024-index.htm", "finalLink": "https://www.sec.gov/Archives/edgar/data/106040/000010604020000024/wdc-20200403.htm"}, {"date": "2020-01-03", "symbol": "WDC", "fillingDate": "2020-02-11", "acceptedDate": "2020-02-10 17:35:04", "period": "Q2", "revenue": 4234000000, "costOfRevenue": 3299000000, "grossProfit": 935000000, "grossProfitRatio": 0.22083136513934815, "researchAndDevelopmentExpenses": 578000000, "generalAndAdministrativeExpenses": 298000000, "sellingAndMarketingExpenses": 0.0, "otherExpenses": 9000000.0, "operatingExpenses": 885000000, "costAndExpenses": 4184000000, "interestExpense": 105000000, "depreciationAndAmortization": 409000000, "ebitda": 459000000, "ebitdaratio": 0.108408124705, "operatingIncome": 50000000, "operatingIncomeRatio": 0.0118091639112, "totalOtherIncomeExpensesNet": -90000000, "incomeBeforeTax": -40000000, "incomeBeforeTaxRatio": -0.00944733112896, "incomeTaxExpense": 99000000, "netIncome": -139000000, "netIncomeRatio": -0.0328294756731, "eps": -0.47, "epsdiluted": -0.47, "weightedAverageShsOut": 297000000, "weightedAverageShsOutDil": 297000000, "link": "https://www.sec.gov/Archives/edgar/data/106040/000010604020000011/0000106040-20-000011-index.htm", "finalLink": "https://www.sec.gov/Archives/edgar/data/106040/000010604020000011/wdc-2020q210xqdoc.htm"}, {"date": "2019-10-04", "symbol": "WDC", "fillingDate": "2019-11-12", "acceptedDate": "2019-11-12 17:21:18", "period": "Q1", "revenue": 4040000000, "costOfRevenue": 3282000000, "grossProfit": 758000000, "grossProfitRatio": 0.18762376237623762, "researchAndDevelopmentExpenses": 574000000, "generalAndAdministrativeExpenses": 305000000, "sellingAndMarketingExpenses": 0.0, "otherExpenses": 8000000.0, "operatingExpenses": 887000000, "costAndExpenses": 4169000000, "interestExpense": 122000000, "depreciationAndAmortization": 416000000, "ebitda": 287000000, "ebitdaratio": 0.0710396039604, "operatingIncome": -129000000, "operatingIncomeRatio": -0.0319306930693, "totalOtherIncomeExpensesNet": -108000000, "incomeBeforeTax": -237000000, "incomeBeforeTaxRatio": -0.0586633663366, "incomeTaxExpense": 39000000, "netIncome": -276000000, "netIncomeRatio": -0.0683168316832, "eps": -0.93, "epsdiluted": -0.93, "weightedAverageShsOut": 296000000, "weightedAverageShsOutDil": 296000000, "link": "https://www.sec.gov/Archives/edgar/data/106040/000010604019000075/0000106040-19-000075-index.htm", "finalLink": "https://www.sec.gov/Archives/edgar/data/106040/000010604019000075/wdc-2020q110xqdoc.htm"}, {"date": "2019-06-28", "symbol": "WDC", "fillingDate": "2019-08-27", "acceptedDate": "2019-08-27 14:53:35", "period": "FY", "revenue": 3634000000, "costOfRevenue": 3169000000, "grossProfit": 465000000, "grossProfitRatio": 0.12795817281232802, "researchAndDevelopmentExpenses": 523000000, "generalAndAdministrativeExpenses": 299000000, "sellingAndMarketingExpenses": 0.0, "otherExpenses": 24000000, "operatingExpenses": 846000000, "costAndExpenses": 4015000000, "interestExpense": 117000000, "depreciationAndAmortization": 426000000, "ebitda": 45000000, "ebitdaratio": 0.0123830489818, "operatingIncome": -381000000, "operatingIncomeRatio": -0.104843148046, "totalOtherIncomeExpensesNet": -93000000, "incomeBeforeTax": -970000000, "incomeBeforeTaxRatio": -0.266923500275, "incomeTaxExpense": -277000000, "netIncome": -197000000, "netIncomeRatio": -0.0542102366538, "eps": -0.67, "epsdiluted": -0.67, "weightedAverageShsOut": 292000000, "weightedAverageShsOutDil": 292000000, "link": "https://www.sec.gov/Archives/edgar/data/106040/000010604019000058/0000106040-19-000058-index.htm", "finalLink": "https://www.sec.gov/Archives/edgar/data/106040/000010604019000058/wdc-2019q410xkdoc.htm"}, {"date": "2019-03-29", "symbol": "WDC", "fillingDate": "2019-05-07", "acceptedDate": "2019-05-06 21:39:00", "period": "Q3", "revenue": 3674000000, "costOfRevenue": 3095000000, "grossProfit": 579000000, "grossProfitRatio": 0.15759390310288515, "researchAndDevelopmentExpenses": 544000000, "generalAndAdministrativeExpenses": 353000000, "sellingAndMarketingExpenses": 0.0, "otherExpenses": 76000000, "operatingExpenses": 973000000, "costAndExpenses": 4068000000, "interestExpense": 118000000, "depreciationAndAmortization": 453000000, "ebitda": 59000000, "ebitdaratio": 0.0160587915079, "operatingIncome": -394000000, "operatingIncomeRatio": -0.107240065324, "totalOtherIncomeExpensesNet": -83000000, "incomeBeforeTax": -477000000, "incomeBeforeTaxRatio": -0.129831246598, "incomeTaxExpense": 104000000, "netIncome": -581000000, "netIncomeRatio": -0.158138268917, "eps": -1.99, "epsdiluted": -1.99, "weightedAverageShsOut": 291000000, "weightedAverageShsOutDil": 291000000, "link": "https://www.sec.gov/Archives/edgar/data/106040/000010604019000028/0000106040-19-000028-index.htm", "finalLink": "https://www.sec.gov/Archives/edgar/data/106040/000010604019000028/wdc-2019q310xqdoc.htm"}, {"date": "2018-12-28", "symbol": "WDC", "fillingDate": "2019-02-05", "acceptedDate": "2019-02-04 20:16:04", "period": "Q2", "revenue": 4233000000, "costOfRevenue": 3189000000, "grossProfit": 1044000000, "grossProfitRatio": 0.24663359319631467, "researchAndDevelopmentExpenses": 539000000, "generalAndAdministrativeExpenses": 309000000, "sellingAndMarketingExpenses": 0.0, "otherExpenses": 20000000, "operatingExpenses": 868000000, "costAndExpenses": 4057000000, "interestExpense": 118000000, "depreciationAndAmortization": 482000000, "ebitda": 658000000, "ebitdaratio": 0.155445310654, "operatingIncome": 176000000, "operatingIncomeRatio": 0.0415780770139, "totalOtherIncomeExpensesNet": -95000000, "incomeBeforeTax": 81000000, "incomeBeforeTaxRatio": 0.0191353649894, "incomeTaxExpense": 568000000, "netIncome": -487000000, "netIncomeRatio": -0.11504842901, "eps": -1.67, "epsdiluted": -1.63, "weightedAverageShsOut": 291000000, "weightedAverageShsOutDil": 296000000, "link": "https://www.sec.gov/Archives/edgar/data/106040/000010604019000009/0000106040-19-000009-index.htm", "finalLink": "https://www.sec.gov/Archives/edgar/data/106040/000010604019000009/wdc-2019q210xqdoc.htm"}, {"date": "2018-09-28", "symbol": "WDC", "fillingDate": "2018-11-06", "acceptedDate": "2018-11-05 20:47:13", "period": "Q1", "revenue": 5028000000, "costOfRevenue": 3364000000, "grossProfit": 1664000000, "grossProfitRatio": 0.3309466984884646, "researchAndDevelopmentExpenses": 576000000, "generalAndAdministrativeExpenses": 356000000, "sellingAndMarketingExpenses": 0.0, "otherExpenses": 46000000, "operatingExpenses": 978000000, "costAndExpenses": 4342000000, "interestExpense": 116000000, "depreciationAndAmortization": 489000000, "ebitda": 1175000000, "ebitdaratio": 0.23369132856, "operatingIncome": 686000000, "operatingIncomeRatio": 0.136435958632, "totalOtherIncomeExpensesNet": -103000000, "incomeBeforeTax": 583000000, "incomeBeforeTaxRatio": 0.115950676213, "incomeTaxExpense": 72000000, "netIncome": 511000000, "netIncomeRatio": 0.101630867144, "eps": 1.75, "epsdiluted": 1.71, "weightedAverageShsOut": 292000000, "weightedAverageShsOutDil": 298000000, "link": "https://www.sec.gov/Archives/edgar/data/106040/000010604018000034/0000106040-18-000034-index.htm", "finalLink": "https://www.sec.gov/Archives/edgar/data/106040/000010604018000034/wdc-2019q110xqdoc.htm"}, {"date": "2018-06-29", "symbol": "WDC", "fillingDate": "2018-08-24", "acceptedDate": "2018-08-24 16:45:52", "period": "FY", "revenue": 5117000000, "costOfRevenue": 3265000000, "grossProfit": 1852000000, "grossProfitRatio": 0.36193081883916356, "researchAndDevelopmentExpenses": 577000000, "generalAndAdministrativeExpenses": 352000000, "sellingAndMarketingExpenses": 0.0, "otherExpenses": 80000000, "operatingExpenses": 1009000000, "costAndExpenses": 4274000000, "interestExpense": 114000000, "depreciationAndAmortization": 502000000, "ebitda": 1345000000, "ebitdaratio": 0.262849325777, "operatingIncome": 843000000, "operatingIncomeRatio": 0.164744967755, "totalOtherIncomeExpensesNet": -114000000, "incomeBeforeTax": 729000000, "incomeBeforeTaxRatio": 0.142466288841, "incomeTaxExpense": -27000000, "netIncome": 756000000, "netIncomeRatio": 0.147742818057, "eps": 2.54, "epsdiluted": 2.47, "weightedAverageShsOut": 297000000, "weightedAverageShsOutDil": 307000000, "link": "https://www.sec.gov/Archives/edgar/data/106040/000010604018000029/0000106040-18-000029-index.htm", "finalLink": "https://www.sec.gov/Archives/edgar/data/106040/000010604018000029/wdc-2018q410xkdoc.htm"}, {"date": "2018-03-30", "symbol": "WDC", "fillingDate": "2018-05-08", "acceptedDate": "2018-05-07 18:27:39", "period": "Q3", "revenue": 5013000000, "costOfRevenue": 3086000000, "grossProfit": 1927000000, "grossProfitRatio": 0.3844005585477758, "researchAndDevelopmentExpenses": 602000000, "generalAndAdministrativeExpenses": 376000000, "sellingAndMarketingExpenses": 0.0, "otherExpenses": 35000000, "operatingExpenses": 1013000000, "costAndExpenses": 4099000000, "interestExpense": 160000000, "depreciationAndAmortization": 684000000, "ebitda": 1598000000, "ebitdaratio": 0.318771194893, "operatingIncome": 914000000, "operatingIncomeRatio": 0.182325952523, "totalOtherIncomeExpensesNet": -1042000000, "incomeBeforeTax": -128000000, "incomeBeforeTaxRatio": -0.0255336126072, "incomeTaxExpense": -189000000, "netIncome": 61000000, "netIncomeRatio": 0.0121683622581, "eps": 0.21, "epsdiluted": 0.21, "weightedAverageShsOut": 296000000, "weightedAverageShsOutDil": 296000000, "link": "https://www.sec.gov/Archives/edgar/data/106040/000010604018000016/0000106040-18-000016-index.htm", "finalLink": "https://www.sec.gov/Archives/edgar/data/106040/000010604018000016/wdc-2018q310xqxdoc.htm"}, {"date": "2017-12-29", "symbol": "WDC", "fillingDate": "2018-02-06", "acceptedDate": "2018-02-05 21:42:38", "period": "Q2", "revenue": 5336000000, "costOfRevenue": 3323000000, "grossProfit": 2013000000, "grossProfitRatio": 0.37724887556221887, "researchAndDevelopmentExpenses": 629000000, "generalAndAdministrativeExpenses": 381000000, "sellingAndMarketingExpenses": 0.0, "otherExpenses": 48000000, "operatingExpenses": 1058000000, "costAndExpenses": 4381000000, "interestExpense": 197000000, "depreciationAndAmortization": 548000000, "ebitda": 1503000000, "ebitdaratio": 0.281671664168, "operatingIncome": 955000000, "operatingIncomeRatio": 0.178973013493, "totalOtherIncomeExpensesNet": -181000000, "incomeBeforeTax": 774000000, "incomeBeforeTaxRatio": 0.145052473763, "incomeTaxExpense": 1597000000, "netIncome": -823000000, "netIncomeRatio": -0.154235382309, "eps": -2.79, "epsdiluted": -2.71, "weightedAverageShsOut": 295000000, "weightedAverageShsOutDil": 295000000, "link": "https://www.sec.gov/Archives/edgar/data/106040/000010604018000010/0000106040-18-000010-index.htm", "finalLink": "https://www.sec.gov/Archives/edgar/data/106040/000010604018000010/wdc-2018q210xqxdoc.htm"}, {"date": "2017-09-29", "symbol": "WDC", "fillingDate": "2017-11-07", "acceptedDate": "2017-11-06 21:17:15", "period": "Q1", "revenue": 5181000000, "costOfRevenue": 3268000000, "grossProfit": 1913000000, "grossProfitRatio": 0.36923373866049025, "researchAndDevelopmentExpenses": 592000000, "generalAndAdministrativeExpenses": 364000000, "sellingAndMarketingExpenses": 0.0, "otherExpenses": 52000000, "operatingExpenses": 1008000000, "costAndExpenses": 4276000000, "interestExpense": 205000000, "depreciationAndAmortization": 543000000, "ebitda": 1448000000, "ebitdaratio": 0.279482725343, "operatingIncome": 905000000, "operatingIncomeRatio": 0.174676703339, "totalOtherIncomeExpensesNet": -195000000, "incomeBeforeTax": 710000000, "incomeBeforeTaxRatio": 0.137039181625, "incomeTaxExpense": 29000000, "netIncome": 681000000, "netIncomeRatio": 0.131441806601, "eps": 2.31, "epsdiluted": 2.23, "weightedAverageShsOut": 295000000, "weightedAverageShsOutDil": 306000000, "link": "https://www.sec.gov/Archives/edgar/data/106040/000010604017000036/0000106040-17-000036-index.htm", "finalLink": "https://www.sec.gov/Archives/edgar/data/106040/000010604017000036/wdc-2018q110xqxdoc.htm"}, {"date": "2017-06-30", "symbol": "WDC", "fillingDate": "2017-08-29", "acceptedDate": "2017-08-28 21:32:48", "period": "FY", "revenue": 4842000000, "costOfRevenue": 3161000000, "grossProfit": 1681000000, "grossProfitRatio": 0.34717059066501443, "researchAndDevelopmentExpenses": 604000000, "generalAndAdministrativeExpenses": 345000000, "sellingAndMarketingExpenses": 0.0, "otherExpenses": 80000000, "operatingExpenses": 1029000000, "costAndExpenses": 4190000000, "interestExpense": 201000000, "depreciationAndAmortization": 556000000, "ebitda": 1208000000, "ebitdaratio": 0.249483684428, "operatingIncome": 652000000, "operatingIncomeRatio": 0.134655101198, "totalOtherIncomeExpensesNet": -237000000, "incomeBeforeTax": 415000000, "incomeBeforeTaxRatio": 0.0857083849649, "incomeTaxExpense": 135000000, "netIncome": 280000000, "netIncomeRatio": 0.0578273440727, "eps": 0.97, "epsdiluted": 0.94, "weightedAverageShsOut": 288000000, "weightedAverageShsOutDil": 296000000, "link": "https://www.sec.gov/Archives/edgar/data/106040/000010604017000027/0000106040-17-000027-index.htm", "finalLink": "https://www.sec.gov/Archives/edgar/data/106040/000010604017000027/wdc-2017q410xkxdoc.htm"}, {"date": "2017-03-31", "symbol": "WDC", "fillingDate": "2017-05-08", "acceptedDate": "2017-05-08 17:18:58", "period": "Q3", "revenue": 4649000000, "costOfRevenue": 3126000000, "grossProfit": 1523000000, "grossProfitRatio": 0.3275973327597333, "researchAndDevelopmentExpenses": 613000000, "generalAndAdministrativeExpenses": 346000000, "sellingAndMarketingExpenses": 0.0, "otherExpenses": 39000000, "operatingExpenses": 998000000, "costAndExpenses": 4124000000, "interestExpense": 205000000, "depreciationAndAmortization": 577000000, "ebitda": 1102000000, "ebitdaratio": 0.237040223704, "operatingIncome": 525000000, "operatingIncomeRatio": 0.112927511293, "totalOtherIncomeExpensesNet": -221000000, "incomeBeforeTax": 304000000, "incomeBeforeTaxRatio": 0.065390406539, "incomeTaxExpense": 56000000, "netIncome": 248000000, "netIncomeRatio": 0.0533448053345, "eps": 0.87, "epsdiluted": 0.86, "weightedAverageShsOut": 287000000, "weightedAverageShsOutDil": 295000000, "link": "https://www.sec.gov/Archives/edgar/data/106040/000010604017000013/0000106040-17-000013-index.htm", "finalLink": "https://www.sec.gov/Archives/edgar/data/106040/000010604017000013/wdc-2017q310xqxdoc.htm"}, {"date": "2016-12-30", "symbol": "WDC", "fillingDate": "2017-02-07", "acceptedDate": "2017-02-07 16:17:46", "period": "Q2", "revenue": 4888000000, "costOfRevenue": 3355000000, "grossProfit": 1533000000, "grossProfitRatio": 0.3136252045826514, "researchAndDevelopmentExpenses": 585000000, "generalAndAdministrativeExpenses": 358000000, "sellingAndMarketingExpenses": 0.0, "otherExpenses": 45000000, "operatingExpenses": 988000000, "costAndExpenses": 4343000000, "interestExpense": 205000000, "depreciationAndAmortization": 525000000, "ebitda": 1070000000, "ebitdaratio": 0.218903436989, "operatingIncome": 545000000, "operatingIncomeRatio": 0.111497545008, "totalOtherIncomeExpensesNet": -224000000, "incomeBeforeTax": 321000000, "incomeBeforeTaxRatio": 0.0656710310966, "incomeTaxExpense": 86000000, "netIncome": 235000000, "netIncomeRatio": 0.0480769230769, "eps": 0.82, "epsdiluted": 0.82, "weightedAverageShsOut": 285000000, "weightedAverageShsOutDil": 285000000, "link": "https://www.sec.gov/Archives/edgar/data/106040/000010604017000007/0000106040-17-000007-index.htm", "finalLink": "https://www.sec.gov/Archives/edgar/data/106040/000010604017000007/wdc-2017q210xqxdoc.htm"}, {"date": "2016-09-30", "symbol": "WDC", "fillingDate": "2016-11-08", "acceptedDate": "2016-11-08 16:50:04", "period": "Q1", "revenue": 4714000000, "costOfRevenue": 3379000000, "grossProfit": 1335000000, "grossProfitRatio": 0.28319898175647007, "researchAndDevelopmentExpenses": 639000000, "generalAndAdministrativeExpenses": 396000000, "sellingAndMarketingExpenses": 0.0, "otherExpenses": 68000000, "operatingExpenses": 1103000000, "costAndExpenses": 4482000000, "interestExpense": 236000000, "depreciationAndAmortization": 755000000, "ebitda": 987000000, "ebitdaratio": 0.209376325838, "operatingIncome": 232000000, "operatingIncomeRatio": 0.0492151039457, "totalOtherIncomeExpensesNet": -503000000, "incomeBeforeTax": -271000000, "incomeBeforeTaxRatio": -0.0574883326262, "incomeTaxExpense": 95000000, "netIncome": -366000000, "netIncomeRatio": -0.0776410691557, "eps": -1.28, "epsdiluted": -1.28, "weightedAverageShsOut": 285000000, "weightedAverageShsOutDil": 285000000, "link": "https://www.sec.gov/Archives/edgar/data/106040/000010604016000040/0000106040-16-000040-index.htm", "finalLink": "https://www.sec.gov/Archives/edgar/data/106040/000010604016000040/wdc-2017q110xqxdoc.htm"}, {"date": "2016-07-01", "symbol": "WDC", "fillingDate": "2016-08-29", "acceptedDate": "2016-08-26 21:44:04", "period": "FY", "revenue": 3495000000, "costOfRevenue": 2674000000, "grossProfit": 821000000, "grossProfitRatio": 0.23490701001430614, "researchAndDevelopmentExpenses": 494000000, "generalAndAdministrativeExpenses": 432000000, "sellingAndMarketingExpenses": 0.0, "otherExpenses": 90000000, "operatingExpenses": 1016000000, "costAndExpenses": 3690000000, "interestExpense": 266000000, "depreciationAndAmortization": 456000000, "ebitda": 261000000, "ebitdaratio": 0.074678111588, "operatingIncome": -195000000, "operatingIncomeRatio": -0.0557939914163, "totalOtherIncomeExpensesNet": -290000000, "incomeBeforeTax": -485000000, "incomeBeforeTaxRatio": -0.138769670959, "incomeTaxExpense": -119000000, "netIncome": -366000000, "netIncomeRatio": -0.104721030043, "eps": -1.61, "epsdiluted": -1.6, "weightedAverageShsOut": 239000000, "weightedAverageShsOutDil": 242000000, "link": "https://www.sec.gov/Archives/edgar/data/106040/000010604016000033/0000106040-16-000033-index.htm", "finalLink": "https://www.sec.gov/Archives/edgar/data/106040/000010604016000033/wdc-7116x10k.htm"}, {"date": "2016-04-01", "symbol": "WDC", "fillingDate": "2016-05-09", "acceptedDate": "2016-05-09 17:11:22", "period": "Q3", "revenue": 2822000000, "costOfRevenue": 2069000000, "grossProfit": 753000000, "grossProfitRatio": 0.26683203401842664, "researchAndDevelopmentExpenses": 359000000, "generalAndAdministrativeExpenses": 166000000, "sellingAndMarketingExpenses": 0.0, "otherExpenses": 140000000, "operatingExpenses": 665000000, "costAndExpenses": 2734000000, "interestExpense": 0.0, "depreciationAndAmortization": 246000000, "ebitda": 334000000, "ebitdaratio": 0.118355776045, "operatingIncome": 88000000, "operatingIncomeRatio": 0.0311835577605, "totalOtherIncomeExpensesNet": -8000000.0, "incomeBeforeTax": 80000000, "incomeBeforeTaxRatio": 0.0283486888731, "incomeTaxExpense": 6000000.0, "netIncome": 74000000, "netIncomeRatio": 0.0262225372077, "eps": 0.31, "epsdiluted": 0.32, "weightedAverageShsOut": 232000000, "weightedAverageShsOutDil": 234000000, "link": "https://www.sec.gov/Archives/edgar/data/106040/000010604016000022/0000106040-16-000022-index.htm", "finalLink": "https://www.sec.gov/Archives/edgar/data/106040/000010604016000022/wdc-040116x10q.htm"}, {"date": "2016-01-01", "symbol": "WDC", "fillingDate": "2016-02-10", "acceptedDate": "2016-02-10 16:51:57", "period": "Q2", "revenue": 3317000000, "costOfRevenue": 2411000000, "grossProfit": 906000000, "grossProfitRatio": 0.27313837805245705, "researchAndDevelopmentExpenses": 389000000, "generalAndAdministrativeExpenses": 207000000, "sellingAndMarketingExpenses": 0.0, "otherExpenses": 59000000, "operatingExpenses": 655000000, "costAndExpenses": 3066000000, "interestExpense": 0.0, "depreciationAndAmortization": 252000000, "ebitda": 503000000, "ebitdaratio": 0.15164305095, "operatingIncome": 251000000, "operatingIncomeRatio": 0.0756707868556, "totalOtherIncomeExpensesNet": -7000000.0, "incomeBeforeTax": 244000000, "incomeBeforeTaxRatio": 0.0735604461863, "incomeTaxExpense": -7000000.0, "netIncome": 251000000, "netIncomeRatio": 0.0756707868556, "eps": 1.08, "epsdiluted": 1.07, "weightedAverageShsOut": 231000000, "weightedAverageShsOutDil": 234000000, "link": "https://www.sec.gov/Archives/edgar/data/106040/000010604016000019/0000106040-16-000019-index.htm", "finalLink": "https://www.sec.gov/Archives/edgar/data/106040/000010604016000019/wdc-010116x10q.htm"}, {"date": "2015-10-02", "symbol": "WDC", "fillingDate": "2015-11-10", "acceptedDate": "2015-11-09 20:05:56", "period": "Q1", "revenue": 3360000000, "costOfRevenue": 2405000000, "grossProfit": 955000000, "grossProfitRatio": 0.28422619047619047, "researchAndDevelopmentExpenses": 385000000, "generalAndAdministrativeExpenses": 192000000, "sellingAndMarketingExpenses": 0.0, "otherExpenses": 56000000, "operatingExpenses": 633000000, "costAndExpenses": 3038000000, "interestExpense": 0.0, "depreciationAndAmortization": 236000000, "ebitda": 558000000, "ebitdaratio": 0.166071428571, "operatingIncome": 322000000, "operatingIncomeRatio": 0.0958333333333, "totalOtherIncomeExpensesNet": -8000000.0, "incomeBeforeTax": 314000000, "incomeBeforeTaxRatio": 0.0934523809524, "incomeTaxExpense": 31000000, "netIncome": 283000000, "netIncomeRatio": 0.0842261904762, "eps": 1.23, "epsdiluted": 1.21, "weightedAverageShsOut": 231000000, "weightedAverageShsOutDil": 234000000, "link": "https://www.sec.gov/Archives/edgar/data/106040/000010604015000014/0000106040-15-000014-index.htm", "finalLink": "https://www.sec.gov/Archives/edgar/data/106040/000010604015000014/wdc-100215x10q.htm"}, {"date": "2015-07-03", "symbol": "WDC", "fillingDate": "2015-08-21", "acceptedDate": "2015-08-21 17:13:13", "period": "FY", "revenue": 3191000000, "costOfRevenue": 2261000000, "grossProfit": 930000000, "grossProfitRatio": 0.29144468818552177, "researchAndDevelopmentExpenses": 381000000, "generalAndAdministrativeExpenses": 190000000, "sellingAndMarketingExpenses": 0.0, "otherExpenses": 104000000, "operatingExpenses": 675000000, "costAndExpenses": 2936000000, "interestExpense": 0.0, "depreciationAndAmortization": 250000000, "ebitda": 505000000, "ebitdaratio": 0.158257599499, "operatingIncome": 255000000, "operatingIncomeRatio": 0.0799122532122, "totalOtherIncomeExpensesNet": -8000000.0, "incomeBeforeTax": 247000000, "incomeBeforeTaxRatio": 0.077405202131, "incomeTaxExpense": 27000000, "netIncome": 220000000, "netIncomeRatio": 0.0689439047321, "eps": 0.97, "epsdiluted": 0.95, "weightedAverageShsOut": 232000000, "weightedAverageShsOutDil": 237000000, "link": "https://www.sec.gov/Archives/edgar/data/106040/000010604015000010/0000106040-15-000010-index.htm", "finalLink": "https://www.sec.gov/Archives/edgar/data/106040/000010604015000010/wdc731510k.htm"}, {"date": "2015-04-03", "symbol": "WDC", "fillingDate": "2015-05-12", "acceptedDate": "2015-05-11 19:36:55", "period": "Q3", "revenue": 3550000000, "costOfRevenue": 2518000000, "grossProfit": 1032000000, "grossProfitRatio": 0.29070422535211266, "researchAndDevelopmentExpenses": 402000000, "generalAndAdministrativeExpenses": 199000000, "sellingAndMarketingExpenses": 0.0, "otherExpenses": 10000000, "operatingExpenses": 611000000, "costAndExpenses": 3129000000, "interestExpense": 0.0, "depreciationAndAmortization": 285000000, "ebitda": 706000000, "ebitdaratio": 0.198873239437, "operatingIncome": 421000000, "operatingIncomeRatio": 0.118591549296, "totalOtherIncomeExpensesNet": -9000000.0, "incomeBeforeTax": 412000000, "incomeBeforeTaxRatio": 0.116056338028, "incomeTaxExpense": 28000000, "netIncome": 384000000, "netIncomeRatio": 0.108169014085, "eps": 1.64, "epsdiluted": 1.63, "weightedAverageShsOut": 233000000, "weightedAverageShsOutDil": 238000000, "link": "https://www.sec.gov/Archives/edgar/data/106040/000162828015004065/0001628280-15-004065-index.htm", "finalLink": "https://www.sec.gov/Archives/edgar/data/106040/000162828015004065/wdc-040315x10q.htm"}, {"date": "2015-01-02", "symbol": "WDC", "fillingDate": "2015-02-10", "acceptedDate": "2015-02-10 17:18:29", "period": "Q2", "revenue": 3888000000, "costOfRevenue": 2778000000, "grossProfit": 1110000000, "grossProfitRatio": 0.2854938271604938, "researchAndDevelopmentExpenses": 426000000, "generalAndAdministrativeExpenses": 164000000, "sellingAndMarketingExpenses": 0.0, "otherExpenses": 54000000, "operatingExpenses": 644000000, "costAndExpenses": 3422000000, "interestExpense": 0.0, "depreciationAndAmortization": 290000000, "ebitda": 756000000, "ebitdaratio": 0.194444444444, "operatingIncome": 466000000, "operatingIncomeRatio": 0.119855967078, "totalOtherIncomeExpensesNet": -8000000.0, "incomeBeforeTax": 458000000, "incomeBeforeTaxRatio": 0.117798353909, "incomeTaxExpense": 20000000, "netIncome": 438000000, "netIncomeRatio": 0.112654320988, "eps": 1.89, "epsdiluted": 1.84, "weightedAverageShsOut": 233000000, "weightedAverageShsOutDil": 239000000, "link": "https://www.sec.gov/Archives/edgar/data/106040/000010604015000003/0000106040-15-000003-index.htm", "finalLink": "https://www.sec.gov/Archives/edgar/data/106040/000010604015000003/wdc-010215x10q.htm"}, {"date": "2014-10-03", "symbol": "WDC", "fillingDate": "2014-11-04", "acceptedDate": "2014-11-04 16:52:43", "period": "Q1", "revenue": 3943000000, "costOfRevenue": 2794000000, "grossProfit": 1149000000, "grossProfitRatio": 0.29140248541719505, "researchAndDevelopmentExpenses": 437000000, "generalAndAdministrativeExpenses": 220000000, "sellingAndMarketingExpenses": 0.0, "otherExpenses": 23000000, "operatingExpenses": 680000000, "costAndExpenses": 3474000000, "interestExpense": 0.0, "depreciationAndAmortization": 289000000, "ebitda": 758000000, "ebitdaratio": 0.192239411616, "operatingIncome": 469000000, "operatingIncomeRatio": 0.118944965762, "totalOtherIncomeExpensesNet": -9000000.0, "incomeBeforeTax": 460000000, "incomeBeforeTaxRatio": 0.116662439767, "incomeTaxExpense": 37000000, "netIncome": 423000000, "netIncomeRatio": 0.107278721785, "eps": 1.81, "epsdiluted": 1.76, "weightedAverageShsOut": 234000000, "weightedAverageShsOutDil": 240000000, "link": "https://www.sec.gov/Archives/edgar/data/106040/000144530514004772/0001445305-14-004772-index.htm", "finalLink": "https://www.sec.gov/Archives/edgar/data/106040/000144530514004772/wdc-100314x10q.htm"}, {"date": "2014-06-27", "symbol": "WDC", "fillingDate": "2014-08-15", "acceptedDate": "2014-08-14 19:40:13", "period": "FY", "revenue": 3651000000, "costOfRevenue": 2580000000, "grossProfit": 1071000000, "grossProfitRatio": 0.2933442892358258, "researchAndDevelopmentExpenses": 413000000, "generalAndAdministrativeExpenses": 198000000, "sellingAndMarketingExpenses": 0.0, "otherExpenses": 108000000, "operatingExpenses": 719000000, "costAndExpenses": 3299000000, "interestExpense": 0.0, "depreciationAndAmortization": 308000000, "ebitda": 660000000, "ebitdaratio": 0.180772391126, "operatingIncome": 352000000, "operatingIncomeRatio": 0.0964119419337, "totalOtherIncomeExpensesNet": -5000000.0, "incomeBeforeTax": 259000000, "incomeBeforeTaxRatio": 0.0709394686387, "incomeTaxExpense": 30000000, "netIncome": 317000000, "netIncomeRatio": 0.0868255272528, "eps": 1.37, "epsdiluted": 1.31, "weightedAverageShsOut": 235000000, "weightedAverageShsOutDil": 242000000, "link": "https://www.sec.gov/Archives/edgar/data/106040/000010604014000015/0000106040-14-000015-index.htm", "finalLink": "https://www.sec.gov/Archives/edgar/data/106040/000010604014000015/wdc6271410k.htm"}, {"date": "2014-03-28", "symbol": "WDC", "fillingDate": "2014-05-05", "acceptedDate": "2014-05-02 19:37:22", "period": "Q3", "revenue": 3703000000, "costOfRevenue": 2643000000, "grossProfit": 1060000000, "grossProfitRatio": 0.2862543883337834, "researchAndDevelopmentExpenses": 426000000, "generalAndAdministrativeExpenses": 202000000, "sellingAndMarketingExpenses": 0.0, "otherExpenses": 13000000, "operatingExpenses": 641000000, "costAndExpenses": 3284000000, "interestExpense": 0.0, "depreciationAndAmortization": 307000000, "ebitda": 726000000, "ebitdaratio": 0.196057250878, "operatingIncome": 419000000, "operatingIncomeRatio": 0.113151498785, "totalOtherIncomeExpensesNet": -13000000, "incomeBeforeTax": 406000000, "incomeBeforeTaxRatio": 0.109640831758, "incomeTaxExpense": 31000000, "netIncome": 375000000, "netIncomeRatio": 0.101269241156, "eps": 1.59, "epsdiluted": 1.56, "weightedAverageShsOut": 236000000, "weightedAverageShsOutDil": 242000000, "link": "https://www.sec.gov/Archives/edgar/data/106040/000010604014000007/0000106040-14-000007-index.htm", "finalLink": "https://www.sec.gov/Archives/edgar/data/106040/000010604014000007/wdc-032814x10q.htm"}, {"date": "2013-12-27", "symbol": "WDC", "fillingDate": "2014-01-31", "acceptedDate": "2014-01-31 14:57:33", "period": "Q2", "revenue": 3972000000, "costOfRevenue": 2831000000, "grossProfit": 1141000000, "grossProfitRatio": 0.28726082578046325, "researchAndDevelopmentExpenses": 421000000, "generalAndAdministrativeExpenses": 229000000, "sellingAndMarketingExpenses": 0.0, "otherExpenses": 13000000, "operatingExpenses": 663000000, "costAndExpenses": 3494000000, "interestExpense": 0.0, "depreciationAndAmortization": 317000000, "ebitda": 795000000, "ebitdaratio": 0.200151057402, "operatingIncome": 478000000, "operatingIncomeRatio": 0.120342396777, "totalOtherIncomeExpensesNet": -11000000, "incomeBeforeTax": 467000000, "incomeBeforeTaxRatio": 0.117573011078, "incomeTaxExpense": 37000000, "netIncome": 430000000, "netIncomeRatio": 0.108257804632, "eps": 1.82, "epsdiluted": 1.76, "weightedAverageShsOut": 236000000, "weightedAverageShsOutDil": 243000000, "link": "https://www.sec.gov/Archives/edgar/data/106040/000010604014000002/0000106040-14-000002-index.htm", "finalLink": "https://www.sec.gov/Archives/edgar/data/106040/000010604014000002/wdc-122713x10q.htm"}, {"date": "2013-09-27", "symbol": "WDC", "fillingDate": "2013-10-29", "acceptedDate": "2013-10-29 12:54:54", "period": "Q1", "revenue": 3804000000, "costOfRevenue": 2716000000, "grossProfit": 1088000000, "grossProfitRatio": 0.28601472134595163, "researchAndDevelopmentExpenses": 401000000, "generalAndAdministrativeExpenses": 132000000, "sellingAndMarketingExpenses": 0.0, "otherExpenses": 13000000, "operatingExpenses": 546000000, "costAndExpenses": 3262000000, "interestExpense": 0.0, "depreciationAndAmortization": 312000000, "ebitda": 854000000, "ebitdaratio": 0.224500525762, "operatingIncome": 542000000, "operatingIncomeRatio": 0.142481598318, "totalOtherIncomeExpensesNet": -10000000, "incomeBeforeTax": 532000000, "incomeBeforeTaxRatio": 0.13985278654, "incomeTaxExpense": 37000000, "netIncome": 495000000, "netIncomeRatio": 0.130126182965, "eps": 2.1, "epsdiluted": 2.05, "weightedAverageShsOut": 236000000, "weightedAverageShsOutDil": 242000000, "link": "https://www.sec.gov/Archives/edgar/data/106040/000010604013000005/0000106040-13-000005-index.htm", "finalLink": "https://www.sec.gov/Archives/edgar/data/106040/000010604013000005/wdc-092713x10q.htm"}, {"date": "2013-06-28", "symbol": "WDC", "fillingDate": "2013-08-19", "acceptedDate": "2013-08-16 20:12:31", "period": "FY", "revenue": 3728000000, "costOfRevenue": 2678000000, "grossProfit": 1050000000, "grossProfitRatio": 0.28165236051502146, "researchAndDevelopmentExpenses": 402000000, "generalAndAdministrativeExpenses": 180000000, "sellingAndMarketingExpenses": 0.0, "otherExpenses": 689000000, "operatingExpenses": 1271000000, "costAndExpenses": 3949000000, "interestExpense": 0.0, "depreciationAndAmortization": 302000000, "ebitda": 81000000, "ebitdaratio": 0.0217274678112, "operatingIncome": -221000000, "operatingIncomeRatio": -0.0592811158798, "totalOtherIncomeExpensesNet": -9000000.0, "incomeBeforeTax": -492000000, "incomeBeforeTaxRatio": -0.131974248927, "incomeTaxExpense": 35000000, "netIncome": -265000000, "netIncomeRatio": -0.0710836909871, "eps": -1.07, "epsdiluted": -1.04, "weightedAverageShsOut": 241000000, "weightedAverageShsOutDil": 246000000, "link": "https://www.sec.gov/Archives/edgar/data/106040/000119312513338607/0001193125-13-338607-index.htm", "finalLink": "https://www.sec.gov/Archives/edgar/data/106040/000119312513338607/d547947d10k.htm"}, {"date": "2013-03-29", "symbol": "WDC", "fillingDate": "2013-05-03", "acceptedDate": "2013-05-03 16:47:06", "period": "Q3", "revenue": 3764000000, "costOfRevenue": 2703000000, "grossProfit": 1061000000, "grossProfitRatio": 0.2818809776833156, "researchAndDevelopmentExpenses": 396000000, "generalAndAdministrativeExpenses": 185000000, "sellingAndMarketingExpenses": 0.0, "otherExpenses": 63000000, "operatingExpenses": 644000000, "costAndExpenses": 3347000000, "interestExpense": 0.0, "depreciationAndAmortization": 309000000, "ebitda": 726000000, "ebitdaratio": 0.192879914984, "operatingIncome": 417000000, "operatingIncomeRatio": 0.11078639745, "totalOtherIncomeExpensesNet": -11000000, "incomeBeforeTax": 406000000, "incomeBeforeTaxRatio": 0.107863974495, "incomeTaxExpense": 15000000, "netIncome": 391000000, "netIncomeRatio": 0.103878852285, "eps": 1.64, "epsdiluted": 1.59, "weightedAverageShsOut": 242000000, "weightedAverageShsOutDil": 248000000, "link": "https://www.sec.gov/Archives/edgar/data/106040/000119312513199322/0001193125-13-199322-index.htm", "finalLink": "https://www.sec.gov/Archives/edgar/data/106040/000119312513199322/d513685d10q.htm"}, {"date": "2012-12-28", "symbol": "WDC", "fillingDate": "2013-02-01", "acceptedDate": "2013-02-01 16:02:18", "period": "Q2", "revenue": 3824000000, "costOfRevenue": 2765000000, "grossProfit": 1059000000, "grossProfitRatio": 0.27693514644351463, "researchAndDevelopmentExpenses": 378000000, "generalAndAdministrativeExpenses": 162000000, "sellingAndMarketingExpenses": 0.0, "otherExpenses": 41000000, "operatingExpenses": 581000000, "costAndExpenses": 3346000000, "interestExpense": 0.0, "depreciationAndAmortization": 309000000, "ebitda": 787000000, "ebitdaratio": 0.205805439331, "operatingIncome": 478000000, "operatingIncomeRatio": 0.125, "totalOtherIncomeExpensesNet": -10000000, "incomeBeforeTax": 468000000, "incomeBeforeTaxRatio": 0.122384937238, "incomeTaxExpense": 133000000, "netIncome": 335000000, "netIncomeRatio": 0.0876046025105, "eps": 1.39, "epsdiluted": 1.37, "weightedAverageShsOut": 244000000, "weightedAverageShsOutDil": 249000000, "link": "https://www.sec.gov/Archives/edgar/data/106040/000119312513034574/0001193125-13-034574-index.htm", "finalLink": "https://www.sec.gov/Archives/edgar/data/106040/000119312513034574/d460828d10q.htm"}, {"date": "2012-09-28", "symbol": "WDC", "fillingDate": "2012-11-02", "acceptedDate": "2012-11-02 17:26:04", "period": "Q1", "revenue": 4035000000, "costOfRevenue": 2842000000, "grossProfit": 1193000000, "grossProfitRatio": 0.2956629491945477, "researchAndDevelopmentExpenses": 396000000, "generalAndAdministrativeExpenses": 179000000, "sellingAndMarketingExpenses": 0.0, "otherExpenses": 26000000, "operatingExpenses": 601000000, "costAndExpenses": 3443000000, "interestExpense": 0.0, "depreciationAndAmortization": 313000000, "ebitda": 905000000, "ebitdaratio": 0.224287484511, "operatingIncome": 592000000, "operatingIncomeRatio": 0.146716232962, "totalOtherIncomeExpensesNet": -14000000, "incomeBeforeTax": 578000000, "incomeBeforeTaxRatio": 0.143246592317, "incomeTaxExpense": 59000000, "netIncome": 519000000, "netIncomeRatio": 0.128624535316, "eps": 2.11, "epsdiluted": 2.06, "weightedAverageShsOut": 246000000, "weightedAverageShsOutDil": 252000000, "link": "https://www.sec.gov/Archives/edgar/data/106040/000119312512449441/0001193125-12-449441-index.htm", "finalLink": "https://www.sec.gov/Archives/edgar/data/106040/000119312512449441/d419625d10q.htm"}, {"date": "2012-06-29", "symbol": "WDC", "fillingDate": "2012-08-20", "acceptedDate": "2012-08-17 18:58:09", "period": "FY", "revenue": 12478000000, "costOfRevenue": 8840000000, "grossProfit": 3638000000, "grossProfitRatio": 0.29155313351498635, "researchAndDevelopmentExpenses": 1055000000, "generalAndAdministrativeExpenses": 518000000, "sellingAndMarketingExpenses": 0.0, "otherExpenses": 294000000, "operatingExpenses": 1867000000, "costAndExpenses": 10707000000, "interestExpense": 0.0, "depreciationAndAmortization": 825000000, "ebitda": 2596000000, "ebitdaratio": 0.208046161244, "operatingIncome": 1771000000, "operatingIncomeRatio": 0.141929796442, "totalOtherIncomeExpensesNet": -14000000, "incomeBeforeTax": 198000000, "incomeBeforeTaxRatio": 0.0158679275525, "incomeTaxExpense": 145000000, "netIncome": 1612000000, "netIncomeRatio": 0.129187369771, "eps": 6.69, "epsdiluted": 6.58, "weightedAverageShsOut": 241000000, "weightedAverageShsOutDil": 245000000, "link": "https://www.sec.gov/Archives/edgar/data/106040/000119312512361018/0001193125-12-361018-index.htm", "finalLink": "https://www.sec.gov/Archives/edgar/data/106040/000119312512361018/d356205d10k.htm"}, {"date": "2012-03-30", "symbol": "WDC", "fillingDate": "2012-05-09", "acceptedDate": "2012-05-09 10:59:27", "period": "Q3", "revenue": 3035000000, "costOfRevenue": 2058000000, "grossProfit": 977000000, "grossProfitRatio": 0.3219110378912685, "researchAndDevelopmentExpenses": 265000000, "generalAndAdministrativeExpenses": 155000000, "sellingAndMarketingExpenses": 0.0, "otherExpenses": 15000000, "operatingExpenses": 435000000, "costAndExpenses": 2493000000, "interestExpense": 0.0, "depreciationAndAmortization": 188000000, "ebitda": 730000000, "ebitdaratio": 0.24052718286655683, "operatingIncome": 542000000, "operatingIncomeRatio": 0.1785831960461285, "totalOtherIncomeExpensesNet": -8000000.0, "incomeBeforeTax": 537000000, "incomeBeforeTaxRatio": 0.17693574958813837, "incomeTaxExpense": 54000000, "netIncome": 483000000, "netIncomeRatio": 0.15914332784184515, "eps": 0.0, "epsdiluted": 0.0, "weightedAverageShsOut": 241000000, "weightedAverageShsOutDil": 245000000, "link": "https://www.sec.gov/Archives/edgar/data/106040/000119312512220791/0001193125-12-220791-index.htm", "finalLink": "https://www.sec.gov/Archives/edgar/data/106040/000119312512220791/d326803d10q.htm"}, {"date": "2011-12-30", "symbol": "WDC", "fillingDate": "2012-01-27", "acceptedDate": "2012-01-27 15:02:09", "period": "Q2", "revenue": 1995000000, "costOfRevenue": 1347000000, "grossProfit": 648000000, "grossProfitRatio": 0.324812030075188, "researchAndDevelopmentExpenses": 191000000, "generalAndAdministrativeExpenses": 96000000, "sellingAndMarketingExpenses": 0.0, "otherExpenses": 203000000, "operatingExpenses": 486000000, "costAndExpenses": 1833000000, "interestExpense": 0.0, "depreciationAndAmortization": 140000000, "ebitda": 302000000, "ebitdaratio": 0.15137844611528822, "operatingIncome": 162000000, "operatingIncomeRatio": 0.081203007518797, "totalOtherIncomeExpensesNet": 0.0, "incomeBeforeTax": 160000000, "incomeBeforeTaxRatio": 0.08020050125313283, "incomeTaxExpense": 15000000, "netIncome": 145000000, "netIncomeRatio": 0.07268170426065163, "eps": 0.0, "epsdiluted": 0.0, "weightedAverageShsOut": 241000000, "weightedAverageShsOutDil": 245000000, "link": "https://www.sec.gov/Archives/edgar/data/106040/000119312512026854/0001193125-12-026854-index.htm", "finalLink": "https://www.sec.gov/Archives/edgar/data/106040/000119312512026854/d275388d10q.htm"}, {"date": "2011-09-30", "symbol": "WDC", "fillingDate": "2011-10-28", "acceptedDate": "2011-10-28 17:02:51", "period": "Q1", "revenue": 2694000000, "costOfRevenue": 2153000000, "grossProfit": 541000000, "grossProfitRatio": 0.2008166295471418, "researchAndDevelopmentExpenses": 193000000, "generalAndAdministrativeExpenses": 89000000, "sellingAndMarketingExpenses": 0.0, "otherExpenses": -4000000.0, "operatingExpenses": 282000000, "costAndExpenses": 2435000000, "interestExpense": 0.0, "depreciationAndAmortization": 158000000, "ebitda": 417000000, "ebitdaratio": 0.15478841870824053, "operatingIncome": 259000000, "operatingIncomeRatio": 0.09613956941351151, "totalOtherIncomeExpensesNet": 0.0, "incomeBeforeTax": 258000000, "incomeBeforeTaxRatio": 0.0957683741648107, "incomeTaxExpense": 19000000, "netIncome": 239000000, "netIncomeRatio": 0.08871566443949518, "eps": 0.0, "epsdiluted": 0.0, "weightedAverageShsOut": 241000000, "weightedAverageShsOutDil": 245000000, "link": "https://www.sec.gov/Archives/edgar/data/106040/000095012311093040/0000950123-11-093040-index.htm", "finalLink": "https://www.sec.gov/Archives/edgar/data/106040/000095012311093040/c22815e10vq.htm"}, {"date": "2011-07-01", "symbol": "WDC", "fillingDate": "2011-08-12", "acceptedDate": "2011-08-11 19:03:00", "period": "FY", "revenue": 2403000000, "costOfRevenue": 1934000000, "grossProfit": 469000000, "grossProfitRatio": 0.1951727007906783, "researchAndDevelopmentExpenses": 188000000, "generalAndAdministrativeExpenses": 109000000, "sellingAndMarketingExpenses": 0.0, "otherExpenses": -4000000.0, "operatingExpenses": 297000000, "costAndExpenses": 2231000000, "interestExpense": 0.0, "depreciationAndAmortization": 150000000, "ebitda": 322000000, "ebitdaratio": 0.13399916770703288, "operatingIncome": 172000000, "operatingIncomeRatio": 0.0715771951727008, "totalOtherIncomeExpensesNet": 0.0, "incomeBeforeTax": 171000000, "incomeBeforeTaxRatio": 0.07116104868913857, "incomeTaxExpense": 13000000, "netIncome": 158000000, "netIncomeRatio": 0.0657511444028298, "eps": 0.0, "epsdiluted": 0.0, "weightedAverageShsOut": 241000000, "weightedAverageShsOutDil": 245000000, "link": "https://www.sec.gov/Archives/edgar/data/106040/000095012311076255/0000950123-11-076255-index.htm", "finalLink": "https://www.sec.gov/Archives/edgar/data/106040/000095012311076255/a59422e10vk.htm"}, {"date": "2011-04-01", "symbol": "WDC", "fillingDate": "2011-05-02", "acceptedDate": "2011-04-29 21:14:01", "period": "Q3", "revenue": 2252000000, "costOfRevenue": 1842000000, "grossProfit": 410000000, "grossProfitRatio": 0.18206039076376554, "researchAndDevelopmentExpenses": 179000000, "generalAndAdministrativeExpenses": 73000000, "sellingAndMarketingExpenses": 0.0, "otherExpenses": -1000000.0, "operatingExpenses": 252000000, "costAndExpenses": 2094000000, "interestExpense": 0.0, "depreciationAndAmortization": 151000000, "ebitda": 309000000, "ebitdaratio": 0.1372113676731794, "operatingIncome": 158000000, "operatingIncomeRatio": 0.07015985790408526, "totalOtherIncomeExpensesNet": 0.0, "incomeBeforeTax": 159000000, "incomeBeforeTaxRatio": 0.07060390763765542, "incomeTaxExpense": 13000000, "netIncome": 146000000, "netIncomeRatio": 0.06483126110124333, "eps": 0.0, "epsdiluted": 0.0, "weightedAverageShsOut": 241000000, "weightedAverageShsOutDil": 245000000, "link": "https://www.sec.gov/Archives/edgar/data/106040/000095012311042391/0000950123-11-042391-index.htm", "finalLink": "https://www.sec.gov/Archives/edgar/data/106040/000095012311042391/c15158e10vq.htm"}, {"date": "2010-12-31", "symbol": "WDC", "fillingDate": "2011-01-28", "acceptedDate": "2011-01-27 21:00:27", "period": "Q2", "revenue": 2475000000, "costOfRevenue": 2000000000, "grossProfit": 475000000, "grossProfitRatio": 0.1919191919191919, "researchAndDevelopmentExpenses": 169000000, "generalAndAdministrativeExpenses": 66000000, "sellingAndMarketingExpenses": 0.0, "otherExpenses": -3000000.0, "operatingExpenses": 235000000, "costAndExpenses": 2235000000, "interestExpense": 0.0, "depreciationAndAmortization": 151000000, "ebitda": 391000000, "ebitdaratio": 0.15797979797979797, "operatingIncome": 240000000, "operatingIncomeRatio": 0.09696969696969697, "totalOtherIncomeExpensesNet": 0.0, "incomeBeforeTax": 239000000, "incomeBeforeTaxRatio": 0.09656565656565656, "incomeTaxExpense": 14000000, "netIncome": 225000000, "netIncomeRatio": 0.09090909090909091, "eps": 0.0, "epsdiluted": 0.0, "weightedAverageShsOut": 241000000, "weightedAverageShsOutDil": 245000000, "link": "https://www.sec.gov/Archives/edgar/data/106040/000095012311006257/0000950123-11-006257-index.htm", "finalLink": "https://www.sec.gov/Archives/edgar/data/106040/000095012311006257/c10546e10vq.htm"}, {"date": "2010-10-01", "symbol": "WDC", "fillingDate": "2010-10-29", "acceptedDate": "2010-10-29 16:26:20", "period": "Q1", "revenue": 2396000000, "costOfRevenue": 1959000000, "grossProfit": 437000000, "grossProfitRatio": 0.1823873121869783, "researchAndDevelopmentExpenses": 167000000, "generalAndAdministrativeExpenses": 59000000, "sellingAndMarketingExpenses": 0.0, "otherExpenses": -2000000.0, "operatingExpenses": 226000000, "costAndExpenses": 2185000000, "interestExpense": 0.0, "depreciationAndAmortization": 150000000, "ebitda": 361000000, "ebitdaratio": 0.1506677796327212, "operatingIncome": 211000000, "operatingIncomeRatio": 0.08806343906510851, "totalOtherIncomeExpensesNet": 0.0, "incomeBeforeTax": 211000000, "incomeBeforeTaxRatio": 0.08806343906510851, "incomeTaxExpense": 14000000, "netIncome": 197000000, "netIncomeRatio": 0.082220367278798, "eps": 0.0, "epsdiluted": 0.0, "weightedAverageShsOut": 241000000, "weightedAverageShsOutDil": 245000000, "link": "https://www.sec.gov/Archives/edgar/data/106040/000095012310098182/0000950123-10-098182-index.htm", "finalLink": "https://www.sec.gov/Archives/edgar/data/106040/000095012310098182/c06950e10vq.htm"}, {"date": "2010-07-02", "symbol": "WDC", "fillingDate": "2010-08-13", "acceptedDate": "2010-08-13 16:56:51", "period": "FY", "revenue": 2382000000, "costOfRevenue": 1847000000, "grossProfit": 535000000, "grossProfitRatio": 0.22460117548278757, "researchAndDevelopmentExpenses": 155000000, "generalAndAdministrativeExpenses": 88000000, "sellingAndMarketingExpenses": 0.0, "otherExpenses": -1000000.0, "operatingExpenses": 243000000, "costAndExpenses": 2090000000, "interestExpense": 0.0, "depreciationAndAmortization": 134000000, "ebitda": 426000000, "ebitdaratio": 0.17884130982367757, "operatingIncome": 292000000, "operatingIncomeRatio": 0.12258606213266163, "totalOtherIncomeExpensesNet": 0.0, "incomeBeforeTax": 292000000, "incomeBeforeTaxRatio": 0.12258606213266163, "incomeTaxExpense": 28000000, "netIncome": 264000000, "netIncomeRatio": 0.11083123425692695, "eps": 0.0, "epsdiluted": 0.0, "weightedAverageShsOut": 227000000, "weightedAverageShsOutDil": 232000000, "link": "https://www.sec.gov/Archives/edgar/data/106040/000095012310077390/0000950123-10-077390-index.htm", "finalLink": "https://www.sec.gov/Archives/edgar/data/106040/000095012310077390/a56460e10vk.htm"}, {"date": "2010-04-02", "symbol": "WDC", "fillingDate": "2010-04-30", "acceptedDate": "2010-04-30 14:03:16", "period": "Q3", "revenue": 2641000000, "costOfRevenue": 1976000000, "grossProfit": 665000000, "grossProfitRatio": 0.2517985611510791, "researchAndDevelopmentExpenses": 160000000, "generalAndAdministrativeExpenses": 64000000, "sellingAndMarketingExpenses": 0.0, "otherExpenses": -2000000.0, "operatingExpenses": 224000000, "costAndExpenses": 2200000000, "interestExpense": 0.0, "depreciationAndAmortization": 129000000, "ebitda": 570000000, "ebitdaratio": 0.2158273381294964, "operatingIncome": 441000000, "operatingIncomeRatio": 0.16698220371071565, "totalOtherIncomeExpensesNet": 0.0, "incomeBeforeTax": 440000000, "incomeBeforeTaxRatio": 0.16660355925785686, "incomeTaxExpense": 39000000, "netIncome": 401000000, "netIncomeRatio": 0.151836425596365, "eps": 0.0, "epsdiluted": 0.0, "weightedAverageShsOut": 226000000, "weightedAverageShsOutDil": 231000000, "link": "https://www.sec.gov/Archives/edgar/data/106040/000095012310041578/0000950123-10-041578-index.htm", "finalLink": "https://www.sec.gov/Archives/edgar/data/106040/000095012310041578/a55375e10vq.htm"}, {"date": "2010-01-01", "symbol": "WDC", "fillingDate": "2010-01-29", "acceptedDate": "2010-01-29 16:25:23", "period": "Q", "revenue": 2619000000, "costOfRevenue": 1932000000, "grossProfit": 687000000, "grossProfitRatio": 0.2623138602520046, "researchAndDevelopmentExpenses": 154000000, "generalAndAdministrativeExpenses": 60000000, "sellingAndMarketingExpenses": 0.0, "otherExpenses": -3000000.0, "operatingExpenses": 214000000, "costAndExpenses": 2146000000, "interestExpense": 0.0, "depreciationAndAmortization": 126000000, "ebitda": 599000000, "ebitdaratio": 0.22871324933180603, "operatingIncome": 473000000, "operatingIncomeRatio": 0.1806032836960672, "totalOtherIncomeExpensesNet": 0.0, "incomeBeforeTax": 471000000, "incomeBeforeTaxRatio": 0.17983963344788087, "incomeTaxExpense": 42000000, "netIncome": 429000000, "netIncomeRatio": 0.16380297823596793, "eps": 0.0, "epsdiluted": 0.0, "weightedAverageShsOut": 225000000, "weightedAverageShsOutDil": 230000000, "link": "https://www.sec.gov/Archives/edgar/data/106040/000095012310006821/0000950123-10-006821-index.htm", "finalLink": "https://www.sec.gov/Archives/edgar/data/106040/000095012310006821/a54504e10vq.htm"}, {"date": "2009-10-02", "symbol": "WDC", "fillingDate": "2009-10-29", "acceptedDate": "2009-10-29 16:55:54", "period": "Q1", "revenue": 2208000000, "costOfRevenue": 1694000000, "grossProfit": 514000000, "grossProfitRatio": 0.23278985507246377, "researchAndDevelopmentExpenses": 142000000, "generalAndAdministrativeExpenses": 53000000, "sellingAndMarketingExpenses": 0.0, "otherExpenses": -3000000.0, "operatingExpenses": 195000000, "costAndExpenses": 1889000000, "interestExpense": 3000000.0, "depreciationAndAmortization": 121000000, "ebitda": 440000000, "ebitdaratio": 0.19927536231884058, "operatingIncome": 319000000, "operatingIncomeRatio": 0.14447463768115942, "totalOtherIncomeExpensesNet": 0.0, "incomeBeforeTax": 317000000, "incomeBeforeTaxRatio": 0.14356884057971014, "incomeTaxExpense": 29000000, "netIncome": 288000000, "netIncomeRatio": 0.13043478260869565, "eps": 1.28, "epsdiluted": 1.25, "weightedAverageShsOut": 225000000, "weightedAverageShsOutDil": 230000000, "link": "https://www.sec.gov/Archives/edgar/data/106040/000095012309054900/0000950123-09-054900-index.htm", "finalLink": "https://www.sec.gov/Archives/edgar/data/106040/000095012309054900/a53884e10vq.htm"}, {"date": "2009-07-03", "symbol": "WDC", "fillingDate": "2009-08-14", "acceptedDate": "2009-08-13 21:35:54", "period": "FY", "revenue": 1929000000, "costOfRevenue": 1559000000, "grossProfit": 370000000, "grossProfitRatio": 0.1918092275790565, "researchAndDevelopmentExpenses": 132000000, "generalAndAdministrativeExpenses": 52000000, "sellingAndMarketingExpenses": 0.0, "otherExpenses": -23000000, "operatingExpenses": 161000000, "costAndExpenses": 1720000000, "interestExpense": 3000000.0, "depreciationAndAmortization": 121000000, "ebitda": 330000000, "ebitdaratio": 0.17107309486780714, "operatingIncome": 209000000, "operatingIncomeRatio": 0.10834629341627787, "totalOtherIncomeExpensesNet": -18000000, "incomeBeforeTax": 207000000, "incomeBeforeTaxRatio": 0.10730948678071539, "incomeTaxExpense": 11000000, "netIncome": 196000000, "netIncomeRatio": 0.10160705028512182, "eps": 2.12, "epsdiluted": 2.08, "weightedAverageShsOut": 222000000, "weightedAverageShsOutDil": 226000000, "link": "https://www.sec.gov/Archives/edgar/data/106040/000095012309034923/0000950123-09-034923-index.htm", "finalLink": "https://www.sec.gov/Archives/edgar/data/106040/000095012309034923/a53306e10vk.htm"}, {"date": "2009-03-27", "symbol": "WDC", "fillingDate": "2009-04-24", "acceptedDate": "2009-04-24 16:44:45", "period": "Q3", "revenue": 1591000000, "costOfRevenue": 1338000000, "grossProfit": 253000000, "grossProfitRatio": 0.15901948460087995, "researchAndDevelopmentExpenses": 125000000, "generalAndAdministrativeExpenses": 50000000, "sellingAndMarketingExpenses": 0.0, "otherExpenses": 18000000, "operatingExpenses": 193000000, "costAndExpenses": 1531000000, "interestExpense": 5000000.0, "depreciationAndAmortization": 119000000, "ebitda": 179000000, "ebitdaratio": 0.1125078566939032, "operatingIncome": 60000000, "operatingIncomeRatio": 0.03771213073538655, "totalOtherIncomeExpensesNet": 0.0, "incomeBeforeTax": 57000000, "incomeBeforeTaxRatio": 0.035826524198617225, "incomeTaxExpense": 8000000.0, "netIncome": 49000000, "netIncomeRatio": 0.030798240100565682, "eps": 1.23, "epsdiluted": 1.22, "weightedAverageShsOut": 222000000, "weightedAverageShsOutDil": 225000000, "link": "https://www.sec.gov/Archives/edgar/data/106040/000095013409008354/0000950134-09-008354-index.htm", "finalLink": "https://www.sec.gov/Archives/edgar/data/106040/000095013409008354/a52270e10vq.htm"}, {"date": "2008-12-26", "symbol": "WDC", "fillingDate": "2009-01-29", "acceptedDate": "2009-01-29 17:23:40", "period": "Q2", "revenue": 1824000000, "costOfRevenue": 1534000000, "grossProfit": 290000000, "grossProfitRatio": 0.15899122807017543, "researchAndDevelopmentExpenses": 119000000, "generalAndAdministrativeExpenses": 42000000, "sellingAndMarketingExpenses": 0.0, "otherExpenses": 121000000, "operatingExpenses": 274000000, "costAndExpenses": 1808000000, "interestExpense": 11000000, "depreciationAndAmortization": 122000000, "ebitda": 138000000, "ebitdaratio": 0.0756578947368421, "operatingIncome": 16000000, "operatingIncomeRatio": 0.008771929824561403, "totalOtherIncomeExpensesNet": 0.0, "incomeBeforeTax": 7000000.0, "incomeBeforeTaxRatio": 0.003837719298245614, "incomeTaxExpense": -7000000.0, "netIncome": 14000000, "netIncomeRatio": 0.007675438596491228, "eps": 1.01, "epsdiluted": 1.0, "weightedAverageShsOut": 222000000, "weightedAverageShsOutDil": 225000000, "link": "https://www.sec.gov/Archives/edgar/data/106040/000089256909000039/0000892569-09-000039-index.htm", "finalLink": "https://www.sec.gov/Archives/edgar/data/106040/000089256909000039/a51132e10vq.htm"}, {"date": "2008-09-26", "symbol": "WDC", "fillingDate": "2008-10-31", "acceptedDate": "2008-10-31 17:16:06", "period": "Q1", "revenue": 2109000000, "costOfRevenue": 1685000000, "grossProfit": 424000000, "grossProfitRatio": 0.20104314841156948, "researchAndDevelopmentExpenses": 133000000, "generalAndAdministrativeExpenses": 57000000, "sellingAndMarketingExpenses": 0.0, "otherExpenses": -8000000.0, "operatingExpenses": 190000000, "costAndExpenses": 1875000000, "interestExpense": 8000000.0, "depreciationAndAmortization": 117000000, "ebitda": 351000000, "ebitdaratio": 0.16642958748221906, "operatingIncome": 234000000, "operatingIncomeRatio": 0.11095305832147938, "totalOtherIncomeExpensesNet": 0.0, "incomeBeforeTax": 230000000, "incomeBeforeTaxRatio": 0.10905642484589853, "incomeTaxExpense": 19000000, "netIncome": 211000000, "netIncomeRatio": 0.10004741583688952, "eps": 0.95, "epsdiluted": 0.93, "weightedAverageShsOut": 222000000, "weightedAverageShsOutDil": 226000000, "link": "https://www.sec.gov/Archives/edgar/data/106040/000095013408018963/0000950134-08-018963-index.htm", "finalLink": "https://www.sec.gov/Archives/edgar/data/106040/000095013408018963/a50261e10vq.htm"}, {"date": "2008-06-27", "symbol": "WDC", "fillingDate": "2008-08-20", "acceptedDate": "2008-08-20 17:14:00", "period": "FY", "revenue": 1993000000, "costOfRevenue": 1568000000, "grossProfit": 425000000, "grossProfitRatio": 0.21324636226793778, "researchAndDevelopmentExpenses": 128000000, "generalAndAdministrativeExpenses": 56000000, "sellingAndMarketingExpenses": 0.0, "otherExpenses": 0.0, "operatingExpenses": 184000000, "costAndExpenses": 1752000000, "interestExpense": 8000000.0, "depreciationAndAmortization": 113000000, "ebitda": 354000000, "ebitdaratio": 0.17762167586552935, "operatingIncome": 241000000, "operatingIncomeRatio": 0.12092323130958355, "totalOtherIncomeExpensesNet": 21000000, "incomeBeforeTax": 237000000, "incomeBeforeTaxRatio": 0.11891620672353237, "incomeTaxExpense": 24000000, "netIncome": 213000000, "netIncomeRatio": 0.10687405920722529, "eps": 3.92, "epsdiluted": 3.84, "weightedAverageShsOut": 221000000, "weightedAverageShsOutDil": 226000000, "link": "https://www.sec.gov/Archives/edgar/data/106040/000089256908001165/0000892569-08-001165-index.htm", "finalLink": "https://www.sec.gov/Archives/edgar/data/106040/000089256908001165/a43088e10vk.htm"}, {"date": "2008-03-28", "symbol": "WDC", "fillingDate": "2008-05-06", "acceptedDate": "2008-05-06 15:31:07", "period": "Q3", "revenue": 2111000000, "costOfRevenue": 1633000000, "grossProfit": 478000000, "grossProfitRatio": 0.22643297015632402, "researchAndDevelopmentExpenses": 123000000, "generalAndAdministrativeExpenses": 57000000, "sellingAndMarketingExpenses": 0.0, "otherExpenses": 0.0, "operatingExpenses": 180000000, "costAndExpenses": 1813000000, "interestExpense": 74000000, "depreciationAndAmortization": 111000000, "ebitda": 409000000, "ebitdaratio": 0.19374703931785883, "operatingIncome": 298000000, "operatingIncomeRatio": 0.14116532449076266, "totalOtherIncomeExpensesNet": -8000000.0, "incomeBeforeTax": 290000000, "incomeBeforeTaxRatio": 0.13737565135007104, "incomeTaxExpense": 10000000, "netIncome": 280000000, "netIncomeRatio": 0.13263855992420653, "eps": 2.97, "epsdiluted": 2.89, "weightedAverageShsOut": 220000000, "weightedAverageShsOutDil": 226000000, "link": "https://www.sec.gov/Archives/edgar/data/106040/000095013708006819/0000950137-08-006819-index.htm", "finalLink": "https://www.sec.gov/Archives/edgar/data/106040/000095013708006819/a40408e10vq.htm"}, {"date": "2007-12-28", "symbol": "WDC", "fillingDate": "2008-02-05", "acceptedDate": "2008-02-05 17:18:10", "period": "Q2", "revenue": 2204000000, "costOfRevenue": 1691000000, "grossProfit": 513000000, "grossProfitRatio": 0.23275862068965517, "researchAndDevelopmentExpenses": 122000000, "generalAndAdministrativeExpenses": 59000000, "sellingAndMarketingExpenses": 0.0, "otherExpenses": 0.0, "operatingExpenses": 181000000, "costAndExpenses": 1872000000, "interestExpense": -24000000, "depreciationAndAmortization": 111000000, "ebitda": 443000000, "ebitdaratio": 0.20099818511796733, "operatingIncome": 332000000, "operatingIncomeRatio": 0.15063520871143377, "totalOtherIncomeExpensesNet": -13000000, "incomeBeforeTax": 316000000, "incomeBeforeTaxRatio": 0.14337568058076225, "incomeTaxExpense": 11000000, "netIncome": 305000000, "netIncomeRatio": 0.1383847549909256, "eps": 1.71, "epsdiluted": 1.66, "weightedAverageShsOut": 219000000, "weightedAverageShsOutDil": 225000000, "link": "https://www.sec.gov/Archives/edgar/data/106040/000089256908000099/0000892569-08-000099-index.htm", "finalLink": "https://www.sec.gov/Archives/edgar/data/106040/000089256908000099/a37671e10vq.htm"}, {"date": "2007-09-28", "symbol": "WDC", "fillingDate": "2007-11-06", "acceptedDate": "2007-11-06 15:29:20", "period": "Q1", "revenue": 1766000000, "costOfRevenue": 1443000000, "grossProfit": 323000000, "grossProfitRatio": 0.18289920724801811, "researchAndDevelopmentExpenses": 91000000, "generalAndAdministrativeExpenses": 48000000, "sellingAndMarketingExpenses": 0.0, "otherExpenses": 49000000, "operatingExpenses": 188000000, "costAndExpenses": 1631000000, "interestExpense": -6000000.0, "depreciationAndAmortization": 78000000, "ebitda": 213000000, "ebitdaratio": 0.12061155152887883, "operatingIncome": 135000000, "operatingIncomeRatio": 0.07644394110985278, "totalOtherIncomeExpensesNet": 0.0, "incomeBeforeTax": 138000000, "incomeBeforeTaxRatio": 0.07814269535673839, "incomeTaxExpense": 69000000, "netIncome": 69000000, "netIncomeRatio": 0.039071347678369193, "eps": 0.31, "epsdiluted": 0.31, "weightedAverageShsOut": 219000000, "weightedAverageShsOutDil": 224000000, "link": "https://www.sec.gov/Archives/edgar/data/106040/000095013707016647/0000950137-07-016647-index.htm", "finalLink": "https://www.sec.gov/Archives/edgar/data/106040/000095013707016647/a34565e10vq.htm"}, {"date": "2007-06-29", "symbol": "WDC", "fillingDate": "2007-08-28", "acceptedDate": "2007-08-27 20:53:56", "period": "FY", "revenue": 1367000000, "costOfRevenue": 1162000000, "grossProfit": 205000000, "grossProfitRatio": 0.14996342355523043, "researchAndDevelopmentExpenses": 79000000, "generalAndAdministrativeExpenses": 47000000, "sellingAndMarketingExpenses": 0.0, "otherExpenses": 1000000.0, "operatingExpenses": 126000000, "costAndExpenses": 1288000000, "interestExpense": -1000000.0, "depreciationAndAmortization": 61000000, "ebitda": 140000000, "ebitdaratio": 0.10241404535479151, "operatingIncome": 79000000, "operatingIncomeRatio": 0.05779078273591807, "totalOtherIncomeExpensesNet": 0.0, "incomeBeforeTax": 87000000, "incomeBeforeTaxRatio": 0.06364301389904901, "incomeTaxExpense": -125000000, "netIncome": 212000000, "netIncomeRatio": 0.15508412582297001, "eps": 2.57, "epsdiluted": 2.5, "weightedAverageShsOut": 219000000, "weightedAverageShsOutDil": 226000000, "link": "https://www.sec.gov/Archives/edgar/data/106040/000089256907001093/0000892569-07-001093-index.htm", "finalLink": "https://www.sec.gov/Archives/edgar/data/106040/000089256907001093/a33189e10vk.htm"}, {"date": "2007-03-30", "symbol": "WDC", "fillingDate": "2007-05-08", "acceptedDate": "2007-05-08 15:28:58", "period": "Q3", "revenue": 1410000000, "costOfRevenue": 1188000000, "grossProfit": 222000000, "grossProfitRatio": 0.1574468085106383, "researchAndDevelopmentExpenses": 75000000, "generalAndAdministrativeExpenses": 32000000, "sellingAndMarketingExpenses": 0.0, "otherExpenses": 1000000.0, "operatingExpenses": 107000000, "costAndExpenses": 1295000000, "interestExpense": -1000000.0, "depreciationAndAmortization": 55000000, "ebitda": 170000000, "ebitdaratio": 0.12056737588652482, "operatingIncome": 115000000, "operatingIncomeRatio": 0.08156028368794327, "totalOtherIncomeExpensesNet": 0.0, "incomeBeforeTax": 122000000, "incomeBeforeTaxRatio": 0.08652482269503546, "incomeTaxExpense": 1000000.0, "netIncome": 121000000, "netIncomeRatio": 0.08581560283687943, "eps": 1.6, "epsdiluted": 1.56, "weightedAverageShsOut": 219000000, "weightedAverageShsOutDil": 226000000, "link": "https://www.sec.gov/Archives/edgar/data/106040/000095013707006989/0000950137-07-006989-index.htm", "finalLink": "https://www.sec.gov/Archives/edgar/data/106040/000095013707006989/a29755e10vq.htm"}, {"date": "2006-12-29", "symbol": "WDC", "fillingDate": "2007-02-07", "acceptedDate": "2007-02-06 17:55:15", "period": "Q2", "revenue": 1427000000, "costOfRevenue": 1172000000, "grossProfit": 255000000, "grossProfitRatio": 0.17869656622284513, "researchAndDevelopmentExpenses": 77000000, "generalAndAdministrativeExpenses": 56000000, "sellingAndMarketingExpenses": 0.0, "otherExpenses": 2000000.0, "operatingExpenses": 133000000, "costAndExpenses": 1305000000, "interestExpense": -2000000.0, "depreciationAndAmortization": 49000000, "ebitda": 171000000, "ebitdaratio": 0.11983181499649614, "operatingIncome": 122000000, "operatingIncomeRatio": 0.08549404344779257, "totalOtherIncomeExpensesNet": 0.0, "incomeBeforeTax": 128000000, "incomeBeforeTaxRatio": 0.08969866853538892, "incomeTaxExpense": 0.0, "netIncome": 128000000, "netIncomeRatio": 0.08969866853538892, "eps": 1.06, "epsdiluted": 1.02, "weightedAverageShsOut": 219000000, "weightedAverageShsOutDil": 226000000, "link": "https://www.sec.gov/Archives/edgar/data/106040/000095013707001579/0000950137-07-001579-index.htm", "finalLink": "https://www.sec.gov/Archives/edgar/data/106040/000095013707001579/a26781e10vq.htm"}, {"date": "2006-09-29", "symbol": "WDC", "fillingDate": "2006-11-24", "acceptedDate": "2006-11-22 21:52:02", "period": "Q1", "revenue": 1264000000, "costOfRevenue": 1046000000, "grossProfit": 218000000, "grossProfitRatio": 0.17246835443037975, "researchAndDevelopmentExpenses": 75000000, "generalAndAdministrativeExpenses": 44000000, "sellingAndMarketingExpenses": 0.0, "otherExpenses": 0.0, "operatingExpenses": 119000000, "costAndExpenses": 1165000000, "interestExpense": 0.0, "depreciationAndAmortization": 45000000, "ebitda": 144000000, "ebitdaratio": 0.11392405063291139, "operatingIncome": 99000000, "operatingIncomeRatio": 0.07832278481012658, "totalOtherIncomeExpensesNet": 0.0, "incomeBeforeTax": 106000000, "incomeBeforeTaxRatio": 0.08386075949367089, "incomeTaxExpense": 3000000.0, "netIncome": 103000000, "netIncomeRatio": 0.0814873417721519, "eps": 0.47, "epsdiluted": 0.46, "weightedAverageShsOut": 219000000, "weightedAverageShsOutDil": 225000000, "link": "https://www.sec.gov/Archives/edgar/data/106040/000089256906001404/0000892569-06-001404-index.htm", "finalLink": "https://www.sec.gov/Archives/edgar/data/106040/000089256906001404/a24977e10vq.htm"}, {"date": "2006-06-30", "symbol": "WDC", "fillingDate": "2006-11-20", "acceptedDate": "2006-11-20 12:25:11", "period": "FY", "revenue": 1086000000, "costOfRevenue": 881000000, "grossProfit": 205000000, "grossProfitRatio": 0.1887661141804788, "researchAndDevelopmentExpenses": 73000000, "generalAndAdministrativeExpenses": 39000000, "sellingAndMarketingExpenses": 0.0, "otherExpenses": 2000000.0, "operatingExpenses": 111000000, "costAndExpenses": 992000000, "interestExpense": 0.0, "depreciationAndAmortization": 43000000, "ebitda": 135000000, "ebitdaratio": 0.12430939226519337, "operatingIncome": 92000000, "operatingIncomeRatio": 0.0847145488029466, "totalOtherIncomeExpensesNet": 0.0, "incomeBeforeTax": 98000000, "incomeBeforeTaxRatio": 0.09023941068139964, "incomeTaxExpense": -19000000, "netIncome": 118000000, "netIncomeRatio": 0.10865561694290976, "eps": 1.84, "epsdiluted": 1.76, "weightedAverageShsOut": 215000000, "weightedAverageShsOutDil": 223000000, "link": "https://www.sec.gov/Archives/edgar/data/106040/000089256906001395/0000892569-06-001395-index.htm", "finalLink": "https://www.sec.gov/Archives/edgar/data/106040/000089256906001395/a23647e10vk.htm"}, {"date": "2006-03-31", "symbol": "WDC", "fillingDate": "2006-05-09", "acceptedDate": "2006-05-08 18:35:57", "period": "Q3", "revenue": 1128000000, "costOfRevenue": 911000000, "grossProfit": 217000000, "grossProfitRatio": 0.19237588652482268, "researchAndDevelopmentExpenses": 78000000, "generalAndAdministrativeExpenses": 38000000, "sellingAndMarketingExpenses": 0.0, "otherExpenses": 0.0, "operatingExpenses": 117000000, "costAndExpenses": 1028000000, "interestExpense": -2000000.0, "depreciationAndAmortization": 42000000, "ebitda": 143000000, "ebitdaratio": 0.12677304964539007, "operatingIncome": 101000000, "operatingIncomeRatio": 0.08953900709219859, "totalOtherIncomeExpensesNet": 0.0, "incomeBeforeTax": 106000000, "incomeBeforeTaxRatio": 0.09397163120567376, "incomeTaxExpense": 3000000.0, "netIncome": 103000000, "netIncomeRatio": 0.09131205673758866, "eps": 1.29, "epsdiluted": 1.24, "weightedAverageShsOut": 214000000, "weightedAverageShsOutDil": 223000000, "link": "https://www.sec.gov/Archives/edgar/data/106040/000095013706005557/0000950137-06-005557-index.htm", "finalLink": "https://www.sec.gov/Archives/edgar/data/106040/000095013706005557/a20192e10vq.htm"}, {"date": "2005-12-30", "symbol": "WDC", "fillingDate": "2006-02-08", "acceptedDate": "2006-02-08 14:34:09", "period": "Q2", "revenue": 1118000000, "costOfRevenue": 889000000, "grossProfit": 229000000, "grossProfitRatio": 0.20483005366726298, "researchAndDevelopmentExpenses": 76000000, "generalAndAdministrativeExpenses": 48000000, "sellingAndMarketingExpenses": 0.0, "otherExpenses": 1000000.0, "operatingExpenses": 124000000, "costAndExpenses": 1013000000, "interestExpense": -1000000.0, "depreciationAndAmortization": 39000000, "ebitda": 144000000, "ebitdaratio": 0.12880143112701253, "operatingIncome": 105000000, "operatingIncomeRatio": 0.09391771019677997, "totalOtherIncomeExpensesNet": -2000000.0, "incomeBeforeTax": 107000000, "incomeBeforeTaxRatio": 0.09570661896243292, "incomeTaxExpense": 3000000.0, "netIncome": 105000000, "netIncomeRatio": 0.09391771019677997, "eps": 0.81, "epsdiluted": 0.78, "weightedAverageShsOut": 212000000, "weightedAverageShsOutDil": 221000000, "link": "https://www.sec.gov/Archives/edgar/data/106040/000095013706001502/0000950137-06-001502-index.htm", "finalLink": "https://www.sec.gov/Archives/edgar/data/106040/000095013706001502/a17011e10vq.htm"}, {"date": "2005-09-30", "symbol": "WDC", "fillingDate": "2005-11-09", "acceptedDate": "2005-11-09 15:01:44", "period": "Q1", "revenue": 1009000000, "costOfRevenue": 831000000, "grossProfit": 178000000, "grossProfitRatio": 0.17641228939544104, "researchAndDevelopmentExpenses": 70000000, "generalAndAdministrativeExpenses": 40000000, "sellingAndMarketingExpenses": 0.0, "otherExpenses": 0.0, "operatingExpenses": 110000000, "costAndExpenses": 941000000, "interestExpense": 0.0, "depreciationAndAmortization": 35000000, "ebitda": 102000000, "ebitdaratio": 0.10109018830525272, "operatingIncome": 67000000, "operatingIncomeRatio": 0.06640237859266601, "totalOtherIncomeExpensesNet": 2000000.0, "incomeBeforeTax": 70000000, "incomeBeforeTaxRatio": 0.06937561942517344, "incomeTaxExpense": 1000000.0, "netIncome": 68000000, "netIncomeRatio": 0.06739345887016848, "eps": 0.32, "epsdiluted": 0.31, "weightedAverageShsOut": 212000000, "weightedAverageShsOutDil": 221000000, "link": "https://www.sec.gov/Archives/edgar/data/106040/000095013705013547/0000950137-05-013547-index.htm", "finalLink": "https://www.sec.gov/Archives/edgar/data/106040/000095013705013547/a14327e10vq.htm"}, {"date": "2005-07-01", "symbol": "WDC", "fillingDate": "2005-09-14", "acceptedDate": "2005-09-14 14:50:30", "period": "FY", "revenue": 940000000, "costOfRevenue": 781000000, "grossProfit": 159000000, "grossProfitRatio": 0.16914893617021276, "researchAndDevelopmentExpenses": 64000000, "generalAndAdministrativeExpenses": 57000000, "sellingAndMarketingExpenses": 0.0, "otherExpenses": 0.0, "operatingExpenses": 121000000, "costAndExpenses": 902000000, "interestExpense": 0.0, "depreciationAndAmortization": 37000000, "ebitda": 75000000, "ebitdaratio": 0.0797872340425532, "operatingIncome": 38000000, "operatingIncomeRatio": 0.04042553191489362, "totalOtherIncomeExpensesNet": 3000000.0, "incomeBeforeTax": 41000000, "incomeBeforeTaxRatio": 0.043617021276595745, "incomeTaxExpense": -1000000.0, "netIncome": 41000000, "netIncomeRatio": 0.043617021276595745, "eps": 0.96, "epsdiluted": 0.91, "weightedAverageShsOut": 207000000, "weightedAverageShsOutDil": 216000000, "link": "https://www.sec.gov/Archives/edgar/data/106040/000095013705011286/0000950137-05-011286-index.htm", "finalLink": "https://www.sec.gov/Archives/edgar/data/106040/000095013705011286/a12474e10vk.htm"}, {"date": "2005-04-01", "symbol": "WDC", "fillingDate": "2005-05-06", "acceptedDate": "2005-05-06 15:59:20", "period": "Q3", "revenue": 920000000, "costOfRevenue": 753000000, "grossProfit": 167000000, "grossProfitRatio": 0.1815217391304348, "researchAndDevelopmentExpenses": 61000000, "generalAndAdministrativeExpenses": 36000000, "sellingAndMarketingExpenses": 0.0, "otherExpenses": -1000000.0, "operatingExpenses": 96000000, "costAndExpenses": 849000000, "interestExpense": 0.0, "depreciationAndAmortization": 36000000, "ebitda": 107000000, "ebitdaratio": 0.11630434782608695, "operatingIncome": 71000000, "operatingIncomeRatio": 0.07717391304347826, "totalOtherIncomeExpensesNet": 2000000.0, "incomeBeforeTax": 73000000, "incomeBeforeTaxRatio": 0.07934782608695652, "incomeTaxExpense": 2000000.0, "netIncome": 71000000, "netIncomeRatio": 0.07717391304347826, "eps": 0.76, "epsdiluted": 0.73, "weightedAverageShsOut": 206000000, "weightedAverageShsOutDil": 215000000, "link": "https://www.sec.gov/Archives/edgar/data/106040/000095013705005511/0000950137-05-005511-index.htm", "finalLink": "https://www.sec.gov/Archives/edgar/data/106040/000095013705005511/a08284e10vq.htm"}, {"date": "2004-12-31", "symbol": "WDC", "fillingDate": "2005-02-09", "acceptedDate": "2005-02-09 15:08:14", "period": "Q2", "revenue": 955000000, "costOfRevenue": 805000000, "grossProfit": 150000000, "grossProfitRatio": 0.15706806282722513, "researchAndDevelopmentExpenses": 59000000, "generalAndAdministrativeExpenses": 34000000, "sellingAndMarketingExpenses": 0.0, "otherExpenses": 1000000.0, "operatingExpenses": 94000000, "costAndExpenses": 899000000, "interestExpense": 0.0, "depreciationAndAmortization": 32000000, "ebitda": 88000000, "ebitdaratio": 0.09214659685863874, "operatingIncome": 56000000, "operatingIncomeRatio": 0.05863874345549738, "totalOtherIncomeExpensesNet": 0.0, "incomeBeforeTax": 57000000, "incomeBeforeTaxRatio": 0.05968586387434555, "incomeTaxExpense": 2000000.0, "netIncome": 56000000, "netIncomeRatio": 0.05863874345549738, "eps": 0.42, "epsdiluted": 0.41, "weightedAverageShsOut": 205000000, "weightedAverageShsOutDil": 213000000, "link": "https://www.sec.gov/Archives/edgar/data/106040/000095013705001423/0000950137-05-001423-index.htm", "finalLink": "https://www.sec.gov/Archives/edgar/data/106040/000095013705001423/a05270e10vq.htm"}, {"date": "2004-10-01", "symbol": "WDC", "fillingDate": "2004-11-09", "acceptedDate": "2004-11-09 16:19:13", "period": "Q1", "revenue": 823000000, "costOfRevenue": 710000000, "grossProfit": 113000000, "grossProfitRatio": 0.13730255164034022, "researchAndDevelopmentExpenses": 54000000, "generalAndAdministrativeExpenses": 27000000, "sellingAndMarketingExpenses": 0.0, "otherExpenses": 0.0, "operatingExpenses": 81000000, "costAndExpenses": 791000000, "interestExpense": 0.0, "depreciationAndAmortization": 29000000, "ebitda": 60000000, "ebitdaratio": 0.07290400972053462, "operatingIncome": 31000000, "operatingIncomeRatio": 0.03766707168894289, "totalOtherIncomeExpensesNet": 0.0, "incomeBeforeTax": 31000000, "incomeBeforeTaxRatio": 0.03766707168894289, "incomeTaxExpense": 0.0, "netIncome": 30000000, "netIncomeRatio": 0.03645200486026731, "eps": 0.15, "epsdiluted": 0.14, "weightedAverageShsOut": 205000000, "weightedAverageShsOutDil": 212000000, "link": "https://www.sec.gov/Archives/edgar/data/106040/000095013704009675/0000950137-04-009675-index.htm", "finalLink": "https://www.sec.gov/Archives/edgar/data/106040/000095013704009675/a02899e10vq.htm"}, {"date": "2004-07-02", "symbol": "WDC", "fillingDate": "2004-09-14", "acceptedDate": "2004-09-14 16:12:31", "period": "FY", "revenue": 749000000, "costOfRevenue": 648000000, "grossProfit": 101000000, "grossProfitRatio": 0.1348464619492657, "researchAndDevelopmentExpenses": 47000000, "generalAndAdministrativeExpenses": 24000000, "sellingAndMarketingExpenses": 0.0, "otherExpenses": 0.0, "operatingExpenses": 71000000, "costAndExpenses": 719000000, "interestExpense": 0.0, "depreciationAndAmortization": 27000000, "ebitda": 56000000, "ebitdaratio": 0.07476635514018691, "operatingIncome": 29000000, "operatingIncomeRatio": 0.03871829105473965, "totalOtherIncomeExpensesNet": 0.0, "incomeBeforeTax": 30000000, "incomeBeforeTaxRatio": 0.04005340453938585, "incomeTaxExpense": 0.0, "netIncome": 30000000, "netIncomeRatio": 0.04005340453938585, "eps": 0.74, "epsdiluted": 0.74, "weightedAverageShsOut": 205000000, "weightedAverageShsOutDil": 216000000, "link": "https://www.sec.gov/Archives/edgar/data/106040/000095013704007712/0000950137-04-007712-index.htm", "finalLink": "https://www.sec.gov/Archives/edgar/data/106040/000095013704007712/a01568e10vk.htm"}, {"date": "2004-03-26", "symbol": "WDC", "fillingDate": "2004-05-06", "acceptedDate": "2004-05-06 17:04:24", "period": "Q3", "revenue": 748000000, "costOfRevenue": 626000000, "grossProfit": 122000000, "grossProfitRatio": 0.16310160427807488, "researchAndDevelopmentExpenses": 47000000, "generalAndAdministrativeExpenses": 27000000, "sellingAndMarketingExpenses": 0.0, "otherExpenses": 0.0, "operatingExpenses": 74000000, "costAndExpenses": 700000000, "interestExpense": 0.0, "depreciationAndAmortization": 27000000, "ebitda": 76000000, "ebitdaratio": 0.10160427807486631, "operatingIncome": 49000000, "operatingIncomeRatio": 0.06550802139037433, "totalOtherIncomeExpensesNet": 0.0, "incomeBeforeTax": 49000000, "incomeBeforeTaxRatio": 0.06550802139037433, "incomeTaxExpense": 1000000.0, "netIncome": 48000000, "netIncomeRatio": 0.06417112299465241, "eps": 0.59, "epsdiluted": 0.56, "weightedAverageShsOut": 205000000, "weightedAverageShsOutDil": 217000000, "link": "https://www.sec.gov/Archives/edgar/data/106040/000095013704003661/0000950137-04-003661-index.htm", "finalLink": "https://www.sec.gov/Archives/edgar/data/106040/000095013704003661/a98665e10vq.htm"}, {"date": "2003-12-26", "symbol": "WDC", "fillingDate": "2004-02-03", "acceptedDate": "2004-02-03 16:00:33", "period": "Q2", "revenue": 835000000, "costOfRevenue": 693000000, "grossProfit": 142000000, "grossProfitRatio": 0.17005988023952096, "researchAndDevelopmentExpenses": 44000000, "generalAndAdministrativeExpenses": 27000000, "sellingAndMarketingExpenses": 0.0, "otherExpenses": -1000000.0, "operatingExpenses": 70000000, "costAndExpenses": 763000000, "interestExpense": 0.0, "depreciationAndAmortization": 26000000, "ebitda": 98000000, "ebitdaratio": 0.11736526946107785, "operatingIncome": 72000000, "operatingIncomeRatio": 0.08622754491017964, "totalOtherIncomeExpensesNet": 0.0, "incomeBeforeTax": 71000000, "incomeBeforeTaxRatio": 0.08502994011976048, "incomeTaxExpense": 2000000.0, "netIncome": 68000000, "netIncomeRatio": 0.081437125748503, "eps": 0.36, "epsdiluted": 0.34, "weightedAverageShsOut": 204000000, "weightedAverageShsOutDil": 216000000, "link": "https://www.sec.gov/Archives/edgar/data/106040/000089256904000137/0000892569-04-000137-index.htm", "finalLink": "https://www.sec.gov/Archives/edgar/data/106040/000089256904000137/a96035e10vq.htm"}, {"date": "2003-09-26", "symbol": "WDC", "fillingDate": "2003-11-07", "acceptedDate": "2003-11-07 15:32:33", "period": "Q1", "revenue": 714000000, "costOfRevenue": 618000000, "grossProfit": 96000000, "grossProfitRatio": 0.13445378151260504, "researchAndDevelopmentExpenses": 63000000, "generalAndAdministrativeExpenses": 27000000, "sellingAndMarketingExpenses": 0.0, "otherExpenses": 1000000.0, "operatingExpenses": 91000000, "costAndExpenses": 709000000, "interestExpense": 0.0, "depreciationAndAmortization": 21000000, "ebitda": 25000000, "ebitdaratio": 0.0350140056022409, "operatingIncome": 4000000.0, "operatingIncomeRatio": 0.0056022408963585435, "totalOtherIncomeExpensesNet": 0.0, "incomeBeforeTax": 5000000.0, "incomeBeforeTaxRatio": 0.0070028011204481795, "incomeTaxExpense": 0.0, "netIncome": 5000000.0, "netIncomeRatio": 0.0070028011204481795, "eps": 0.02, "epsdiluted": 0.02, "weightedAverageShsOut": 204000000, "weightedAverageShsOutDil": 215000000, "link": "https://www.sec.gov/Archives/edgar/data/106040/000089256903002515/0000892569-03-002515-index.htm", "finalLink": "https://www.sec.gov/Archives/edgar/data/106040/000089256903002515/a94249e10vq.htm"}, {"date": "2003-06-27", "symbol": "WDC", "fillingDate": "2003-09-23", "acceptedDate": "2003-09-23 17:24:55", "period": "FY", "revenue": 2718000000, "costOfRevenue": 2275000000, "grossProfit": 443000000, "grossProfitRatio": 0.16298749080206035, "researchAndDevelopmentExpenses": 134000000, "generalAndAdministrativeExpenses": 121000000, "sellingAndMarketingExpenses": 0.0, "otherExpenses": 1000000.0, "operatingExpenses": 256000000, "costAndExpenses": 2531000000, "interestExpense": -1000000.0, "depreciationAndAmortization": -36248000000, "ebitda": -36062000000, "ebitdaratio": -13.26784400294334, "operatingIncome": 186000000, "operatingIncomeRatio": 0.0684326710816777, "totalOtherIncomeExpensesNet": 1000000.0, "incomeBeforeTax": 188000000, "incomeBeforeTaxRatio": 0.06916850625459897, "incomeTaxExpense": 7000000.0, "netIncome": 182000000, "netIncomeRatio": 0.06696100073583518, "eps": 0.92, "epsdiluted": 0.92, "weightedAverageShsOut": 195000000, "weightedAverageShsOutDil": 205000000, "link": "https://www.sec.gov/Archives/edgar/data/106040/000089256903002216/0000892569-03-002216-index.htm", "finalLink": "https://www.sec.gov/Archives/edgar/data/106040/000089256903002216/a93092e10vk.htm"}, {"date": "2003-03-28", "symbol": "WDC", "fillingDate": "2003-05-09", "acceptedDate": "2003-05-09 15:05:05", "period": "Q3", "revenue": 705839000, "costOfRevenue": 583819000, "grossProfit": 122020000, "grossProfitRatio": 0.17287228390610324, "researchAndDevelopmentExpenses": 34726000, "generalAndAdministrativeExpenses": 30205000, "sellingAndMarketingExpenses": 0.0, "otherExpenses": -316000.0, "operatingExpenses": 64931000, "costAndExpenses": 648750000, "interestExpense": 316000.0, "depreciationAndAmortization": 12862000, "ebitda": 69951000, "ebitdaratio": 0.0991033365965893, "operatingIncome": 57089000, "operatingIncomeRatio": 0.08088105077786861, "totalOtherIncomeExpensesNet": -316000.0, "incomeBeforeTax": 56773000, "incomeBeforeTaxRatio": 0.0804333566153188, "incomeTaxExpense": -2271000.0, "netIncome": 54502000, "netIncomeRatio": 0.07721590901041173, "eps": 0.77, "epsdiluted": 0.77, "weightedAverageShsOut": 194149000, "weightedAverageShsOutDil": 202890000, "link": "https://www.sec.gov/Archives/edgar/data/106040/000089256903001205/0000892569-03-001205-index.htm", "finalLink": "https://www.sec.gov/Archives/edgar/data/106040/000089256903001205/a89926e10vq.htm"}, {"date": "2002-12-27", "symbol": "WDC", "fillingDate": "2003-02-07", "acceptedDate": "2003-02-07 15:37:46", "period": "Q2", "revenue": 1332399000, "costOfRevenue": 1104675000, "grossProfit": 227724000, "grossProfitRatio": 0.17091276712156042, "researchAndDevelopmentExpenses": 66324000, "generalAndAdministrativeExpenses": 60072000, "sellingAndMarketingExpenses": 0.0, "otherExpenses": -2049000.0, "operatingExpenses": 126396000, "costAndExpenses": 1231071000, "interestExpense": 2049000.0, "depreciationAndAmortization": -22358000, "ebitda": 78970000, "ebitdaratio": 0.05926903277471688, "operatingIncome": 101328000, "operatingIncomeRatio": 0.07604929154104739, "totalOtherIncomeExpensesNet": -2049000.0, "incomeBeforeTax": 99279000, "incomeBeforeTaxRatio": 0.07451146390833377, "incomeTaxExpense": -4024000.0, "netIncome": 96575000, "netIncomeRatio": 0.07248204179078489, "eps": 0.49, "epsdiluted": 0.49, "weightedAverageShsOut": 193095000, "weightedAverageShsOutDil": 193095000, "link": "https://www.sec.gov/Archives/edgar/data/106040/000089256903000314/0000892569-03-000314-index.htm", "finalLink": "https://www.sec.gov/Archives/edgar/data/106040/000089256903000314/a87431e10vq.htm"}, {"date": "2002-06-28", "symbol": "WDC", "fillingDate": "2002-09-25", "acceptedDate": "2002-09-25 15:09:24", "period": "FY", "revenue": 540672000, "costOfRevenue": 466654000, "grossProfit": 74018000, "grossProfitRatio": 0.1369000059185606, "researchAndDevelopmentExpenses": -96040000, "generalAndAdministrativeExpenses": 22726000, "sellingAndMarketingExpenses": 0.0, "otherExpenses": -1350000.0, "operatingExpenses": -73314000, "costAndExpenses": 513468000, "interestExpense": 1350000.0, "depreciationAndAmortization": 11470000, "ebitda": 38674000, "ebitdaratio": 0.07152950402462122, "operatingIncome": 27204000, "operatingIncomeRatio": 0.05031516335227273, "totalOtherIncomeExpensesNet": -1350000.0, "incomeBeforeTax": 25854000, "incomeBeforeTaxRatio": 0.04781827059659091, "incomeTaxExpense": 0.0, "netIncome": 13118000, "netIncomeRatio": 0.024262399384469696, "eps": 0.28, "epsdiluted": 0.28, "weightedAverageShsOut": 188988000, "weightedAverageShsOutDil": 193708000, "link": "https://www.sec.gov/Archives/edgar/data/106040/000089256902001988/0000892569-02-001988-index.htm", "finalLink": "https://www.sec.gov/Archives/edgar/data/106040/000089256902001988/a83140e10vk.htm"}, {"date": "2002-03-29", "symbol": "WDC", "fillingDate": "2002-05-06", "acceptedDate": "2002-05-06 16:57:13", "period": "Q3", "revenue": 594867000, "costOfRevenue": 513849000, "grossProfit": 81018000, "grossProfitRatio": 0.13619514950400677, "researchAndDevelopmentExpenses": 33206000, "generalAndAdministrativeExpenses": 29760000, "sellingAndMarketingExpenses": 0.0, "otherExpenses": -492000.0, "operatingExpenses": 62966000, "costAndExpenses": 576815000, "interestExpense": 492000.0, "depreciationAndAmortization": 11715000, "ebitda": 29767000, "ebitdaratio": 0.05003975678597065, "operatingIncome": 18052000, "operatingIncomeRatio": 0.030346279084232274, "totalOtherIncomeExpensesNet": -492000.0, "incomeBeforeTax": -6871000.0, "incomeBeforeTaxRatio": -0.011550481031894525, "incomeTaxExpense": 0.0, "netIncome": 19198000, "netIncomeRatio": 0.03227276012957518, "eps": 0.15, "epsdiluted": 0.15, "weightedAverageShsOut": 188139000, "weightedAverageShsOutDil": 192372000, "link": "https://www.sec.gov/Archives/edgar/data/106040/000095012302004719/0000950123-02-004719-index.htm", "finalLink": "https://www.sec.gov/Archives/edgar/data/106040/000095012302004719/a80963e10-q.htm"}, {"date": "2001-12-28", "symbol": "WDC", "fillingDate": "2002-02-08", "acceptedDate": "2002-02-08 00:00:00", "period": "Q2", "revenue": 591247000, "costOfRevenue": 490618000, "grossProfit": 100629000, "grossProfitRatio": 0.17019790375257718, "researchAndDevelopmentExpenses": 62834000, "generalAndAdministrativeExpenses": 28788000, "sellingAndMarketingExpenses": 0.0, "otherExpenses": 4893000.0, "operatingExpenses": 91622000, "costAndExpenses": 550239000, "interestExpense": -4893000.0, "depreciationAndAmortization": 11349000, "ebitda": 24814000, "ebitdaratio": 0.04196892330954745, "operatingIncome": 13465000, "operatingIncomeRatio": 0.022773899909851552, "totalOtherIncomeExpensesNet": 4893000.0, "incomeBeforeTax": 68638000, "incomeBeforeTaxRatio": 0.11609022963330047, "incomeTaxExpense": 0.0, "netIncome": 68638000, "netIncomeRatio": 0.11609022963330047, "eps": 0.05, "epsdiluted": 0.05, "weightedAverageShsOut": 187163000, "weightedAverageShsOutDil": 189381000, "link": "https://www.sec.gov/Archives/edgar/data/106040/000089256902000227/0000892569-02-000227-index.htm", "finalLink": "https://www.sec.gov/Archives/edgar/data/106040/000089256902000227/a78894e10-q.htm"}]