[{"date": "2020-05-02", "symbol": "ULTA", "fillingDate": "2020-05-28", "acceptedDate": "2020-05-28 16:25:48", "period": "Q1", "revenue": 1173210000, "costOfRevenue": 869605000, "grossProfit": 303605000, "grossProfitRatio": 0.2587814628242173, "researchAndDevelopmentExpenses": 0.0, "generalAndAdministrativeExpenses": 380912000, "sellingAndMarketingExpenses": 0.0, "otherExpenses": 0.0, "operatingExpenses": 380912000, "costAndExpenses": 1250517000, "interestExpense": -1272000.0, "depreciationAndAmortization": 76626000, "ebitda": -24858000, "ebitdaratio": -0.021188022604648783, "operatingIncome": -101484000, "operatingIncomeRatio": -0.0865011379037001, "totalOtherIncomeExpensesNet": 0.0, "incomeBeforeTax": -102756000, "incomeBeforeTaxRatio": -0.08758534277750786, "incomeTaxExpense": -24247000, "netIncome": -78509000, "netIncomeRatio": -0.06691811355170856, "eps": -1.39, "epsdiluted": -1.39, "weightedAverageShsOut": 56419000, "weightedAverageShsOutDil": 56419000, "link": "https://www.sec.gov/Archives/edgar/data/1403568/000155837020007085/0001558370-20-007085-index.htm", "finalLink": "https://www.sec.gov/Archives/edgar/data/1403568/000155837020007085/ulta-20200528x10q.htm"}, {"date": "2020-02-01", "symbol": "ULTA", "fillingDate": "2020-03-27", "acceptedDate": "2020-03-27 16:43:34", "period": "FY", "revenue": 2305918000, "costOfRevenue": 1499033000, "grossProfit": 806885000, "grossProfitRatio": 0.3499192078816333, "researchAndDevelopmentExpenses": 0.0, "generalAndAdministrativeExpenses": 515542000, "sellingAndMarketingExpenses": 0.0, "otherExpenses": 0.0, "operatingExpenses": 515542000, "costAndExpenses": 2014575000, "interestExpense": 0.0, "depreciationAndAmortization": 76392000, "ebitda": 364148000, "ebitdaratio": 0.157918885234, "operatingIncome": 287756000, "operatingIncomeRatio": 0.124790213702, "totalOtherIncomeExpensesNet": 0.0, "incomeBeforeTax": 288195000, "incomeBeforeTaxRatio": 0.124980593412, "incomeTaxExpense": 65476000, "netIncome": 222719000, "netIncomeRatio": 0.0965858282905, "eps": 3.9, "epsdiluted": 3.88, "weightedAverageShsOut": 57840000, "weightedAverageShsOutDil": 58105000, "link": "https://www.sec.gov/Archives/edgar/data/1403568/000155837020003272/0001558370-20-003272-index.htm", "finalLink": "https://www.sec.gov/Archives/edgar/data/1403568/000155837020003272/ulta-20200201x10k11b4b7.htm"}, {"date": "2019-11-02", "symbol": "ULTA", "fillingDate": "2019-12-05", "acceptedDate": "2019-12-05 17:01:10", "period": "Q3", "revenue": 1682514000, "costOfRevenue": 1059081000, "grossProfit": 623433000, "grossProfitRatio": 0.37053658988870225, "researchAndDevelopmentExpenses": 0.0, "generalAndAdministrativeExpenses": 449198000, "sellingAndMarketingExpenses": 0.0, "otherExpenses": 0.0, "operatingExpenses": 449198000, "costAndExpenses": 1508279000, "interestExpense": 0.0, "depreciationAndAmortization": 74256000, "ebitda": 242036000, "ebitdaratio": 0.143853780711, "operatingIncome": 167780000, "operatingIncomeRatio": 0.0997198240252, "totalOtherIncomeExpensesNet": 0.0, "incomeBeforeTax": 168680000, "incomeBeforeTaxRatio": 0.100254737851, "incomeTaxExpense": 38933000, "netIncome": 129747000, "netIncomeRatio": 0.0771149601133, "eps": 2.26, "epsdiluted": 2.25, "weightedAverageShsOut": 58123000, "weightedAverageShsOutDil": 58396000, "link": "https://www.sec.gov/Archives/edgar/data/1403568/000155837019011366/0001558370-19-011366-index.htm", "finalLink": "https://www.sec.gov/Archives/edgar/data/1403568/000155837019011366/ulta-20191102x10qdf6081.htm"}, {"date": "2019-08-03", "symbol": "ULTA", "fillingDate": "2019-08-29", "acceptedDate": "2019-08-29 16:27:46", "period": "Q2", "revenue": 1666607000, "costOfRevenue": 1060708000, "grossProfit": 605899000, "grossProfitRatio": 0.3635524151764633, "researchAndDevelopmentExpenses": 0.0, "generalAndAdministrativeExpenses": 392843000, "sellingAndMarketingExpenses": 0.0, "otherExpenses": 0.0, "operatingExpenses": 392843000, "costAndExpenses": 1453551000, "interestExpense": 0.0, "depreciationAndAmortization": 73141000, "ebitda": 281159000, "ebitdaratio": 0.168701439512, "operatingIncome": 208018000, "operatingIncomeRatio": 0.124815268387, "totalOtherIncomeExpensesNet": 0.0, "incomeBeforeTax": 209689000, "incomeBeforeTaxRatio": 0.125817904281, "incomeTaxExpense": 48431000, "netIncome": 161258000, "netIncomeRatio": 0.0967582639458, "eps": 2.77, "epsdiluted": 2.76, "weightedAverageShsOut": 58401000, "weightedAverageShsOutDil": 58718000, "link": "https://www.sec.gov/Archives/edgar/data/1403568/000155837019008397/0001558370-19-008397-index.htm", "finalLink": "https://www.sec.gov/Archives/edgar/data/1403568/000155837019008397/ulta-20190803x10q.htm"}, {"date": "2019-05-04", "symbol": "ULTA", "fillingDate": "2019-05-30", "acceptedDate": "2019-05-30 16:22:03", "period": "Q1", "revenue": 1743029000, "costOfRevenue": 1098182000, "grossProfit": 644847000, "grossProfitRatio": 0.3699577000726896, "researchAndDevelopmentExpenses": 0.0, "generalAndAdministrativeExpenses": 403133000, "sellingAndMarketingExpenses": 0.0, "otherExpenses": 0.0, "operatingExpenses": 403133000, "costAndExpenses": 1501315000, "interestExpense": 0.0, "depreciationAndAmortization": 71810000, "ebitda": 309350000, "ebitdaratio": 0.177478401105, "operatingIncome": 237540000, "operatingIncomeRatio": 0.136280004521, "totalOtherIncomeExpensesNet": 0.0, "incomeBeforeTax": 239586000, "incomeBeforeTaxRatio": 0.137453823201, "incomeTaxExpense": 47365000, "netIncome": 192221000, "netIncomeRatio": 0.110279863387, "eps": 3.28, "epsdiluted": 3.26, "weightedAverageShsOut": 58631000, "weightedAverageShsOutDil": 58993000, "link": "https://www.sec.gov/Archives/edgar/data/1403568/000155837019005390/0001558370-19-005390-index.htm", "finalLink": "https://www.sec.gov/Archives/edgar/data/1403568/000155837019002739/ulta-20190202x10k.htm"}, {"date": "2019-02-02", "symbol": "ULTA", "fillingDate": "2019-04-02", "acceptedDate": "2019-04-02 13:31:13", "period": "FY", "revenue": 2124716000, "costOfRevenue": 1383857000, "grossProfit": 740859000, "grossProfitRatio": 0.3486861302875302, "researchAndDevelopmentExpenses": 0.0, "generalAndAdministrativeExpenses": 457245000, "sellingAndMarketingExpenses": 0.0, "otherExpenses": 0.0, "operatingExpenses": 457245000, "costAndExpenses": 1841102000, "interestExpense": 0.0, "depreciationAndAmortization": 71820000, "ebitda": 353030000, "ebitdaratio": 0.166153970695, "operatingIncome": 281210000, "operatingIncomeRatio": 0.132351806077, "totalOtherIncomeExpensesNet": 0.0, "incomeBeforeTax": 282485000, "incomeBeforeTaxRatio": 0.132951886276, "incomeTaxExpense": 67811000, "netIncome": 214674000, "netIncomeRatio": 0.101036562063, "eps": 3.62, "epsdiluted": 3.59, "weightedAverageShsOut": 59864000, "weightedAverageShsOutDil": 60181000, "link": "https://www.sec.gov/Archives/edgar/data/1403568/000155837019002739/0001558370-19-002739-index.htm", "finalLink": "https://www.sec.gov/Archives/edgar/data/1403568/000155837019002739/ulta-20190202x10k.htm"}, {"date": "2018-11-03", "symbol": "ULTA", "fillingDate": "2018-12-06", "acceptedDate": "2018-12-06 16:10:53", "period": "Q3", "revenue": 1560011000, "costOfRevenue": 987733000, "grossProfit": 572278000, "grossProfitRatio": 0.36684228508645134, "researchAndDevelopmentExpenses": 0.0, "generalAndAdministrativeExpenses": 395453000, "sellingAndMarketingExpenses": 0.0, "otherExpenses": 0.0, "operatingExpenses": 395453000, "costAndExpenses": 1383186000, "interestExpense": 0.0, "depreciationAndAmortization": 69837000, "ebitda": 239050000, "ebitdaratio": 0.153236098976, "operatingIncome": 169213000, "operatingIncomeRatio": 0.108469106949, "totalOtherIncomeExpensesNet": 0.0, "incomeBeforeTax": 170531000, "incomeBeforeTaxRatio": 0.109313972786, "incomeTaxExpense": 39365000, "netIncome": 131166000, "netIncomeRatio": 0.0840801763577, "eps": 2.2, "epsdiluted": 2.19, "weightedAverageShsOut": 60135000, "weightedAverageShsOutDil": 60432000, "link": "https://www.sec.gov/Archives/edgar/data/1403568/000155837018009611/0001558370-18-009611-index.htm", "finalLink": "https://www.sec.gov/Archives/edgar/data/1403568/000155837018009611/ulta-20181103x10q.htm"}, {"date": "2018-08-04", "symbol": "ULTA", "fillingDate": "2018-08-30", "acceptedDate": "2018-08-30 16:23:28", "period": "Q2", "revenue": 1488221000, "costOfRevenue": 952760000, "grossProfit": 535461000, "grossProfitRatio": 0.35979938463440575, "researchAndDevelopmentExpenses": 0.0, "generalAndAdministrativeExpenses": 337142000, "sellingAndMarketingExpenses": 0.0, "otherExpenses": 0.0, "operatingExpenses": 337142000, "costAndExpenses": 1289902000, "interestExpense": 0.0, "depreciationAndAmortization": 69026000, "ebitda": 262841000, "ebitdaratio": 0.176614225979, "operatingIncome": 193815000, "operatingIncomeRatio": 0.130232673776, "totalOtherIncomeExpensesNet": 0.0, "incomeBeforeTax": 194958000, "incomeBeforeTaxRatio": 0.131000704868, "incomeTaxExpense": 46635000, "netIncome": 148323000, "netIncomeRatio": 0.0996646331425, "eps": 2.47, "epsdiluted": 2.46, "weightedAverageShsOut": 60340000, "weightedAverageShsOutDil": 60630000, "link": "https://www.sec.gov/Archives/edgar/data/1403568/000155837018007310/0001558370-18-007310-index.htm", "finalLink": "https://www.sec.gov/Archives/edgar/data/1403568/000155837018007310/ulta-20180804x10q.htm"}, {"date": "2018-05-05", "symbol": "ULTA", "fillingDate": "2018-06-01", "acceptedDate": "2018-06-01 11:20:26", "period": "Q1", "revenue": 1543667000, "costOfRevenue": 982954000, "grossProfit": 560713000, "grossProfitRatio": 0.36323442815063095, "researchAndDevelopmentExpenses": 0.0, "generalAndAdministrativeExpenses": 345624000, "sellingAndMarketingExpenses": 0.0, "otherExpenses": 0.0, "operatingExpenses": 345624000, "costAndExpenses": 1328578000, "interestExpense": 0.0, "depreciationAndAmortization": 68789000, "ebitda": 278631000, "ebitdaratio": 0.180499421183, "operatingIncome": 209842000, "operatingIncomeRatio": 0.135937349182, "totalOtherIncomeExpensesNet": 0.0, "incomeBeforeTax": 211167000, "incomeBeforeTaxRatio": 0.136795694926, "incomeTaxExpense": 46771000, "netIncome": 164396000, "netIncomeRatio": 0.106497061866, "eps": 2.71, "epsdiluted": 2.7, "weightedAverageShsOut": 60610000, "weightedAverageShsOutDil": 60909000, "link": "https://www.sec.gov/Archives/edgar/data/1403568/000155837018005078/0001558370-18-005078-index.htm", "finalLink": "https://www.sec.gov/Archives/edgar/data/1403568/000155837018002733/ulta-20180203x10k.htm"}, {"date": "2018-02-03", "symbol": "ULTA", "fillingDate": "2018-04-03", "acceptedDate": "2018-04-03 14:32:45", "period": "FY", "revenue": 1937592000, "costOfRevenue": 1279245000, "grossProfit": 658347000, "grossProfitRatio": 0.33977586612661487, "researchAndDevelopmentExpenses": 0.0, "generalAndAdministrativeExpenses": 399631000, "sellingAndMarketingExpenses": 0.0, "otherExpenses": 0.0, "operatingExpenses": 399631000, "costAndExpenses": 1678876000, "interestExpense": 0.0, "depreciationAndAmortization": 65003000, "ebitda": 319422000, "ebitdaratio": 0.164855139782, "operatingIncome": 254419000, "operatingIncomeRatio": 0.131306797303, "totalOtherIncomeExpensesNet": 0.0, "incomeBeforeTax": 254778000, "incomeBeforeTaxRatio": 0.131492078828, "incomeTaxExpense": 46605000, "netIncome": 208173000, "netIncomeRatio": 0.107439027411, "eps": 3.4, "epsdiluted": 3.38, "weightedAverageShsOut": 61556000, "weightedAverageShsOutDil": 61975000, "link": "https://www.sec.gov/Archives/edgar/data/1403568/000155837018002733/0001558370-18-002733-index.htm", "finalLink": "https://www.sec.gov/Archives/edgar/data/1403568/000155837018002733/ulta-20180203x10k.htm"}, {"date": "2017-10-28", "symbol": "ULTA", "fillingDate": "2017-11-30", "acceptedDate": "2017-11-30 16:17:04", "period": "Q3", "revenue": 1342181000, "costOfRevenue": 849053000, "grossProfit": 493128000, "grossProfitRatio": 0.3674079725461767, "researchAndDevelopmentExpenses": 0.0, "generalAndAdministrativeExpenses": 320729000, "sellingAndMarketingExpenses": 0.0, "otherExpenses": 0.0, "operatingExpenses": 320729000, "costAndExpenses": 1169782000, "interestExpense": 0.0, "depreciationAndAmortization": 62128000, "ebitda": 224795000, "ebitdaratio": 0.167484862325, "operatingIncome": 162667000, "operatingIncomeRatio": 0.121196023487, "totalOtherIncomeExpensesNet": 0.0, "incomeBeforeTax": 162983000, "incomeBeforeTaxRatio": 0.121431461181, "incomeTaxExpense": 58338000, "netIncome": 104645000, "netIncomeRatio": 0.0779663845636, "eps": 1.71, "epsdiluted": 1.7, "weightedAverageShsOut": 61778000, "weightedAverageShsOutDil": 62198000, "link": "https://www.sec.gov/Archives/edgar/data/1403568/000155837017009136/0001558370-17-009136-index.htm", "finalLink": "https://www.sec.gov/Archives/edgar/data/1403568/000155837017009136/ulta-20171028x10q.htm"}, {"date": "2017-07-29", "symbol": "ULTA", "fillingDate": "2017-08-31", "acceptedDate": "2017-08-31 16:11:27", "period": "Q2", "revenue": 1289854000, "costOfRevenue": 820528000, "grossProfit": 469326000, "grossProfitRatio": 0.3638597856811701, "researchAndDevelopmentExpenses": 0.0, "generalAndAdministrativeExpenses": 283427000, "sellingAndMarketingExpenses": 0.0, "otherExpenses": 0.0, "operatingExpenses": 283427000, "costAndExpenses": 1103955000, "interestExpense": 0.0, "depreciationAndAmortization": 63106000, "ebitda": 242906000, "ebitdaratio": 0.188320538604, "operatingIncome": 179800000, "operatingIncomeRatio": 0.13939562152, "totalOtherIncomeExpensesNet": 0.0, "incomeBeforeTax": 180355000, "incomeBeforeTaxRatio": 0.139825902777, "incomeTaxExpense": 66162000, "netIncome": 114193000, "netIncomeRatio": 0.088531725296, "eps": 1.85, "epsdiluted": 1.83, "weightedAverageShsOut": 62018000, "weightedAverageShsOutDil": 62483000, "link": "https://www.sec.gov/Archives/edgar/data/1403568/000119312517274347/0001193125-17-274347-index.htm", "finalLink": "https://www.sec.gov/Archives/edgar/data/1403568/000119312517274347/d377957d10q.htm"}, {"date": "2017-04-29", "symbol": "ULTA", "fillingDate": "2017-06-01", "acceptedDate": "2017-06-01 16:19:53", "period": "Q1", "revenue": 1314879000, "costOfRevenue": 838871000, "grossProfit": 476008000, "grossProfitRatio": 0.3620165809933842, "researchAndDevelopmentExpenses": 0.0, "generalAndAdministrativeExpenses": 283445000, "sellingAndMarketingExpenses": 0.0, "otherExpenses": 0.0, "operatingExpenses": 283445000, "costAndExpenses": 1122316000, "interestExpense": 0.0, "depreciationAndAmortization": 62476000, "ebitda": 250881000, "ebitdaratio": 0.190801587066, "operatingIncome": 188405000, "operatingIncomeRatio": 0.143286948837, "totalOtherIncomeExpensesNet": 0.0, "incomeBeforeTax": 188743000, "incomeBeforeTaxRatio": 0.143544006711, "incomeTaxExpense": 60520000, "netIncome": 128223000, "netIncomeRatio": 0.0975169578341, "eps": 2.06, "epsdiluted": 2.05, "weightedAverageShsOut": 62101000, "weightedAverageShsOutDil": 62594000, "link": "https://www.sec.gov/Archives/edgar/data/1403568/000119312517191202/0001193125-17-191202-index.htm", "finalLink": "https://www.sec.gov/Archives/edgar/data/1403568/000119312517099261/d329810d10k.htm"}, {"date": "2017-01-28", "symbol": "ULTA", "fillingDate": "2017-03-28", "acceptedDate": "2017-03-28 12:35:05", "period": "FY", "revenue": 1580574000, "costOfRevenue": 1035666000, "grossProfit": 544908000, "grossProfitRatio": 0.34475323521707935, "researchAndDevelopmentExpenses": 0.0, "generalAndAdministrativeExpenses": 316266000, "sellingAndMarketingExpenses": 0.0, "otherExpenses": 0.0, "operatingExpenses": 316266000, "costAndExpenses": 1351932000, "interestExpense": 0.0, "depreciationAndAmortization": 59281000, "ebitda": 283511000, "ebitdaratio": 0.179372177449, "operatingIncome": 224230000, "operatingIncomeRatio": 0.141866182792, "totalOtherIncomeExpensesNet": 0.0, "incomeBeforeTax": 224346000, "incomeBeforeTaxRatio": 0.141939573851, "incomeTaxExpense": 84128000, "netIncome": 140218000, "netIncomeRatio": 0.0887133408496, "eps": 2.25, "epsdiluted": 2.24, "weightedAverageShsOut": 62519000, "weightedAverageShsOutDil": 62851000, "link": "https://www.sec.gov/Archives/edgar/data/1403568/000119312517099261/0001193125-17-099261-index.htm", "finalLink": "https://www.sec.gov/Archives/edgar/data/1403568/000119312517099261/d329810d10k.htm"}, {"date": "2016-10-29", "symbol": "ULTA", "fillingDate": "2016-12-01", "acceptedDate": "2016-12-01 16:16:54", "period": "Q3", "revenue": 1131232000, "costOfRevenue": 704179000, "grossProfit": 427053000, "grossProfitRatio": 0.37751142117620434, "researchAndDevelopmentExpenses": 0.0, "generalAndAdministrativeExpenses": 280464000, "sellingAndMarketingExpenses": 0.0, "otherExpenses": 0.0, "operatingExpenses": 280464000, "costAndExpenses": 984643000, "interestExpense": 0.0, "depreciationAndAmortization": 53462000, "ebitda": 193123000, "ebitdaratio": 0.170719180504, "operatingIncome": 139661000, "operatingIncomeRatio": 0.123459202003, "totalOtherIncomeExpensesNet": 0.0, "incomeBeforeTax": 139872000, "incomeBeforeTaxRatio": 0.123645724308, "incomeTaxExpense": 52310000, "netIncome": 87562000, "netIncomeRatio": 0.0774041045515, "eps": 1.4, "epsdiluted": 1.39, "weightedAverageShsOut": 62625000, "weightedAverageShsOutDil": 62932000, "link": "https://www.sec.gov/Archives/edgar/data/1403568/000119312516782523/0001193125-16-782523-index.htm", "finalLink": "https://www.sec.gov/Archives/edgar/data/1403568/000119312516782523/d287538d10q.htm"}, {"date": "2016-07-30", "symbol": "ULTA", "fillingDate": "2016-08-25", "acceptedDate": "2016-08-25 16:13:53", "period": "Q2", "revenue": 1069215000, "costOfRevenue": 684377000, "grossProfit": 384838000, "grossProfitRatio": 0.3599257399119915, "researchAndDevelopmentExpenses": 0.0, "generalAndAdministrativeExpenses": 236380000, "sellingAndMarketingExpenses": 0.0, "otherExpenses": 0.0, "operatingExpenses": 236380000, "costAndExpenses": 920757000, "interestExpense": 0.0, "depreciationAndAmortization": 49665000, "ebitda": 193434000, "ebitdaratio": 0.180912164532, "operatingIncome": 143769000, "operatingIncomeRatio": 0.134462198903, "totalOtherIncomeExpensesNet": 0.0, "incomeBeforeTax": 144017000, "incomeBeforeTaxRatio": 0.13469414477, "incomeTaxExpense": 54013000, "netIncome": 90004000, "netIncomeRatio": 0.0841776443466, "eps": 1.44, "epsdiluted": 1.44, "weightedAverageShsOut": 62753000, "weightedAverageShsOutDil": 63067000, "link": "https://www.sec.gov/Archives/edgar/data/1403568/000119312516691686/0001193125-16-691686-index.htm", "finalLink": "https://www.sec.gov/Archives/edgar/data/1403568/000119312516691686/d208916d10q.htm"}, {"date": "2016-04-30", "symbol": "ULTA", "fillingDate": "2016-06-02", "acceptedDate": "2016-06-02 16:18:28", "period": "Q1", "revenue": 1073716000, "costOfRevenue": 683286000, "grossProfit": 390430000, "grossProfitRatio": 0.363625018161227, "researchAndDevelopmentExpenses": 0.0, "generalAndAdministrativeExpenses": 240724000, "sellingAndMarketingExpenses": 0.0, "otherExpenses": 0.0, "operatingExpenses": 240724000, "costAndExpenses": 924010000, "interestExpense": 0.0, "depreciationAndAmortization": 47887000, "ebitda": 195051000, "ebitdaratio": 0.181659768505, "operatingIncome": 147164000, "operatingIncomeRatio": 0.13706045174, "totalOtherIncomeExpensesNet": 0.0, "incomeBeforeTax": 147479000, "incomeBeforeTaxRatio": 0.137353825406, "incomeTaxExpense": 55503000, "netIncome": 91976000, "netIncomeRatio": 0.0856613853198, "eps": 1.46, "epsdiluted": 1.45, "weightedAverageShsOut": 63031000, "weightedAverageShsOutDil": 63335000, "link": "https://www.sec.gov/Archives/edgar/data/1403568/000119312516611186/0001193125-16-611186-index.htm", "finalLink": "https://www.sec.gov/Archives/edgar/data/1403568/000119312516523101/d101485d10k.htm"}, {"date": "2016-01-30", "symbol": "ULTA", "fillingDate": "2016-03-30", "acceptedDate": "2016-03-30 12:19:07", "period": "FY", "revenue": 1268295000, "costOfRevenue": 829259000, "grossProfit": 439036000, "grossProfitRatio": 0.3461623675879823, "researchAndDevelopmentExpenses": 0.0, "generalAndAdministrativeExpenses": 268169000, "sellingAndMarketingExpenses": 0.0, "otherExpenses": 0.0, "operatingExpenses": 268169000, "costAndExpenses": 1097428000, "interestExpense": 0.0, "depreciationAndAmortization": 45998000, "ebitda": 215484000, "ebitdaratio": 0.169900535759, "operatingIncome": 169486000, "operatingIncomeRatio": 0.133632948171, "totalOtherIncomeExpensesNet": 0.0, "incomeBeforeTax": 169759000, "incomeBeforeTaxRatio": 0.133848197777, "incomeTaxExpense": 61936000, "netIncome": 107823000, "netIncomeRatio": 0.0850141331473, "eps": 1.69, "epsdiluted": 1.68, "weightedAverageShsOut": 63949000, "weightedAverageShsOutDil": 64275000, "link": "https://www.sec.gov/Archives/edgar/data/1403568/000119312516523101/0001193125-16-523101-index.htm", "finalLink": "https://www.sec.gov/Archives/edgar/data/1403568/000119312516523101/d101485d10k.htm"}, {"date": "2015-10-31", "symbol": "ULTA", "fillingDate": "2015-12-03", "acceptedDate": "2015-12-03 16:13:56", "period": "Q3", "revenue": 910700000, "costOfRevenue": 575062000, "grossProfit": 335638000, "grossProfitRatio": 0.36854946744262657, "researchAndDevelopmentExpenses": 0.0, "generalAndAdministrativeExpenses": 218763000, "sellingAndMarketingExpenses": 0.0, "otherExpenses": 0.0, "operatingExpenses": 218763000, "costAndExpenses": 793825000, "interestExpense": 0.0, "depreciationAndAmortization": 42313000, "ebitda": 153082000, "ebitdaratio": 0.168092675964, "operatingIncome": 110769000, "operatingIncomeRatio": 0.121630613814, "totalOtherIncomeExpensesNet": 0.0, "incomeBeforeTax": 111052000, "incomeBeforeTaxRatio": 0.121941363786, "incomeTaxExpense": 39982000, "netIncome": 71070000, "netIncomeRatio": 0.078038871198, "eps": 1.11, "epsdiluted": 1.11, "weightedAverageShsOut": 64050000, "weightedAverageShsOutDil": 64383000, "link": "https://www.sec.gov/Archives/edgar/data/1403568/000119312515394322/0001193125-15-394322-index.htm", "finalLink": "https://www.sec.gov/Archives/edgar/data/1403568/000119312515394322/d26958d10q.htm"}, {"date": "2015-08-01", "symbol": "ULTA", "fillingDate": "2015-09-03", "acceptedDate": "2015-09-03 16:10:50", "period": "Q2", "revenue": 876999000, "costOfRevenue": 570524000, "grossProfit": 306475000, "grossProfitRatio": 0.3494587793144576, "researchAndDevelopmentExpenses": 0.0, "generalAndAdministrativeExpenses": 183937000, "sellingAndMarketingExpenses": 0.0, "otherExpenses": 0.0, "operatingExpenses": 183937000, "costAndExpenses": 754461000, "interestExpense": 0.0, "depreciationAndAmortization": 38771000, "ebitda": 157231000, "ebitdaratio": 0.17928298664, "operatingIncome": 118460000, "operatingIncomeRatio": 0.135074270324, "totalOtherIncomeExpensesNet": 0.0, "incomeBeforeTax": 118736000, "incomeBeforeTaxRatio": 0.135388979919, "incomeTaxExpense": 44567000, "netIncome": 74169000, "netIncomeRatio": 0.084571362111, "eps": 1.16, "epsdiluted": 1.15, "weightedAverageShsOut": 64134000, "weightedAverageShsOutDil": 64484000, "link": "https://www.sec.gov/Archives/edgar/data/1403568/000119312515311849/0001193125-15-311849-index.htm", "finalLink": "https://www.sec.gov/Archives/edgar/data/1403568/000119312515311849/d67045d10q.htm"}, {"date": "2015-05-02", "symbol": "ULTA", "fillingDate": "2015-06-04", "acceptedDate": "2015-06-04 15:07:18", "period": "Q1", "revenue": 868122000, "costOfRevenue": 564938000, "grossProfit": 303184000, "grossProfitRatio": 0.3492412356788562, "researchAndDevelopmentExpenses": 0.0, "generalAndAdministrativeExpenses": 192485000, "sellingAndMarketingExpenses": 0.0, "otherExpenses": 0.0, "operatingExpenses": 192485000, "costAndExpenses": 757423000, "interestExpense": 0.0, "depreciationAndAmortization": 37967000, "ebitda": 145549000, "ebitdaratio": 0.167659614662, "operatingIncome": 107582000, "operatingIncomeRatio": 0.123924978286, "totalOtherIncomeExpensesNet": 0.0, "incomeBeforeTax": 107893000, "incomeBeforeTaxRatio": 0.124283222865, "incomeTaxExpense": 40947000, "netIncome": 66946000, "netIncomeRatio": 0.0771158892414, "eps": 1.04, "epsdiluted": 1.04, "weightedAverageShsOut": 64180000, "weightedAverageShsOutDil": 64555000, "link": "https://www.sec.gov/Archives/edgar/data/1403568/000119312515213217/0001193125-15-213217-index.htm", "finalLink": "https://www.sec.gov/Archives/edgar/data/1403568/000119312515115602/d842591d10k.htm"}, {"date": "2015-01-31", "symbol": "ULTA", "fillingDate": "2015-04-01", "acceptedDate": "2015-04-01 12:30:24", "period": "FY", "revenue": 1047641000, "costOfRevenue": 697904000, "grossProfit": 349737000, "grossProfitRatio": 0.3338328683203502, "researchAndDevelopmentExpenses": 0.0, "generalAndAdministrativeExpenses": 210702000, "sellingAndMarketingExpenses": 0.0, "otherExpenses": 0.0, "operatingExpenses": 210702000, "costAndExpenses": 908606000, "interestExpense": 0.0, "depreciationAndAmortization": 35709000, "ebitda": 173176000, "ebitdaratio": 0.165300899831, "operatingIncome": 137467000, "operatingIncomeRatio": 0.131215750434, "totalOtherIncomeExpensesNet": 0.0, "incomeBeforeTax": 137698000, "incomeBeforeTaxRatio": 0.131436245813, "incomeTaxExpense": 50434000, "netIncome": 87264000, "netIncomeRatio": 0.0832957091217, "eps": 1.36, "epsdiluted": 1.35, "weightedAverageShsOut": 64335000, "weightedAverageShsOutDil": 64651000, "link": "https://www.sec.gov/Archives/edgar/data/1403568/000119312515115602/0001193125-15-115602-index.htm", "finalLink": "https://www.sec.gov/Archives/edgar/data/1403568/000119312515115602/d842591d10k.htm"}, {"date": "2014-11-01", "symbol": "ULTA", "fillingDate": "2014-12-04", "acceptedDate": "2014-12-04 16:17:51", "period": "Q3", "revenue": 745722000, "costOfRevenue": 463967000, "grossProfit": 281755000, "grossProfitRatio": 0.37782846690857985, "researchAndDevelopmentExpenses": 0.0, "generalAndAdministrativeExpenses": 181093000, "sellingAndMarketingExpenses": 0.0, "otherExpenses": 0.0, "operatingExpenses": 181093000, "costAndExpenses": 645060000, "interestExpense": 0.0, "depreciationAndAmortization": 33683000, "ebitda": 127771000, "ebitdaratio": 0.171338648987, "operatingIncome": 94088000, "operatingIncomeRatio": 0.126170342299, "totalOtherIncomeExpensesNet": 0.0, "incomeBeforeTax": 94342000, "incomeBeforeTaxRatio": 0.126510951802, "incomeTaxExpense": 35218000, "netIncome": 59124000, "netIncomeRatio": 0.0792842372895, "eps": 0.92, "epsdiluted": 0.92, "weightedAverageShsOut": 64347000, "weightedAverageShsOutDil": 64655000, "link": "https://www.sec.gov/Archives/edgar/data/1403568/000119312514433486/0001193125-14-433486-index.htm", "finalLink": "https://www.sec.gov/Archives/edgar/data/1403568/000119312514433486/d823754d10q.htm"}, {"date": "2014-08-02", "symbol": "ULTA", "fillingDate": "2014-09-11", "acceptedDate": "2014-09-11 16:14:52", "period": "Q2", "revenue": 734236000, "costOfRevenue": 474894000, "grossProfit": 259342000, "grossProfitRatio": 0.3532134082229692, "researchAndDevelopmentExpenses": 0.0, "generalAndAdministrativeExpenses": 157768000, "sellingAndMarketingExpenses": 0.0, "otherExpenses": 0.0, "operatingExpenses": 157768000, "costAndExpenses": 632662000, "interestExpense": 0.0, "depreciationAndAmortization": 31899000, "ebitda": 129878000, "ebitdaratio": 0.176888629814, "operatingIncome": 97979000, "operatingIncomeRatio": 0.133443470492, "totalOtherIncomeExpensesNet": 0.0, "incomeBeforeTax": 98188000, "incomeBeforeTaxRatio": 0.133728120114, "incomeTaxExpense": 37394000, "netIncome": 60794000, "netIncomeRatio": 0.0827989910601, "eps": 0.94, "epsdiluted": 0.94, "weightedAverageShsOut": 64311000, "weightedAverageShsOutDil": 64618000, "link": "https://www.sec.gov/Archives/edgar/data/1403568/000119312514339142/0001193125-14-339142-index.htm", "finalLink": "https://www.sec.gov/Archives/edgar/data/1403568/000119312514339142/d779314d10q.htm"}, {"date": "2014-05-03", "symbol": "ULTA", "fillingDate": "2014-06-10", "acceptedDate": "2014-06-10 16:16:16", "period": "Q1", "revenue": 713770000, "costOfRevenue": 467817000, "grossProfit": 245953000, "grossProfitRatio": 0.3445829889179988, "researchAndDevelopmentExpenses": 0.0, "generalAndAdministrativeExpenses": 162443000, "sellingAndMarketingExpenses": 0.0, "otherExpenses": 0.0, "operatingExpenses": 162443000, "costAndExpenses": 630260000, "interestExpense": 0.0, "depreciationAndAmortization": 30473000, "ebitda": 111354000, "ebitdaratio": 0.156008237948, "operatingIncome": 80881000, "operatingIncomeRatio": 0.113315213584, "totalOtherIncomeExpensesNet": 0.0, "incomeBeforeTax": 81081000, "incomeBeforeTaxRatio": 0.11359541589, "incomeTaxExpense": 31128000, "netIncome": 49953000, "netIncomeRatio": 0.0699847289743, "eps": 0.78, "epsdiluted": 0.77, "weightedAverageShsOut": 64273000, "weightedAverageShsOutDil": 64607000, "link": "https://www.sec.gov/Archives/edgar/data/1403568/000119312514231957/0001193125-14-231957-index.htm", "finalLink": "https://www.sec.gov/Archives/edgar/data/1403568/000119312514127781/d661459d10k.htm"}, {"date": "2014-02-01", "symbol": "ULTA", "fillingDate": "2014-04-02", "acceptedDate": "2014-04-02 14:20:56", "period": "FY", "revenue": 868082000, "costOfRevenue": 574521000, "grossProfit": 293561000, "grossProfitRatio": 0.3381719699291081, "researchAndDevelopmentExpenses": 0.0, "generalAndAdministrativeExpenses": 177636000, "sellingAndMarketingExpenses": 0.0, "otherExpenses": 0.0, "operatingExpenses": 177636000, "costAndExpenses": 752157000, "interestExpense": 0.0, "depreciationAndAmortization": 28711000, "ebitda": 142849000, "ebitdaratio": 0.164557034934, "operatingIncome": 114138000, "operatingIncomeRatio": 0.131482970503, "totalOtherIncomeExpensesNet": 0.0, "incomeBeforeTax": 114207000, "incomeBeforeTaxRatio": 0.131562456081, "incomeTaxExpense": 43525000, "netIncome": 70682000, "netIncomeRatio": 0.0814231835241, "eps": 1.1, "epsdiluted": 1.1, "weightedAverageShsOut": 63992000, "weightedAverageShsOutDil": 64461000, "link": "https://www.sec.gov/Archives/edgar/data/1403568/000119312514127781/0001193125-14-127781-index.htm", "finalLink": "https://www.sec.gov/Archives/edgar/data/1403568/000119312514127781/d661459d10k.htm"}, {"date": "2013-11-02", "symbol": "ULTA", "fillingDate": "2013-12-05", "acceptedDate": "2013-12-05 16:15:46", "period": "Q3", "revenue": 618781000, "costOfRevenue": 387120000, "grossProfit": 231661000, "grossProfitRatio": 0.37438285920220565, "researchAndDevelopmentExpenses": 0.0, "generalAndAdministrativeExpenses": 151306000, "sellingAndMarketingExpenses": 0.0, "otherExpenses": 0.0, "operatingExpenses": 151306000, "costAndExpenses": 538426000, "interestExpense": 0.0, "depreciationAndAmortization": 26825000, "ebitda": 99712000, "ebitdaratio": 0.161142633662, "operatingIncome": 72887000, "operatingIncomeRatio": 0.117791270256, "totalOtherIncomeExpensesNet": 0.0, "incomeBeforeTax": 72894000, "incomeBeforeTaxRatio": 0.11780258282, "incomeTaxExpense": 27464000, "netIncome": 45430000, "netIncomeRatio": 0.073418543879, "eps": 0.71, "epsdiluted": 0.7, "weightedAverageShsOut": 63912000, "weightedAverageShsOutDil": 64424000, "link": "https://www.sec.gov/Archives/edgar/data/1403568/000119312513463551/0001193125-13-463551-index.htm", "finalLink": "https://www.sec.gov/Archives/edgar/data/1403568/000119312513463551/d623534d10q.htm"}, {"date": "2013-08-03", "symbol": "ULTA", "fillingDate": "2013-09-12", "acceptedDate": "2013-09-12 16:14:20", "period": "Q2", "revenue": 600998000, "costOfRevenue": 388921000, "grossProfit": 212077000, "grossProfitRatio": 0.35287471838508616, "researchAndDevelopmentExpenses": 0.0, "generalAndAdministrativeExpenses": 134400000, "sellingAndMarketingExpenses": 0.0, "otherExpenses": 0.0, "operatingExpenses": 134400000, "costAndExpenses": 523321000, "interestExpense": 0.0, "depreciationAndAmortization": 25968000, "ebitda": 98836000, "ebitdaratio": 0.1644531263, "operatingIncome": 72868000, "operatingIncomeRatio": 0.121244995824, "totalOtherIncomeExpensesNet": 0.0, "incomeBeforeTax": 72886000, "incomeBeforeTaxRatio": 0.121274946006, "incomeTaxExpense": 27975000, "netIncome": 44911000, "netIncomeRatio": 0.074727370141, "eps": 0.7, "epsdiluted": 0.7, "weightedAverageShsOut": 63838000, "weightedAverageShsOutDil": 64362000, "link": "https://www.sec.gov/Archives/edgar/data/1403568/000119312513365298/0001193125-13-365298-index.htm", "finalLink": "https://www.sec.gov/Archives/edgar/data/1403568/000119312513365298/d582936d10q.htm"}, {"date": "2013-05-04", "symbol": "ULTA", "fillingDate": "2013-06-11", "acceptedDate": "2013-06-11 16:16:29", "period": "Q1", "revenue": 582712000, "costOfRevenue": 378763000, "grossProfit": 203949000, "grossProfitRatio": 0.3499996567772759, "researchAndDevelopmentExpenses": 0.0, "generalAndAdministrativeExpenses": 133048000, "sellingAndMarketingExpenses": 0.0, "otherExpenses": 0.0, "operatingExpenses": 133048000, "costAndExpenses": 511811000, "interestExpense": 0.0, "depreciationAndAmortization": 24779000, "ebitda": 92474000, "ebitdaratio": 0.158695890938, "operatingIncome": 67695000, "operatingIncomeRatio": 0.116172311536, "totalOtherIncomeExpensesNet": 0.0, "incomeBeforeTax": 67719000, "incomeBeforeTaxRatio": 0.116213498263, "incomeTaxExpense": 25893000, "netIncome": 41826000, "netIncomeRatio": 0.071778168289, "eps": 0.66, "epsdiluted": 0.65, "weightedAverageShsOut": 63842000, "weightedAverageShsOutDil": 64495000, "link": "https://www.sec.gov/Archives/edgar/data/1403568/000119312513254753/0001193125-13-254753-index.htm", "finalLink": "https://www.sec.gov/Archives/edgar/data/1403568/000119312513140116/d466694d10k.htm"}, {"date": "2013-02-02", "symbol": "ULTA", "fillingDate": "2013-04-03", "acceptedDate": "2013-04-03 14:12:08", "period": "FY", "revenue": 758835000, "costOfRevenue": 499191000, "grossProfit": 259644000, "grossProfitRatio": 0.3421613394216134, "researchAndDevelopmentExpenses": 0.0, "generalAndAdministrativeExpenses": 153963000, "sellingAndMarketingExpenses": 0.0, "otherExpenses": 0.0, "operatingExpenses": 153963000, "costAndExpenses": 653154000, "interestExpense": 21000.0, "depreciationAndAmortization": 23401000, "ebitda": 127167000, "ebitdaratio": 0.16758188539, "operatingIncome": 103766000, "operatingIncomeRatio": 0.136743824415, "totalOtherIncomeExpensesNet": 0.0, "incomeBeforeTax": 103745000, "incomeBeforeTaxRatio": 0.136716150415, "incomeTaxExpense": 39213000, "netIncome": 64532000, "netIncomeRatio": 0.0850408850409, "eps": 1.02, "epsdiluted": 1.0, "weightedAverageShsOut": 63250000, "weightedAverageShsOutDil": 64396000, "link": "https://www.sec.gov/Archives/edgar/data/1403568/000119312513140116/0001193125-13-140116-index.htm", "finalLink": "https://www.sec.gov/Archives/edgar/data/1403568/000119312513140116/d466694d10k.htm"}, {"date": "2012-10-27", "symbol": "ULTA", "fillingDate": "2012-11-29", "acceptedDate": "2012-11-29 16:13:02", "period": "Q3", "revenue": 1461421000, "costOfRevenue": 937391000, "grossProfit": 524030000, "grossProfitRatio": 0.35857566026490656, "researchAndDevelopmentExpenses": 0.0, "generalAndAdministrativeExpenses": 334917000, "sellingAndMarketingExpenses": 0.0, "otherExpenses": 0.0, "operatingExpenses": 334917000, "costAndExpenses": 1272308000, "interestExpense": 164000.0, "depreciationAndAmortization": 22218000, "ebitda": 128564000, "ebitdaratio": 0.0879719122689, "operatingIncome": 106346000, "operatingIncomeRatio": 0.0727689009533, "totalOtherIncomeExpensesNet": 0.0, "incomeBeforeTax": 107160000, "incomeBeforeTaxRatio": 0.0733258930862, "incomeTaxExpense": 69009000, "netIncome": 38151000, "netIncomeRatio": 0.0261054138404, "eps": 0.6, "epsdiluted": 0.59, "weightedAverageShsOut": 63016000, "weightedAverageShsOutDil": 64285000, "link": "https://www.sec.gov/Archives/edgar/data/1403568/000119312512485695/0001193125-12-485695-index.htm", "finalLink": "https://www.sec.gov/Archives/edgar/data/1403568/000119312512485695/d418173d10q.htm"}, {"date": "2012-07-28", "symbol": "ULTA", "fillingDate": "2012-09-06", "acceptedDate": "2012-09-06 16:27:41", "period": "Q2", "revenue": 481683000, "costOfRevenue": 314058000, "grossProfit": 167625000, "grossProfitRatio": 0.3479985799789488, "researchAndDevelopmentExpenses": 0.0, "generalAndAdministrativeExpenses": 106040000, "sellingAndMarketingExpenses": 0.0, "otherExpenses": 0.0, "operatingExpenses": 106040000, "costAndExpenses": 420098000, "interestExpense": 0.0, "depreciationAndAmortization": 21629000, "ebitda": 56627000, "ebitdaratio": 0.16419097207084327, "operatingIncome": 34998000, "operatingIncomeRatio": 0.11928799646240369, "totalOtherIncomeExpensesNet": 0.0, "incomeBeforeTax": 34533000, "incomeBeforeTaxRatio": 0.11907208682888953, "incomeTaxExpense": 22357000, "netIncome": 34998000, "netIncomeRatio": 0.07265774378585087, "eps": 0.55, "epsdiluted": 0.55, "weightedAverageShsOut": 62782000, "weightedAverageShsOutDil": 64202000, "link": "https://www.sec.gov/Archives/edgar/data/1403568/000119312512382984/0001193125-12-382984-index.htm", "finalLink": "https://www.sec.gov/Archives/edgar/data/1403568/000119312512382984/d380346d10q.htm"}, {"date": "2012-04-28", "symbol": "ULTA", "fillingDate": "2012-06-05", "acceptedDate": "2012-06-05 16:21:31", "period": "Q1", "revenue": 474098000, "costOfRevenue": 303186000, "grossProfit": 170912000, "grossProfitRatio": 0.3604993060506478, "researchAndDevelopmentExpenses": 0.0, "generalAndAdministrativeExpenses": 110943000, "sellingAndMarketingExpenses": 0.0, "otherExpenses": 0.0, "operatingExpenses": 110943000, "costAndExpenses": 414129000, "interestExpense": 0.0, "depreciationAndAmortization": 20985000, "ebitda": 55853000, "ebitdaratio": 0.16543204147665672, "operatingIncome": 34868000, "operatingIncomeRatio": 0.12116904099996204, "totalOtherIncomeExpensesNet": 0.0, "incomeBeforeTax": 34355000, "incomeBeforeTaxRatio": 0.12112474636045711, "incomeTaxExpense": 22557000, "netIncome": 34868000, "netIncomeRatio": 0.07354597572653755, "eps": 0.56, "epsdiluted": 0.54, "weightedAverageShsOut": 62496000, "weightedAverageShsOutDil": 64072000, "link": "https://www.sec.gov/Archives/edgar/data/1403568/000119312512260203/0001193125-12-260203-index.htm", "finalLink": "https://www.sec.gov/Archives/edgar/data/1403568/000119312512136579/d265737d10k.htm"}, {"date": "2012-01-28", "symbol": "ULTA", "fillingDate": "2012-03-28", "acceptedDate": "2012-03-28 12:14:23", "period": "FY", "revenue": 1776151000, "costOfRevenue": 1159311000, "grossProfit": 616840000, "grossProfitRatio": 0.3472902923231189, "researchAndDevelopmentExpenses": 0.0, "generalAndAdministrativeExpenses": 410658000, "sellingAndMarketingExpenses": 0.0, "otherExpenses": 0.0, "operatingExpenses": 410658000, "costAndExpenses": 1569969000, "interestExpense": 587000.0, "depreciationAndAmortization": 75931000, "ebitda": 272126000, "ebitdaratio": 0.153211072707, "operatingIncome": 196195000, "operatingIncomeRatio": 0.110460766005, "totalOtherIncomeExpensesNet": 0.0, "incomeBeforeTax": 195608000, "incomeBeforeTaxRatio": 0.110130276086, "incomeTaxExpense": 75344000, "netIncome": 120264000, "netIncomeRatio": 0.0677104593022, "eps": 1.96, "epsdiluted": 1.9, "weightedAverageShsOut": 61259000, "weightedAverageShsOutDil": 63334000, "link": "https://www.sec.gov/Archives/edgar/data/1403568/000119312512136579/0001193125-12-136579-index.htm", "finalLink": "https://www.sec.gov/Archives/edgar/data/1403568/000119312512136579/d265737d10k.htm"}, {"date": "2011-10-29", "symbol": "ULTA", "fillingDate": "2011-12-01", "acceptedDate": "2011-12-01 16:24:06", "period": "Q3", "revenue": 413067000, "costOfRevenue": 263884000, "grossProfit": 149183000, "grossProfitRatio": 0.36115932766355097, "researchAndDevelopmentExpenses": 0.0, "generalAndAdministrativeExpenses": 100997000, "sellingAndMarketingExpenses": 0.0, "otherExpenses": 0.0, "operatingExpenses": 100997000, "costAndExpenses": 364881000, "interestExpense": 0.0, "depreciationAndAmortization": 19225000, "ebitda": 63453000, "ebitdaratio": 0.15361430470117438, "operatingIncome": 44228000, "operatingIncomeRatio": 0.10707221830841002, "totalOtherIncomeExpensesNet": 0.0, "incomeBeforeTax": 44052000, "incomeBeforeTaxRatio": 0.10664613730944375, "incomeTaxExpense": 17284000, "netIncome": 26768000, "netIncomeRatio": 0.0648030464791426, "eps": 1.21, "epsdiluted": 1.17, "weightedAverageShsOut": 61259000, "weightedAverageShsOutDil": 63334000, "link": "https://www.sec.gov/Archives/edgar/data/1403568/000119312511327525/0001193125-11-327525-index.htm", "finalLink": "https://www.sec.gov/Archives/edgar/data/1403568/000119312511327525/d237357d10q.htm"}, {"date": "2011-07-30", "symbol": "ULTA", "fillingDate": "2011-09-08", "acceptedDate": "2011-09-08 16:27:18", "period": "Q2", "revenue": 394567000, "costOfRevenue": 260280000, "grossProfit": 134287000, "grossProfitRatio": 0.34034017036396863, "researchAndDevelopmentExpenses": 0.0, "generalAndAdministrativeExpenses": 90811000, "sellingAndMarketingExpenses": 0.0, "otherExpenses": 0.0, "operatingExpenses": 90811000, "costAndExpenses": 351091000, "interestExpense": 0.0, "depreciationAndAmortization": 18890000, "ebitda": 58550000, "ebitdaratio": 0.1483905141585586, "operatingIncome": 39660000, "operatingIncomeRatio": 0.1005152483608614, "totalOtherIncomeExpensesNet": 0.0, "incomeBeforeTax": 39513000, "incomeBeforeTaxRatio": 0.10014268806058287, "incomeTaxExpense": 15608000, "netIncome": 23905000, "netIncomeRatio": 0.060585401211961466, "eps": 0.78, "epsdiluted": 0.75, "weightedAverageShsOut": 61259000, "weightedAverageShsOutDil": 63334000, "link": "https://www.sec.gov/Archives/edgar/data/1403568/000095012311083432/0000950123-11-083432-index.htm", "finalLink": "https://www.sec.gov/Archives/edgar/data/1403568/000095012311083432/c65431e10vq.htm"}, {"date": "2011-04-30", "symbol": "ULTA", "fillingDate": "2011-06-07", "acceptedDate": "2011-06-07 16:21:58", "period": "Q1", "revenue": 386006000, "costOfRevenue": 251101000, "grossProfit": 134905000, "grossProfitRatio": 0.3494893861753444, "researchAndDevelopmentExpenses": 0.0, "generalAndAdministrativeExpenses": 94615000, "sellingAndMarketingExpenses": 0.0, "otherExpenses": 0.0, "operatingExpenses": 94615000, "costAndExpenses": 345716000, "interestExpense": 0.0, "depreciationAndAmortization": 17510000, "ebitda": 56570000, "ebitdaratio": 0.14655212613275442, "operatingIncome": 39060000, "operatingIncomeRatio": 0.10119013694087657, "totalOtherIncomeExpensesNet": 0.0, "incomeBeforeTax": 38887000, "incomeBeforeTaxRatio": 0.10074195737890085, "incomeTaxExpense": 15591000, "netIncome": 23296000, "netIncomeRatio": 0.060351393501655415, "eps": 0.38, "epsdiluted": 0.37, "weightedAverageShsOut": 61259000, "weightedAverageShsOutDil": 63334000, "link": "https://www.sec.gov/Archives/edgar/data/1403568/000095012311057275/0000950123-11-057275-index.htm", "finalLink": "https://www.sec.gov/Archives/edgar/data/1403568/000095012311030900/c63694e10vk.htm"}, {"date": "2011-01-29", "symbol": "ULTA", "fillingDate": "2011-03-30", "acceptedDate": "2011-03-30 17:08:20", "period": "FY", "revenue": 473659000, "costOfRevenue": 316973000, "grossProfit": 156686000, "grossProfitRatio": 0.3307991614220357, "researchAndDevelopmentExpenses": 0.0, "generalAndAdministrativeExpenses": 107159000, "sellingAndMarketingExpenses": 0.0, "otherExpenses": 0.0, "operatingExpenses": 107159000, "costAndExpenses": 424132000, "interestExpense": -179000.0, "depreciationAndAmortization": 17238000, "ebitda": 66242000, "ebitdaratio": 0.13985166543863833, "operatingIncome": 49004000, "operatingIncomeRatio": 0.10345839517458763, "totalOtherIncomeExpensesNet": 0.0, "incomeBeforeTax": 48825000, "incomeBeforeTaxRatio": 0.10308048617254185, "incomeTaxExpense": 18721000, "netIncome": 30104000, "netIncomeRatio": 0.06355627149489401, "eps": 0.0, "epsdiluted": 0.0, "weightedAverageShsOut": 58699000, "weightedAverageShsOutDil": 60723000, "link": "https://www.sec.gov/Archives/edgar/data/1403568/000095012311030900/0000950123-11-030900-index.htm", "finalLink": "https://www.sec.gov/Archives/edgar/data/1403568/000095012311030900/c63694e10vk.htm"}, {"date": "2010-10-30", "symbol": "ULTA", "fillingDate": "2010-12-02", "acceptedDate": "2010-12-02 16:30:01", "period": "Q3", "revenue": 339179000, "costOfRevenue": 220273000, "grossProfit": 118906000, "grossProfitRatio": 0.3505700529808744, "researchAndDevelopmentExpenses": 0.0, "generalAndAdministrativeExpenses": 90309000, "sellingAndMarketingExpenses": 0.0, "otherExpenses": 0.0, "operatingExpenses": 90309000, "costAndExpenses": 310582000, "interestExpense": -244000.0, "depreciationAndAmortization": 16105000, "ebitda": 40397000, "ebitdaratio": 0.11910230291380068, "operatingIncome": 24292000, "operatingIncomeRatio": 0.07162000005896592, "totalOtherIncomeExpensesNet": 0.0, "incomeBeforeTax": 24048000, "incomeBeforeTaxRatio": 0.0709006158989796, "incomeTaxExpense": 9845000.0, "netIncome": 14203000, "netIncomeRatio": 0.04187464436182665, "eps": 0.7, "epsdiluted": 0.67, "weightedAverageShsOut": 58699000, "weightedAverageShsOutDil": 60723000, "link": "https://www.sec.gov/Archives/edgar/data/1403568/000095012310110429/0000950123-10-110429-index.htm", "finalLink": "https://www.sec.gov/Archives/edgar/data/1403568/000095012310110429/c61584e10vq.htm"}, {"date": "2010-07-31", "symbol": "ULTA", "fillingDate": "2010-09-02", "acceptedDate": "2010-09-02 17:24:08", "period": "Q2", "revenue": 321804000, "costOfRevenue": 217846000, "grossProfit": 103958000, "grossProfitRatio": 0.3230475693279139, "researchAndDevelopmentExpenses": 0.0, "generalAndAdministrativeExpenses": 79909000, "sellingAndMarketingExpenses": 0.0, "otherExpenses": 0.0, "operatingExpenses": 79909000, "costAndExpenses": 297755000, "interestExpense": -214000.0, "depreciationAndAmortization": 15675000, "ebitda": 37931000, "ebitdaratio": 0.11786988353159066, "operatingIncome": 22256000, "operatingIncomeRatio": 0.06916010988054841, "totalOtherIncomeExpensesNet": 0.0, "incomeBeforeTax": 22042000, "incomeBeforeTaxRatio": 0.06849510882400467, "incomeTaxExpense": 8980000.0, "netIncome": 13062000, "netIncomeRatio": 0.04058992430174889, "eps": 0.46, "epsdiluted": 0.44, "weightedAverageShsOut": 58517000, "weightedAverageShsOutDil": 60505000, "link": "https://www.sec.gov/Archives/edgar/data/1403568/000095012310083459/0000950123-10-083459-index.htm", "finalLink": "https://www.sec.gov/Archives/edgar/data/1403568/000095012310083459/c60062e10vq.htm"}, {"date": "2010-05-01", "symbol": "ULTA", "fillingDate": "2010-06-03", "acceptedDate": "2010-06-03 16:26:03", "period": "Q1", "revenue": 320196000, "costOfRevenue": 215661000, "grossProfit": 104535000, "grossProfitRatio": 0.32647191095454037, "researchAndDevelopmentExpenses": 0.0, "generalAndAdministrativeExpenses": 80729000, "sellingAndMarketingExpenses": 0.0, "otherExpenses": 0.0, "operatingExpenses": 80729000, "costAndExpenses": 296390000, "interestExpense": -118000.0, "depreciationAndAmortization": 15918000, "ebitda": 39250000, "ebitdaratio": 0.1225811690339667, "operatingIncome": 23332000, "operatingIncomeRatio": 0.07286786843058626, "totalOtherIncomeExpensesNet": 0.0, "incomeBeforeTax": 23214000, "incomeBeforeTaxRatio": 0.07249934415170708, "incomeTaxExpense": 9553000.0, "netIncome": 13661000, "netIncomeRatio": 0.0426644929980387, "eps": 0.23, "epsdiluted": 0.23, "weightedAverageShsOut": 58306000, "weightedAverageShsOutDil": 60276000, "link": "https://www.sec.gov/Archives/edgar/data/1403568/000095012310055636/0000950123-10-055636-index.htm", "finalLink": "https://www.sec.gov/Archives/edgar/data/1403568/000095012310030932/c57102e10vk.htm"}, {"date": "2010-01-30", "symbol": "ULTA", "fillingDate": "2010-03-31", "acceptedDate": "2010-03-31 16:57:02", "period": "FY", "revenue": 396364000, "costOfRevenue": 271714000, "grossProfit": 124650000, "grossProfitRatio": 0.3144836564370124, "researchAndDevelopmentExpenses": 0.0, "generalAndAdministrativeExpenses": 89763000, "sellingAndMarketingExpenses": 0.0, "otherExpenses": 0.0, "operatingExpenses": 89763000, "costAndExpenses": 361477000, "interestExpense": -445000.0, "depreciationAndAmortization": 15400000, "ebitda": 49672000, "ebitdaratio": 0.12531915108334762, "operatingIncome": 34272000, "operatingIncomeRatio": 0.08646597571928834, "totalOtherIncomeExpensesNet": 0.0, "incomeBeforeTax": 33827000, "incomeBeforeTaxRatio": 0.08534327032727493, "incomeTaxExpense": 13601000, "netIncome": 20226000, "netIncomeRatio": 0.05102885226710801, "eps": 0.0, "epsdiluted": 0.0, "weightedAverageShsOut": 57847000, "weightedAverageShsOutDil": 59081000, "link": "https://www.sec.gov/Archives/edgar/data/1403568/000095012310030932/0000950123-10-030932-index.htm", "finalLink": "https://www.sec.gov/Archives/edgar/data/1403568/000095012310030932/c57102e10vk.htm"}, {"date": "2009-10-31", "symbol": "ULTA", "fillingDate": "2009-12-10", "acceptedDate": "2009-12-10 15:17:38", "period": "Q3", "revenue": 284043000, "costOfRevenue": 193498000, "grossProfit": 90545000, "grossProfitRatio": 0.3187721577366807, "researchAndDevelopmentExpenses": 0.0, "generalAndAdministrativeExpenses": 73671000, "sellingAndMarketingExpenses": 0.0, "otherExpenses": 0.0, "operatingExpenses": 73671000, "costAndExpenses": 267169000, "interestExpense": -441000.0, "depreciationAndAmortization": 15406000, "ebitda": 30097000, "ebitdaratio": 0.10595930897786603, "operatingIncome": 14691000, "operatingIncomeRatio": 0.05172104223656277, "totalOtherIncomeExpensesNet": 0.0, "incomeBeforeTax": 14250000, "incomeBeforeTaxRatio": 0.0501684604091634, "incomeTaxExpense": 5790000.0, "netIncome": 8460000.0, "netIncomeRatio": 0.029784222811334905, "eps": 0.33, "epsdiluted": 0.32, "weightedAverageShsOut": 57847000, "weightedAverageShsOutDil": 59081000, "link": "https://www.sec.gov/Archives/edgar/data/1403568/000095012309069837/0000950123-09-069837-index.htm", "finalLink": "https://www.sec.gov/Archives/edgar/data/1403568/000095012309069837/c55038e10vq.htm"}, {"date": "2009-08-01", "symbol": "ULTA", "fillingDate": "2009-09-10", "acceptedDate": "2009-09-10 13:10:26", "period": "Q2", "revenue": 273539000, "costOfRevenue": 195028000, "grossProfit": 78511000, "grossProfitRatio": 0.2870194012553969, "researchAndDevelopmentExpenses": 0.0, "generalAndAdministrativeExpenses": 66265000, "sellingAndMarketingExpenses": 0.0, "otherExpenses": 0.0, "operatingExpenses": 66265000, "costAndExpenses": 261293000, "interestExpense": -645000.0, "depreciationAndAmortization": 15995000, "ebitda": 26231000, "ebitdaratio": 0.09589491809211849, "operatingIncome": 10236000, "operatingIncomeRatio": 0.03742062375017822, "totalOtherIncomeExpensesNet": 0.0, "incomeBeforeTax": 9591000.0, "incomeBeforeTaxRatio": 0.035062641890187506, "incomeTaxExpense": 3841000.0, "netIncome": 5750000.0, "netIncomeRatio": 0.021020768519297066, "eps": 0.18, "epsdiluted": 0.18, "weightedAverageShsOut": 57781000, "weightedAverageShsOutDil": 58914000, "link": "https://www.sec.gov/Archives/edgar/data/1403568/000095012309042312/0000950123-09-042312-index.htm", "finalLink": "https://www.sec.gov/Archives/edgar/data/1403568/000095012309042312/c53520e10vq.htm"}, {"date": "2009-05-02", "symbol": "ULTA", "fillingDate": "2009-06-11", "acceptedDate": "2009-06-11 15:19:47", "period": "Q1", "revenue": 268825000, "costOfRevenue": 189482000, "grossProfit": 79343000, "grossProfitRatio": 0.295147400725379, "researchAndDevelopmentExpenses": 0.0, "generalAndAdministrativeExpenses": 69194000, "sellingAndMarketingExpenses": 0.0, "otherExpenses": 0.0, "operatingExpenses": 69194000, "costAndExpenses": 258676000, "interestExpense": -671000.0, "depreciationAndAmortization": 15365000, "ebitda": 24319000, "ebitdaratio": 0.09046405654236027, "operatingIncome": 8954000.0, "operatingIncomeRatio": 0.033307914070491954, "totalOtherIncomeExpensesNet": 0.0, "incomeBeforeTax": 8283000.0, "incomeBeforeTaxRatio": 0.03081186645587278, "incomeTaxExpense": 3363000.0, "netIncome": 4920000.0, "netIncomeRatio": 0.01830186924579187, "eps": 0.09, "epsdiluted": 0.08, "weightedAverageShsOut": 57743000, "weightedAverageShsOutDil": 58750000, "link": "https://www.sec.gov/Archives/edgar/data/1403568/000095012309013266/0000950123-09-013266-index.htm", "finalLink": "https://www.sec.gov/Archives/edgar/data/1403568/000095013709002518/c50340e10vk.htm"}, {"date": "2009-01-31", "symbol": "ULTA", "fillingDate": "2009-04-02", "acceptedDate": "2009-04-02 12:42:31", "period": "FY", "revenue": 341394000, "costOfRevenue": 240002000, "grossProfit": 101392000, "grossProfitRatio": 0.2969940889412233, "researchAndDevelopmentExpenses": 0.0, "generalAndAdministrativeExpenses": 78192000, "sellingAndMarketingExpenses": 0.0, "otherExpenses": 0.0, "operatingExpenses": 78192000, "costAndExpenses": 318194000, "interestExpense": -888000.0, "depreciationAndAmortization": 13826000, "ebitda": 35230000, "ebitdaratio": 0.10319454940625787, "operatingIncome": 21404000, "operatingIncomeRatio": 0.06269588803552494, "totalOtherIncomeExpensesNet": 0.0, "incomeBeforeTax": 20516000, "incomeBeforeTaxRatio": 0.06009478784044242, "incomeTaxExpense": 8228000.0, "netIncome": 12288000, "netIncomeRatio": 0.035993602699520205, "eps": 0.0, "epsdiluted": 0.0, "weightedAverageShsOut": 57328000, "weightedAverageShsOutDil": 59005000, "link": "https://www.sec.gov/Archives/edgar/data/1403568/000095013709002518/0000950137-09-002518-index.htm", "finalLink": "https://www.sec.gov/Archives/edgar/data/1403568/000095013709002518/c50340e10vk.htm"}, {"date": "2008-11-01", "symbol": "ULTA", "fillingDate": "2008-12-10", "acceptedDate": "2008-12-10 15:46:15", "period": "Q3", "revenue": 254843000, "costOfRevenue": 175368000, "grossProfit": 79475000, "grossProfitRatio": 0.31185867377169474, "researchAndDevelopmentExpenses": 0.0, "generalAndAdministrativeExpenses": 65176000, "sellingAndMarketingExpenses": 0.0, "otherExpenses": 0.0, "operatingExpenses": 65176000, "costAndExpenses": 240544000, "interestExpense": -1124000.0, "depreciationAndAmortization": 13265000, "ebitda": 22871000, "ebitdaratio": 0.0897454511208862, "operatingIncome": 9606000.0, "operatingIncomeRatio": 0.03769379578799496, "totalOtherIncomeExpensesNet": 0.0, "incomeBeforeTax": 8482000.0, "incomeBeforeTaxRatio": 0.0332832371303116, "incomeTaxExpense": 3465000.0, "netIncome": 5017000.0, "netIncomeRatio": 0.019686630592168512, "eps": 0.23, "epsdiluted": 0.22, "weightedAverageShsOut": 57328000, "weightedAverageShsOutDil": 59005000, "link": "https://www.sec.gov/Archives/edgar/data/1403568/000095013708014339/0000950137-08-014339-index.htm", "finalLink": "https://www.sec.gov/Archives/edgar/data/1403568/000095013708014339/c48130e10vq.htm"}, {"date": "2008-08-02", "symbol": "ULTA", "fillingDate": "2008-09-10", "acceptedDate": "2008-09-10 16:48:27", "period": "Q2", "revenue": 249111000, "costOfRevenue": 175965000, "grossProfit": 73146000, "grossProfitRatio": 0.29362814167178486, "researchAndDevelopmentExpenses": 0.0, "generalAndAdministrativeExpenses": 61889000, "sellingAndMarketingExpenses": 0.0, "otherExpenses": 0.0, "operatingExpenses": 61889000, "costAndExpenses": 237854000, "interestExpense": -1016000.0, "depreciationAndAmortization": 24354000, "ebitda": 31561000, "ebitdaratio": 0.12669452573350837, "operatingIncome": 7207000.0, "operatingIncomeRatio": 0.028930878202889476, "totalOtherIncomeExpensesNet": 0.0, "incomeBeforeTax": 6191000.0, "incomeBeforeTaxRatio": 0.024852375045662376, "incomeTaxExpense": 2503000.0, "netIncome": 3688000.0, "netIncomeRatio": 0.014804645318753487, "eps": 0.14, "epsdiluted": 0.13, "weightedAverageShsOut": 57196000, "weightedAverageShsOutDil": 59000000, "link": "https://www.sec.gov/Archives/edgar/data/1403568/000095013708011572/0000950137-08-011572-index.htm", "finalLink": "https://www.sec.gov/Archives/edgar/data/1403568/000095013708011572/c35421e10vq.htm"}, {"date": "2008-05-03", "symbol": "ULTA", "fillingDate": "2008-06-17", "acceptedDate": "2008-06-16 19:57:19", "period": "Q1", "revenue": 239298000, "costOfRevenue": 165377000, "grossProfit": 73921000, "grossProfitRatio": 0.3089077217527936, "researchAndDevelopmentExpenses": 0.0, "generalAndAdministrativeExpenses": 62065000, "sellingAndMarketingExpenses": 0.0, "otherExpenses": 0.0, "operatingExpenses": 62065000, "costAndExpenses": 227442000, "interestExpense": -915000.0, "depreciationAndAmortization": 0.0, "ebitda": 8084000.0, "ebitdaratio": 0.03378214611070715, "operatingIncome": 8084000.0, "operatingIncomeRatio": 0.03378214611070715, "totalOtherIncomeExpensesNet": 0.0, "incomeBeforeTax": 7169000.0, "incomeBeforeTaxRatio": 0.029958461834198362, "incomeTaxExpense": 2894000.0, "netIncome": 4275000.0, "netIncomeRatio": 0.01786475440663942, "eps": 0.08, "epsdiluted": 0.07, "weightedAverageShsOut": 56956000, "weightedAverageShsOutDil": 58980000, "link": "https://www.sec.gov/Archives/edgar/data/1403568/000095013408011302/0000950134-08-011302-index.htm", "finalLink": "https://www.sec.gov/Archives/edgar/data/1403568/000095013708005469/c25684e10vk.htm"}, {"date": "2008-02-02", "symbol": "ULTA", "fillingDate": "2008-04-16", "acceptedDate": "2008-04-16 15:27:31", "period": "FY", "revenue": 309344000, "costOfRevenue": 212322000, "grossProfit": 97022000, "grossProfitRatio": 0.3136378917968346, "researchAndDevelopmentExpenses": 0.0, "generalAndAdministrativeExpenses": 70388000, "sellingAndMarketingExpenses": 0.0, "otherExpenses": 0.0, "operatingExpenses": 70388000, "costAndExpenses": 282710000, "interestExpense": -1077000.0, "depreciationAndAmortization": 10906000, "ebitda": 34846000, "ebitdaratio": 0.1126448225923244, "operatingIncome": 23940000, "operatingIncomeRatio": 0.07738957277335265, "totalOtherIncomeExpensesNet": 0.0, "incomeBeforeTax": 22863000, "incomeBeforeTaxRatio": 0.0739080117926968, "incomeTaxExpense": 9259000.0, "netIncome": 13604000, "netIncomeRatio": 0.0439769318299369, "eps": 0.0, "epsdiluted": 0.0, "weightedAverageShsOut": 8252.0, "weightedAverageShsOutDil": 10447.0, "link": "https://www.sec.gov/Archives/edgar/data/1403568/000095013708005469/0000950137-08-005469-index.htm", "finalLink": "https://www.sec.gov/Archives/edgar/data/1403568/000095013708005469/c25684e10vk.htm"}]