[{"date": "2020-03-31", "symbol": "CDW", "fillingDate": "2020-05-06", "acceptedDate": "2020-05-06 16:05:02", "period": "Q1", "revenue": 4389200000, "costOfRevenue": 3632700000, "grossProfit": 756500000, "grossProfitRatio": 0.17235487104711564, "researchAndDevelopmentExpenses": 0.0, "generalAndAdministrativeExpenses": 510700000, "sellingAndMarketingExpenses": 510000000, "otherExpenses": 0.0, "operatingExpenses": 510700000, "costAndExpenses": 4143400000, "interestExpense": 0.0, "depreciationAndAmortization": 91400000, "ebitda": 337200000, "ebitdaratio": 0.0768249339287, "operatingIncome": 245800000, "operatingIncomeRatio": 0.0560010935934, "totalOtherIncomeExpensesNet": 3000000.0, "incomeBeforeTax": 211800000, "incomeBeforeTaxRatio": 0.0482548072542, "incomeTaxExpense": 44000000, "netIncome": 167900000, "netIncomeRatio": 0.0382529845986, "eps": 1.18, "epsdiluted": 1.16, "weightedAverageShsOut": 142700000, "weightedAverageShsOutDil": 144900000, "link": "https://www.sec.gov/Archives/edgar/data/1402057/000140205720000092/0001402057-20-000092-index.htm", "finalLink": "https://www.sec.gov/Archives/edgar/data/1402057/000140205720000092/cdw-2020331x10q.htm"}, {"date": "2019-12-31", "symbol": "CDW", "fillingDate": "2020-02-28", "acceptedDate": "2020-02-28 16:33:20", "period": "FY", "revenue": 4536900000, "costOfRevenue": 3759400000, "grossProfit": 777500000, "grossProfitRatio": 0.17137252308845247, "researchAndDevelopmentExpenses": 0.0, "generalAndAdministrativeExpenses": 443800000, "sellingAndMarketingExpenses": 0.0, "otherExpenses": 0.0, "operatingExpenses": 443800000, "costAndExpenses": 4203200000, "interestExpense": 0.0, "depreciationAndAmortization": 69600000, "ebitda": 353400000, "ebitdaratio": 0.0778945976327, "operatingIncome": 283800000, "operatingIncomeRatio": 0.0625537261125, "totalOtherIncomeExpensesNet": 0.0, "incomeBeforeTax": 236000000, "incomeBeforeTaxRatio": 0.0520178976834, "incomeTaxExpense": 50400000, "netIncome": 185600000, "netIncomeRatio": 0.0409089907205, "eps": 1.3, "epsdiluted": 1.27, "weightedAverageShsOut": 145100000, "weightedAverageShsOutDil": 147800000, "link": "https://www.sec.gov/Archives/edgar/data/1402057/000140205720000042/0001402057-20-000042-index.htm", "finalLink": "https://www.sec.gov/Archives/edgar/data/1402057/000140205720000042/cdw-20191231x10k.htm"}, {"date": "2019-09-30", "symbol": "CDW", "fillingDate": "2019-10-31", "acceptedDate": "2019-10-31 16:05:24", "period": "Q3", "revenue": 4907700000, "costOfRevenue": 4091200000, "grossProfit": 816500000, "grossProfitRatio": 0.1663712125843063, "researchAndDevelopmentExpenses": 0.0, "generalAndAdministrativeExpenses": 444900000, "sellingAndMarketingExpenses": 0.0, "otherExpenses": 0.0, "operatingExpenses": 444900000, "costAndExpenses": 4536100000, "interestExpense": 0.0, "depreciationAndAmortization": 68200000, "ebitda": 388800000, "ebitdaratio": 0.0792224463598, "operatingIncome": 320600000, "operatingIncomeRatio": 0.0653259164171, "totalOtherIncomeExpensesNet": 0.0, "incomeBeforeTax": 260900000, "incomeBeforeTaxRatio": 0.0531613586813, "incomeTaxExpense": 59200000, "netIncome": 201700000, "netIncomeRatio": 0.0410986816635, "eps": 1.39, "epsdiluted": 1.37, "weightedAverageShsOut": 145700000, "weightedAverageShsOutDil": 148200000, "link": "https://www.sec.gov/Archives/edgar/data/1402057/000140205719000219/0001402057-19-000219-index.htm", "finalLink": "https://www.sec.gov/Archives/edgar/data/1402057/000140205719000219/cdw-2019930x10q.htm"}, {"date": "2019-06-30", "symbol": "CDW", "fillingDate": "2019-07-31", "acceptedDate": "2019-07-31 16:08:52", "period": "Q2", "revenue": 4629900000, "costOfRevenue": 3856100000, "grossProfit": 773800000, "grossProfitRatio": 0.16713103954729044, "researchAndDevelopmentExpenses": 0.0, "generalAndAdministrativeExpenses": 420400000, "sellingAndMarketingExpenses": 0.0, "otherExpenses": 0.0, "operatingExpenses": 420400000, "costAndExpenses": 4276500000, "interestExpense": 0.0, "depreciationAndAmortization": 65000000, "ebitda": 365300000, "ebitdaratio": 0.0789001922288, "operatingIncome": 300300000, "operatingIncomeRatio": 0.0648610121169, "totalOtherIncomeExpensesNet": 0.0, "incomeBeforeTax": 261200000, "incomeBeforeTaxRatio": 0.0564159053111, "incomeTaxExpense": 64600000, "netIncome": 196600000, "netIncomeRatio": 0.0424631201538, "eps": 1.35, "epsdiluted": 1.33, "weightedAverageShsOut": 146300000, "weightedAverageShsOutDil": 148700000, "link": "https://www.sec.gov/Archives/edgar/data/1402057/000140205719000174/0001402057-19-000174-index.htm", "finalLink": "https://www.sec.gov/Archives/edgar/data/1402057/000140205719000174/cdw-2019630x10q.htm"}, {"date": "2019-03-31", "symbol": "CDW", "fillingDate": "2019-05-01", "acceptedDate": "2019-05-01 16:03:46", "period": "Q1", "revenue": 3957900000, "costOfRevenue": 3285800000, "grossProfit": 672100000, "grossProfitRatio": 0.1698122741858056, "researchAndDevelopmentExpenses": 0.0, "generalAndAdministrativeExpenses": 404000000, "sellingAndMarketingExpenses": 0.0, "otherExpenses": 0.0, "operatingExpenses": 404000000, "costAndExpenses": 3689800000, "interestExpense": 0.0, "depreciationAndAmortization": 64300000, "ebitda": 293200000, "ebitdaratio": 0.0740796887238, "operatingIncome": 228900000, "operatingIncomeRatio": 0.0578336996892, "totalOtherIncomeExpensesNet": 0.0, "incomeBeforeTax": 191600000, "incomeBeforeTaxRatio": 0.0484095100937, "incomeTaxExpense": 38700000, "netIncome": 152900000, "netIncomeRatio": 0.0386315975644, "eps": 1.04, "epsdiluted": 1.02, "weightedAverageShsOut": 147000000, "weightedAverageShsOutDil": 149200000, "link": "https://www.sec.gov/Archives/edgar/data/1402057/000140205719000137/0001402057-19-000137-index.htm", "finalLink": "https://www.sec.gov/Archives/edgar/data/1402057/000140205719000137/cdw-2019331x10q.htm"}, {"date": "2018-12-31", "symbol": "CDW", "fillingDate": "2019-02-27", "acceptedDate": "2019-02-27 16:44:54", "period": "FY", "revenue": 4074800000, "costOfRevenue": 3381000000, "grossProfit": 693800000, "grossProfitRatio": 0.1702660253263964, "researchAndDevelopmentExpenses": 0.0, "generalAndAdministrativeExpenses": 402300000, "sellingAndMarketingExpenses": 0.0, "otherExpenses": 0.0, "operatingExpenses": 402300000, "costAndExpenses": 3783300000, "interestExpense": 0.0, "depreciationAndAmortization": 66900000, "ebitda": 309800000, "ebitdaratio": 0.0760282713262, "operatingIncome": 242900000, "operatingIncomeRatio": 0.0596102876215, "totalOtherIncomeExpensesNet": 0.0, "incomeBeforeTax": 206600000, "incomeBeforeTaxRatio": 0.0507018749386, "incomeTaxExpense": 47300000, "netIncome": 159300000, "netIncomeRatio": 0.039093943261, "eps": 1.07, "epsdiluted": 1.05, "weightedAverageShsOut": 150900000, "weightedAverageShsOutDil": 153600000, "link": "https://www.sec.gov/Archives/edgar/data/1402057/000140205719000046/0001402057-19-000046-index.htm", "finalLink": "https://www.sec.gov/Archives/edgar/data/1402057/000140205719000046/cdw-20181231x10k.htm"}, {"date": "2018-09-30", "symbol": "CDW", "fillingDate": "2018-10-31", "acceptedDate": "2018-10-31 16:13:42", "period": "Q3", "revenue": 4373200000, "costOfRevenue": 3659600000, "grossProfit": 713600000, "grossProfitRatio": 0.16317570657642003, "researchAndDevelopmentExpenses": 0.0, "generalAndAdministrativeExpenses": 390700000, "sellingAndMarketingExpenses": 0.0, "otherExpenses": 0.0, "operatingExpenses": 390700000, "costAndExpenses": 4050300000, "interestExpense": 0.0, "depreciationAndAmortization": 65800000, "ebitda": 340600000, "ebitdaratio": 0.0778834720571, "operatingIncome": 274800000, "operatingIncomeRatio": 0.0628372816244, "totalOtherIncomeExpensesNet": 0.0, "incomeBeforeTax": 238400000, "incomeBeforeTaxRatio": 0.0545138571298, "incomeTaxExpense": 54700000, "netIncome": 183700000, "netIncomeRatio": 0.042005853837, "eps": 1.21, "epsdiluted": 1.2, "weightedAverageShsOut": 151600000, "weightedAverageShsOutDil": 154100000, "link": "https://www.sec.gov/Archives/edgar/data/1402057/000140205718000230/0001402057-18-000230-index.htm", "finalLink": "https://www.sec.gov/Archives/edgar/data/1402057/000140205718000230/cdw-2018930x10q.htm"}, {"date": "2018-06-30", "symbol": "CDW", "fillingDate": "2018-08-03", "acceptedDate": "2018-08-02 17:41:02", "period": "Q2", "revenue": 4186100000, "costOfRevenue": 3490500000, "grossProfit": 695600000, "grossProfitRatio": 0.16616898784071094, "researchAndDevelopmentExpenses": 0.0, "generalAndAdministrativeExpenses": 381400000, "sellingAndMarketingExpenses": 0.0, "otherExpenses": 0.0, "operatingExpenses": 381400000, "costAndExpenses": 3871900000, "interestExpense": 0.0, "depreciationAndAmortization": 65100000, "ebitda": 330600000, "ebitdaratio": 0.0789756575333, "operatingIncome": 265500000, "operatingIncomeRatio": 0.0634241895798, "totalOtherIncomeExpensesNet": 0.0, "incomeBeforeTax": 229800000, "incomeBeforeTaxRatio": 0.0548959652182, "incomeTaxExpense": 56800000, "netIncome": 173000000, "netIncomeRatio": 0.0413272497074, "eps": 1.15, "epsdiluted": 1.12, "weightedAverageShsOut": 151900000, "weightedAverageShsOutDil": 154400000, "link": "https://www.sec.gov/Archives/edgar/data/1402057/000140205718000177/0001402057-18-000177-index.htm", "finalLink": "https://www.sec.gov/Archives/edgar/data/1402057/000140205718000177/cdw-2018630x10q.htm"}, {"date": "2018-03-31", "symbol": "CDW", "fillingDate": "2018-05-03", "acceptedDate": "2018-05-02 17:43:25", "period": "Q1", "revenue": 3606400000, "costOfRevenue": 3002500000, "grossProfit": 603900000, "grossProfitRatio": 0.16745230700976044, "researchAndDevelopmentExpenses": 0.0, "generalAndAdministrativeExpenses": 362700000, "sellingAndMarketingExpenses": 0.0, "otherExpenses": 0.0, "operatingExpenses": 362700000, "costAndExpenses": 3365200000, "interestExpense": 0.0, "depreciationAndAmortization": 67800000, "ebitda": 271900000, "ebitdaratio": 0.0753937444543, "operatingIncome": 204100000, "operatingIncomeRatio": 0.0565938331854, "totalOtherIncomeExpensesNet": 0.0, "incomeBeforeTax": 165700000, "incomeBeforeTaxRatio": 0.0459460958296, "incomeTaxExpense": 38700000, "netIncome": 127000000, "netIncomeRatio": 0.0352151730257, "eps": 0.83, "epsdiluted": 0.82, "weightedAverageShsOut": 152200000, "weightedAverageShsOutDil": 154800000, "link": "https://www.sec.gov/Archives/edgar/data/1402057/000140205718000121/0001402057-18-000121-index.htm", "finalLink": "https://www.sec.gov/Archives/edgar/data/1402057/000140205718000121/cdw-2018331x10q.htm"}, {"date": "2017-12-31", "symbol": "CDW", "fillingDate": "2018-03-01", "acceptedDate": "2018-02-28 17:42:02", "period": "FY", "revenue": 3838500000, "costOfRevenue": 3224200000, "grossProfit": 614300000, "grossProfitRatio": 0.16003647258043507, "researchAndDevelopmentExpenses": 0.0, "generalAndAdministrativeExpenses": 347200000, "sellingAndMarketingExpenses": 0.0, "otherExpenses": 0.0, "operatingExpenses": 347200000, "costAndExpenses": 3571400000, "interestExpense": 0.0, "depreciationAndAmortization": 66900000, "ebitda": 288400000, "ebitdaratio": 0.0751335156962, "operatingIncome": 221500000, "operatingIncomeRatio": 0.0577048326169, "totalOtherIncomeExpensesNet": 0.0, "incomeBeforeTax": 184600000, "incomeBeforeTaxRatio": 0.048091702488, "incomeTaxExpense": -10700000, "netIncome": 195200000, "netIncomeRatio": 0.0508531978637, "eps": 1.27, "epsdiluted": 1.25, "weightedAverageShsOut": 155400000, "weightedAverageShsOutDil": 158200000, "link": "https://www.sec.gov/Archives/edgar/data/1402057/000140205718000038/0001402057-18-000038-index.htm", "finalLink": "https://www.sec.gov/Archives/edgar/data/1402057/000140205718000038/cdw-20171231x10k.htm"}, {"date": "2017-09-30", "symbol": "CDW", "fillingDate": "2017-11-02", "acceptedDate": "2017-11-01 17:44:07", "period": "Q3", "revenue": 4033900000, "costOfRevenue": 3391900000, "grossProfit": 642000000, "grossProfitRatio": 0.15915119363395225, "researchAndDevelopmentExpenses": 0.0, "generalAndAdministrativeExpenses": 352000000, "sellingAndMarketingExpenses": 0.0, "otherExpenses": 0.0, "operatingExpenses": 352000000, "costAndExpenses": 3743900000, "interestExpense": 0.0, "depreciationAndAmortization": 66000000, "ebitda": 309700000, "ebitdaratio": 0.0767743374898, "operatingIncome": 243700000, "operatingIncomeRatio": 0.0604129998265, "totalOtherIncomeExpensesNet": 0.0, "incomeBeforeTax": 206500000, "incomeBeforeTaxRatio": 0.0511911549617, "incomeTaxExpense": 77500000, "netIncome": 129100000, "netIncomeRatio": 0.0320037680656, "eps": 0.84, "epsdiluted": 0.83, "weightedAverageShsOut": 156300000, "weightedAverageShsOutDil": 159200000, "link": "https://www.sec.gov/Archives/edgar/data/1402057/000140205717000166/0001402057-17-000166-index.htm", "finalLink": "https://www.sec.gov/Archives/edgar/data/1402057/000140205717000166/cdw-2017930x10q.htm"}, {"date": "2017-06-30", "symbol": "CDW", "fillingDate": "2017-08-04", "acceptedDate": "2017-08-03 17:50:14", "period": "Q2", "revenue": 3994400000, "costOfRevenue": 3353400000, "grossProfit": 641000000, "grossProfitRatio": 0.16047466453034248, "researchAndDevelopmentExpenses": 0.0, "generalAndAdministrativeExpenses": 363500000, "sellingAndMarketingExpenses": 0.0, "otherExpenses": 0.0, "operatingExpenses": 363500000, "costAndExpenses": 3716900000, "interestExpense": 0.0, "depreciationAndAmortization": 65800000, "ebitda": 296900000, "ebitdaratio": 0.074329060685, "operatingIncome": 231100000, "operatingIncomeRatio": 0.0578559983978, "totalOtherIncomeExpensesNet": 0.0, "incomeBeforeTax": 195600000, "incomeBeforeTaxRatio": 0.0489685559784, "incomeTaxExpense": 54500000, "netIncome": 141100000, "netIncomeRatio": 0.0353244542359, "eps": 0.9, "epsdiluted": 0.88, "weightedAverageShsOut": 157700000, "weightedAverageShsOutDil": 160900000, "link": "https://www.sec.gov/Archives/edgar/data/1402057/000140205717000106/0001402057-17-000106-index.htm", "finalLink": "https://www.sec.gov/Archives/edgar/data/1402057/000140205717000106/cdw-2017630x10xq.htm"}, {"date": "2017-03-31", "symbol": "CDW", "fillingDate": "2017-05-04", "acceptedDate": "2017-05-03 17:42:33", "period": "Q1", "revenue": 3324700000, "costOfRevenue": 2772100000, "grossProfit": 552600000, "grossProfitRatio": 0.16621048515655548, "researchAndDevelopmentExpenses": 0.0, "generalAndAdministrativeExpenses": 347400000, "sellingAndMarketingExpenses": 0.0, "otherExpenses": 0.0, "operatingExpenses": 347400000, "costAndExpenses": 3119500000, "interestExpense": 0.0, "depreciationAndAmortization": 67400000, "ebitda": 237200000, "ebitdaratio": 0.0713447829879, "operatingIncome": 169800000, "operatingIncomeRatio": 0.0510722771979, "totalOtherIncomeExpensesNet": 0.0, "incomeBeforeTax": 73600000, "incomeBeforeTaxRatio": 0.0221373356995, "incomeTaxExpense": 16000000, "netIncome": 57600000, "netIncomeRatio": 0.017324871417, "eps": 0.36, "epsdiluted": 0.35, "weightedAverageShsOut": 159400000, "weightedAverageShsOutDil": 162800000, "link": "https://www.sec.gov/Archives/edgar/data/1402057/000140205717000056/0001402057-17-000056-index.htm", "finalLink": "https://www.sec.gov/Archives/edgar/data/1402057/000140205717000056/cdw-2017331x10xq.htm"}, {"date": "2016-12-31", "symbol": "CDW", "fillingDate": "2017-03-01", "acceptedDate": "2017-02-28 17:54:47", "period": "FY", "revenue": 3492400000, "costOfRevenue": 2914500000, "grossProfit": 577900000, "grossProfitRatio": 0.16547359981674492, "researchAndDevelopmentExpenses": 0.0, "generalAndAdministrativeExpenses": 336100000, "sellingAndMarketingExpenses": 0.0, "otherExpenses": 0.0, "operatingExpenses": 336100000, "costAndExpenses": 3250600000, "interestExpense": 0.0, "depreciationAndAmortization": 65900000, "ebitda": 263100000, "ebitdaratio": 0.0753350131715, "operatingIncome": 197200000, "operatingIncomeRatio": 0.0564654678731, "totalOtherIncomeExpensesNet": 0.0, "incomeBeforeTax": 162800000, "incomeBeforeTaxRatio": 0.0466155079601, "incomeTaxExpense": 59600000, "netIncome": 103200000, "netIncomeRatio": 0.0295498797389, "eps": 0.64, "epsdiluted": 0.63, "weightedAverageShsOut": 163600000, "weightedAverageShsOutDil": 166000000, "link": "https://www.sec.gov/Archives/edgar/data/1402057/000140205717000007/0001402057-17-000007-index.htm", "finalLink": "https://www.sec.gov/Archives/edgar/data/1402057/000140205717000007/cdw-20161231x10k.htm"}, {"date": "2016-09-30", "symbol": "CDW", "fillingDate": "2016-11-03", "acceptedDate": "2016-11-02 17:57:47", "period": "Q3", "revenue": 3708200000, "costOfRevenue": 3093900000, "grossProfit": 614300000, "grossProfitRatio": 0.16565988889488162, "researchAndDevelopmentExpenses": 0.0, "generalAndAdministrativeExpenses": 335000000, "sellingAndMarketingExpenses": 0.0, "otherExpenses": 0.0, "operatingExpenses": 335000000, "costAndExpenses": 3428900000, "interestExpense": 0.0, "depreciationAndAmortization": 64100000, "ebitda": 301600000, "ebitdaratio": 0.0813332614206, "operatingIncome": 237500000, "operatingIncomeRatio": 0.0640472466426, "totalOtherIncomeExpensesNet": 0.0, "incomeBeforeTax": 198200000, "incomeBeforeTaxRatio": 0.0534491127771, "incomeTaxExpense": 72300000, "netIncome": 125900000, "netIncomeRatio": 0.033951782536, "eps": 0.77, "epsdiluted": 0.77, "weightedAverageShsOut": 164800000, "weightedAverageShsOutDil": 166900000, "link": "https://www.sec.gov/Archives/edgar/data/1402057/000140205716000116/0001402057-16-000116-index.htm", "finalLink": "https://www.sec.gov/Archives/edgar/data/1402057/000140205716000116/cdw-2016930x10xq.htm"}, {"date": "2016-06-30", "symbol": "CDW", "fillingDate": "2016-08-04", "acceptedDate": "2016-08-03 18:00:51", "period": "Q2", "revenue": 3664600000, "costOfRevenue": 3054100000, "grossProfit": 610500000, "grossProfitRatio": 0.1665938983790864, "researchAndDevelopmentExpenses": 0.0, "generalAndAdministrativeExpenses": 344700000, "sellingAndMarketingExpenses": 0.0, "otherExpenses": 0.0, "operatingExpenses": 344700000, "costAndExpenses": 3398800000, "interestExpense": 0.0, "depreciationAndAmortization": 65400000, "ebitda": 288900000, "ebitdaratio": 0.0788353435573, "operatingIncome": 223500000, "operatingIncomeRatio": 0.0609889210282, "totalOtherIncomeExpensesNet": 0.0, "incomeBeforeTax": 187500000, "incomeBeforeTaxRatio": 0.0511652022049, "incomeTaxExpense": 70000000, "netIncome": 117500000, "netIncomeRatio": 0.0320635267151, "eps": 0.71, "epsdiluted": 0.7, "weightedAverageShsOut": 166100000, "weightedAverageShsOutDil": 167800000, "link": "https://www.sec.gov/Archives/edgar/data/1402057/000140205716000113/0001402057-16-000113-index.htm", "finalLink": "https://www.sec.gov/Archives/edgar/data/1402057/000140205716000113/cdw-2016630x10xq.htm"}, {"date": "2016-03-31", "symbol": "CDW", "fillingDate": "2016-05-05", "acceptedDate": "2016-05-04 17:38:13", "period": "Q1", "revenue": 3116700000, "costOfRevenue": 2592200000, "grossProfit": 524500000, "grossProfitRatio": 0.16828697019283217, "researchAndDevelopmentExpenses": 0.0, "generalAndAdministrativeExpenses": 329300000, "sellingAndMarketingExpenses": 0.0, "otherExpenses": 0.0, "operatingExpenses": 329300000, "costAndExpenses": 2921500000, "interestExpense": 0.0, "depreciationAndAmortization": 65600000, "ebitda": 226600000, "ebitdaratio": 0.0727051047582, "operatingIncome": 161000000, "operatingIncomeRatio": 0.0516572015273, "totalOtherIncomeExpensesNet": 0.0, "incomeBeforeTax": 123900000, "incomeBeforeTaxRatio": 0.0397535855231, "incomeTaxExpense": 46100000, "netIncome": 77800000, "netIncomeRatio": 0.0249622998685, "eps": 0.47, "epsdiluted": 0.46, "weightedAverageShsOut": 167300000, "weightedAverageShsOutDil": 168900000, "link": "https://www.sec.gov/Archives/edgar/data/1402057/000140205716000107/0001402057-16-000107-index.htm", "finalLink": "https://www.sec.gov/Archives/edgar/data/1402057/000140205716000107/cdw-2016331x10xq.htm"}, {"date": "2015-12-31", "symbol": "CDW", "fillingDate": "2016-02-25", "acceptedDate": "2016-02-24 17:48:36", "period": "FY", "revenue": 3418400000, "costOfRevenue": 2860800000, "grossProfit": 557600000, "grossProfitRatio": 0.16311724783524456, "researchAndDevelopmentExpenses": 0.0, "generalAndAdministrativeExpenses": 338500000, "sellingAndMarketingExpenses": 0.0, "otherExpenses": 0.0, "operatingExpenses": 338500000, "costAndExpenses": 3199300000, "interestExpense": 0.0, "depreciationAndAmortization": 64100000, "ebitda": 244000000, "ebitdaratio": 0.0713784226539, "operatingIncome": 179900000, "operatingIncomeRatio": 0.0526269599813, "totalOtherIncomeExpensesNet": 0.0, "incomeBeforeTax": 141700000, "incomeBeforeTaxRatio": 0.0414521413527, "incomeTaxExpense": 52400000, "netIncome": 89300000, "netIncomeRatio": 0.0261233325532, "eps": 0.53, "epsdiluted": 0.53, "weightedAverageShsOut": 170300000, "weightedAverageShsOutDil": 171800000, "link": "https://www.sec.gov/Archives/edgar/data/1402057/000140205716000057/0001402057-16-000057-index.htm", "finalLink": "https://www.sec.gov/Archives/edgar/data/1402057/000140205716000057/cdw-20151231x10k.htm"}, {"date": "2015-09-30", "symbol": "CDW", "fillingDate": "2015-11-06", "acceptedDate": "2015-11-06 08:46:42", "period": "Q3", "revenue": 3501100000, "costOfRevenue": 2933900000, "grossProfit": 567200000, "grossProfitRatio": 0.1620062266144926, "researchAndDevelopmentExpenses": 0.0, "generalAndAdministrativeExpenses": 321400000, "sellingAndMarketingExpenses": 0.0, "otherExpenses": 0.0, "operatingExpenses": 321400000, "costAndExpenses": 3255300000, "interestExpense": 0.0, "depreciationAndAmortization": 61500000, "ebitda": 266100000, "ebitdaratio": 0.0760046842421, "operatingIncome": 204600000, "operatingIncomeRatio": 0.0584387763846, "totalOtherIncomeExpensesNet": 0.0, "incomeBeforeTax": 246200000, "incomeBeforeTaxRatio": 0.0703207563337, "incomeTaxExpense": 95300000, "netIncome": 150900000, "netIncomeRatio": 0.0431007397675, "eps": 0.89, "epsdiluted": 0.88, "weightedAverageShsOut": 170900000, "weightedAverageShsOutDil": 172300000, "link": "https://www.sec.gov/Archives/edgar/data/1402057/000140205715000047/0001402057-15-000047-index.htm", "finalLink": "https://www.sec.gov/Archives/edgar/data/1402057/000140205715000047/cdw-2015930x10xq.htm"}, {"date": "2015-06-30", "symbol": "CDW", "fillingDate": "2015-08-07", "acceptedDate": "2015-08-07 08:52:24", "period": "Q2", "revenue": 3314000000, "costOfRevenue": 2779500000, "grossProfit": 534500000, "grossProfitRatio": 0.1612854556427278, "researchAndDevelopmentExpenses": 0.0, "generalAndAdministrativeExpenses": 290600000, "sellingAndMarketingExpenses": 0.0, "otherExpenses": 0.0, "operatingExpenses": 290600000, "costAndExpenses": 3070100000, "interestExpense": 0.0, "depreciationAndAmortization": 54200000, "ebitda": 260100000, "ebitdaratio": 0.0784852142426, "operatingIncome": 205900000, "operatingIncomeRatio": 0.0621303560652, "totalOtherIncomeExpensesNet": 0.0, "incomeBeforeTax": 172100000, "incomeBeforeTaxRatio": 0.0519312009656, "incomeTaxExpense": 63900000, "netIncome": 108200000, "netIncomeRatio": 0.0326493663247, "eps": 0.63, "epsdiluted": 0.62, "weightedAverageShsOut": 171600000, "weightedAverageShsOutDil": 173000000, "link": "https://www.sec.gov/Archives/edgar/data/1402057/000140205715000044/0001402057-15-000044-index.htm", "finalLink": "https://www.sec.gov/Archives/edgar/data/1402057/000140205715000044/cdw-2015630x10xq.htm"}, {"date": "2015-03-31", "symbol": "CDW", "fillingDate": "2015-05-08", "acceptedDate": "2015-05-08 08:38:32", "period": "Q1", "revenue": 2755200000, "costOfRevenue": 2298700000, "grossProfit": 456500000, "grossProfitRatio": 0.16568670150987225, "researchAndDevelopmentExpenses": 0.0, "generalAndAdministrativeExpenses": 275500000, "sellingAndMarketingExpenses": 0.0, "otherExpenses": 0.0, "operatingExpenses": 275500000, "costAndExpenses": 2574200000, "interestExpense": 0.0, "depreciationAndAmortization": 54000000, "ebitda": 205600000, "ebitdaratio": 0.0746225319396, "operatingIncome": 151600000, "operatingIncomeRatio": 0.0550232288037, "totalOtherIncomeExpensesNet": 0.0, "incomeBeforeTax": 87000000, "incomeBeforeTaxRatio": 0.0315766550523, "incomeTaxExpense": 32300000, "netIncome": 54700000, "netIncomeRatio": 0.0198533681765, "eps": 0.32, "epsdiluted": 0.32, "weightedAverageShsOut": 172100000, "weightedAverageShsOutDil": 173500000, "link": "https://www.sec.gov/Archives/edgar/data/1402057/000140205715000041/0001402057-15-000041-index.htm", "finalLink": "https://www.sec.gov/Archives/edgar/data/1402057/000140205715000041/cdw-2015331x10xq.htm"}, {"date": "2014-12-31", "symbol": "CDW", "fillingDate": "2015-02-26", "acceptedDate": "2015-02-26 07:01:35", "period": "FY", "revenue": 3050100000, "costOfRevenue": 2558200000, "grossProfit": 491900000, "grossProfitRatio": 0.16127340087210254, "researchAndDevelopmentExpenses": 0.0, "generalAndAdministrativeExpenses": 290100000, "sellingAndMarketingExpenses": 0.0, "otherExpenses": 0.0, "operatingExpenses": 290100000, "costAndExpenses": 2848300000, "interestExpense": 0.0, "depreciationAndAmortization": 53600000, "ebitda": 217900000, "ebitdaratio": 0.0714402806465, "operatingIncome": 164300000, "operatingIncomeRatio": 0.053867086325, "totalOtherIncomeExpensesNet": 0.0, "incomeBeforeTax": 80100000, "incomeBeforeTaxRatio": 0.0262614340513, "incomeTaxExpense": 28300000, "netIncome": 51800000, "netIncomeRatio": 0.0169830497361, "eps": 0.31, "epsdiluted": 0.3, "weightedAverageShsOut": 170600000, "weightedAverageShsOutDil": 172800000, "link": "https://www.sec.gov/Archives/edgar/data/1402057/000140205715000003/0001402057-15-000003-index.htm", "finalLink": "https://www.sec.gov/Archives/edgar/data/1402057/000140205715000003/cdw-20141231x10k.htm"}, {"date": "2014-09-30", "symbol": "CDW", "fillingDate": "2014-11-12", "acceptedDate": "2014-11-12 08:30:27", "period": "Q3", "revenue": 3266100000, "costOfRevenue": 2758800000, "grossProfit": 507300000, "grossProfitRatio": 0.15532286212914484, "researchAndDevelopmentExpenses": 0.0, "generalAndAdministrativeExpenses": 285400000, "sellingAndMarketingExpenses": 820000000, "otherExpenses": 1000000.0, "operatingExpenses": 285400000, "costAndExpenses": 3044200000, "interestExpense": -98600000, "depreciationAndAmortization": 53500000, "ebitda": 238200000, "ebitdaratio": 0.0729310186461, "operatingIncome": 184700000, "operatingIncomeRatio": 0.056550626129, "totalOtherIncomeExpensesNet": 1000000.0, "incomeBeforeTax": 89600000, "incomeBeforeTaxRatio": 0.0274333302716, "incomeTaxExpense": 34000000, "netIncome": 55600000, "netIncomeRatio": 0.0170233611953, "eps": 0.32, "epsdiluted": 0.32, "weightedAverageShsOut": 170200000, "weightedAverageShsOutDil": 172700000, "link": "https://www.sec.gov/Archives/edgar/data/1402057/000140205714000011/0001402057-14-000011-index.htm", "finalLink": "https://www.sec.gov/Archives/edgar/data/1402057/000140205714000011/cdw-201493010xq.htm"}, {"date": "2014-06-30", "symbol": "CDW", "fillingDate": "2014-08-13", "acceptedDate": "2014-08-13 08:13:39", "period": "Q2", "revenue": 3106000000, "costOfRevenue": 2609100000, "grossProfit": 496900000, "grossProfitRatio": 0.1599806825499034, "researchAndDevelopmentExpenses": 0.0, "generalAndAdministrativeExpenses": 273900000, "sellingAndMarketingExpenses": 0.0, "otherExpenses": 0.0, "operatingExpenses": 273900000, "costAndExpenses": 2883000000, "interestExpense": 48500000, "depreciationAndAmortization": 53600000, "ebitda": 241800000, "ebitdaratio": 0.0778493238892, "operatingIncome": 188200000, "operatingIncomeRatio": 0.060592401803, "totalOtherIncomeExpensesNet": 0.0, "incomeBeforeTax": 137200000, "incomeBeforeTaxRatio": 0.0441725692209, "incomeTaxExpense": 50600000, "netIncome": 86600000, "netIncomeRatio": 0.0278815196394, "eps": 0.51, "epsdiluted": 0.5, "weightedAverageShsOut": 169900000, "weightedAverageShsOutDil": 172500000, "link": "https://www.sec.gov/Archives/edgar/data/1402057/000144530514003628/0001445305-14-003628-index.htm", "finalLink": "https://www.sec.gov/Archives/edgar/data/1402057/000144530514003628/cdw-201463010xq.htm"}, {"date": "2014-03-31", "symbol": "CDW", "fillingDate": "2014-05-12", "acceptedDate": "2014-05-12 08:34:17", "period": "Q1", "revenue": 2652300000, "costOfRevenue": 2227100000, "grossProfit": 425200000, "grossProfitRatio": 0.1603136900049014, "researchAndDevelopmentExpenses": 0.0, "generalAndAdministrativeExpenses": 260900000, "sellingAndMarketingExpenses": 260000000, "otherExpenses": 0.0, "operatingExpenses": 260900000, "costAndExpenses": 2488000000, "interestExpense": 50100000, "depreciationAndAmortization": 53600000, "ebitda": 189400000, "ebitdaratio": 0.0714097198658, "operatingIncome": 135800000, "operatingIncomeRatio": 0.05120084455, "totalOtherIncomeExpensesNet": 0.0, "incomeBeforeTax": 80800000, "incomeBeforeTaxRatio": 0.030464125476, "incomeTaxExpense": 29900000, "netIncome": 50900000, "netIncomeRatio": 0.0191908909249, "eps": 0.3, "epsdiluted": 0.3, "weightedAverageShsOut": 169600000, "weightedAverageShsOutDil": 172300000, "link": "https://www.sec.gov/Archives/edgar/data/1402057/000140205714000005/0001402057-14-000005-index.htm", "finalLink": "https://www.sec.gov/Archives/edgar/data/1402057/000140205714000005/cdw-201433110xq.htm"}, {"date": "2013-12-31", "symbol": "CDW", "fillingDate": "2014-03-05", "acceptedDate": "2014-03-05 08:33:33", "period": "FY", "revenue": 2713300000, "costOfRevenue": 2265000000, "grossProfit": 448300000, "grossProfitRatio": 0.16522315998968046, "researchAndDevelopmentExpenses": 0.0, "generalAndAdministrativeExpenses": 270600000, "sellingAndMarketingExpenses": 0.0, "otherExpenses": 0.0, "operatingExpenses": 270600000, "costAndExpenses": 2535600000, "interestExpense": 51500000, "depreciationAndAmortization": 53600000, "ebitda": 195600000, "ebitdaratio": 0.0720893377069, "operatingIncome": 142000000, "operatingIncomeRatio": 0.0523347952678, "totalOtherIncomeExpensesNet": 0.0, "incomeBeforeTax": 82600000, "incomeBeforeTaxRatio": 0.0304426344304, "incomeTaxExpense": 22600000, "netIncome": 60000000, "netIncomeRatio": 0.0221132937751, "eps": 0.37, "epsdiluted": 0.37, "weightedAverageShsOut": 156600000, "weightedAverageShsOutDil": 158700000, "link": "https://www.sec.gov/Archives/edgar/data/1402057/000140205714000002/0001402057-14-000002-index.htm", "finalLink": "https://www.sec.gov/Archives/edgar/data/1402057/000140205714000002/cdw-20131231x10k.htm"}, {"date": "2013-09-30", "symbol": "CDW", "fillingDate": "2013-11-07", "acceptedDate": "2013-11-07 10:27:00", "period": "Q3", "revenue": 2864300000, "costOfRevenue": 2405900000, "grossProfit": 458400000, "grossProfitRatio": 0.16003910204936633, "researchAndDevelopmentExpenses": 0.0, "generalAndAdministrativeExpenses": 332400000, "sellingAndMarketingExpenses": 24000000, "otherExpenses": 0.0, "operatingExpenses": 332400000, "costAndExpenses": 2738300000, "interestExpense": 56200000, "depreciationAndAmortization": 53800000, "ebitda": 146700000, "ebitdaratio": 0.0512167021611, "operatingIncome": 92900000, "operatingIncomeRatio": 0.0324337534476, "totalOtherIncomeExpensesNet": 0.0, "incomeBeforeTax": -24000000, "incomeBeforeTaxRatio": -0.0016758021157, "incomeTaxExpense": 9000000.0, "netIncome": 72000000, "netIncomeRatio": -0.000768075969696, "eps": -0.04, "epsdiluted": -0.04, "weightedAverageShsOut": 152500000, "weightedAverageShsOutDil": 154300000, "link": "https://www.sec.gov/Archives/edgar/data/1402057/000140205713000012/0001402057-13-000012-index.htm", "finalLink": "https://www.sec.gov/Archives/edgar/data/1402057/000140205713000012/cdw-201393010xq.htm"}, {"date": "2013-06-30", "symbol": "CDW", "fillingDate": "2013-08-12", "acceptedDate": "2013-08-12 16:10:17", "period": "Q2", "revenue": 2779300000, "costOfRevenue": 2327700000, "grossProfit": 451600000, "grossProfitRatio": 0.16248695714748318, "researchAndDevelopmentExpenses": 0.0, "generalAndAdministrativeExpenses": 266400000, "sellingAndMarketingExpenses": 0.0, "otherExpenses": 0.0, "operatingExpenses": 266400000, "costAndExpenses": 2594100000, "interestExpense": 70300000, "depreciationAndAmortization": 54600000, "ebitda": 208200000, "ebitdaratio": 0.0749109488001, "operatingIncome": 153600000, "operatingIncomeRatio": 0.0552657143885, "totalOtherIncomeExpensesNet": 0.0, "incomeBeforeTax": 73200000, "incomeBeforeTaxRatio": 0.0263375670133, "incomeTaxExpense": 26500000, "netIncome": 46700000, "netIncomeRatio": 0.0168027920699, "eps": 0.52, "epsdiluted": 0.51, "weightedAverageShsOut": 145200000, "weightedAverageShsOutDil": 146500000, "link": "https://www.sec.gov/Archives/edgar/data/1402057/000140205713000008/0001402057-13-000008-index.htm", "finalLink": "https://www.sec.gov/Archives/edgar/data/1402057/000140205713000008/cdw-201363010xq.htm"}, {"date": "2013-03-31", "symbol": "CDW", "fillingDate": "2013-05-09", "acceptedDate": "2013-05-09 12:30:49", "period": "Q1", "revenue": 2411700000, "costOfRevenue": 2009700000, "grossProfit": 402000000, "grossProfitRatio": 0.1666873989302152, "researchAndDevelopmentExpenses": 0.0, "generalAndAdministrativeExpenses": 251500000, "sellingAndMarketingExpenses": 251000000, "otherExpenses": 0.0, "operatingExpenses": 251500000, "costAndExpenses": 2261200000, "interestExpense": 72100000, "depreciationAndAmortization": 55000000, "ebitda": 175100000, "ebitdaratio": 0.072604386947, "operatingIncome": 120100000, "operatingIncomeRatio": 0.0497988970436, "totalOtherIncomeExpensesNet": 0.0, "incomeBeforeTax": 44500000, "incomeBeforeTaxRatio": 0.0184517145582, "incomeTaxExpense": 16200000, "netIncome": 28300000, "netIncomeRatio": 0.0117344611685, "eps": 0.0, "epsdiluted": 0.0, "weightedAverageShsOut": 145200000, "weightedAverageShsOutDil": 146500000, "link": "https://www.sec.gov/Archives/edgar/data/1402057/000140205713000005/0001402057-13-000005-index.htm", "finalLink": "https://www.sec.gov/Archives/edgar/data/1402057/000140205713000005/cdw-201333110xq.htm"}, {"date": "2012-12-31", "symbol": "CDW", "fillingDate": "2013-03-08", "acceptedDate": "2013-03-08 14:26:31", "period": "FY", "revenue": 2601000000, "costOfRevenue": 2175600000, "grossProfit": 425400000, "grossProfitRatio": 0.1635524798154556, "researchAndDevelopmentExpenses": 0.0, "generalAndAdministrativeExpenses": 261400000, "sellingAndMarketingExpenses": 0.0, "otherExpenses": 0.0, "operatingExpenses": 261400000, "costAndExpenses": 2437000000, "interestExpense": 74900000, "depreciationAndAmortization": 53900000, "ebitda": 184800000, "ebitdaratio": 0.0710495963091, "operatingIncome": 130900000, "operatingIncomeRatio": 0.0503267973856, "totalOtherIncomeExpensesNet": 0.0, "incomeBeforeTax": 48100000, "incomeBeforeTaxRatio": 0.018492887351, "incomeTaxExpense": 14800000, "netIncome": 33300000, "netIncomeRatio": 0.0128027681661, "eps": 0.82, "epsdiluted": 0.82, "weightedAverageShsOut": 145100000, "weightedAverageShsOutDil": 145800000, "link": "https://www.sec.gov/Archives/edgar/data/1402057/000140205713000003/0001402057-13-000003-index.htm", "finalLink": "https://www.sec.gov/Archives/edgar/data/1402057/000140205713000003/cdw-20121231x10k1.htm"}, {"date": "2012-09-30", "symbol": "CDW", "fillingDate": "2012-11-09", "acceptedDate": "2012-11-09 10:07:36", "period": "Q3", "revenue": 2623300000, "costOfRevenue": 2190600000, "grossProfit": 432700000, "grossProfitRatio": 0.16494491670796324, "researchAndDevelopmentExpenses": 0.0, "generalAndAdministrativeExpenses": 257000000, "sellingAndMarketingExpenses": 0.0, "otherExpenses": 0.0, "operatingExpenses": 257000000, "costAndExpenses": 2447600000, "interestExpense": 76700000, "depreciationAndAmortization": 56200000, "ebitda": 195900000, "ebitdaratio": 0.0746769336332, "operatingIncome": 139700000, "operatingIncomeRatio": 0.0532535356231, "totalOtherIncomeExpensesNet": 0.0, "incomeBeforeTax": 63200000, "incomeBeforeTaxRatio": 0.0240917927801, "incomeTaxExpense": 25200000, "netIncome": 38000000, "netIncomeRatio": 0.0144855716083, "eps": 0.0, "epsdiluted": 0.0, "weightedAverageShsOut": 145200000, "weightedAverageShsOutDil": 146500000, "link": "https://www.sec.gov/Archives/edgar/data/1402057/000140205712000014/0001402057-12-000014-index.htm", "finalLink": "https://www.sec.gov/Archives/edgar/data/1402057/000140205712000014/cdw-201293010xq.htm"}, {"date": "2012-06-30", "symbol": "CDW", "fillingDate": "2012-08-10", "acceptedDate": "2012-08-10 11:20:41", "period": "Q2", "revenue": 2584700000, "costOfRevenue": 2157800000, "grossProfit": 426900000, "grossProfitRatio": 0.16516423569466476, "researchAndDevelopmentExpenses": 0.0, "generalAndAdministrativeExpenses": 259500000, "sellingAndMarketingExpenses": 0.0, "otherExpenses": 0.0, "operatingExpenses": 259500000, "costAndExpenses": 2417300000, "interestExpense": 76900000, "depreciationAndAmortization": 56000000, "ebitda": 192400000, "ebitdaratio": 0.0744380392309, "operatingIncome": 136400000, "operatingIncomeRatio": 0.0527720818664, "totalOtherIncomeExpensesNet": 0.0, "incomeBeforeTax": 59700000, "incomeBeforeTaxRatio": 0.0230974581189, "incomeTaxExpense": 22900000, "netIncome": 36800000, "netIncomeRatio": 0.0142376291252, "eps": 0.0, "epsdiluted": 0.0, "weightedAverageShsOut": 145200000, "weightedAverageShsOutDil": 146500000, "link": "https://www.sec.gov/Archives/edgar/data/1402057/000140205712000012/0001402057-12-000012-index.htm", "finalLink": "https://www.sec.gov/Archives/edgar/data/1402057/000140205712000012/cdw-201263010xq.htm"}, {"date": "2012-03-31", "symbol": "CDW", "fillingDate": "2012-05-15", "acceptedDate": "2012-05-15 10:27:35", "period": "Q1", "revenue": 2319200000, "costOfRevenue": 1934600000, "grossProfit": 384600000, "grossProfitRatio": 0.16583304587788894, "researchAndDevelopmentExpenses": 0.0, "generalAndAdministrativeExpenses": 251600000, "sellingAndMarketingExpenses": 0.0, "otherExpenses": 0.0, "operatingExpenses": 251600000, "costAndExpenses": 2186200000, "interestExpense": 78900000, "depreciationAndAmortization": 57700000, "ebitda": 161300000, "ebitdaratio": 0.0695498447741, "operatingIncome": 103600000, "operatingIncomeRatio": 0.0446705760607, "totalOtherIncomeExpensesNet": 0.0, "incomeBeforeTax": 15100000, "incomeBeforeTaxRatio": 0.0065108658158, "incomeTaxExpense": 4200000.0, "netIncome": 10900000, "netIncomeRatio": 0.00469989651604, "eps": 0.0, "epsdiluted": 0.0, "weightedAverageShsOut": 145200000, "weightedAverageShsOutDil": 146500000, "link": "https://www.sec.gov/Archives/edgar/data/1402057/000140205712000009/0001402057-12-000009-index.htm", "finalLink": "https://www.sec.gov/Archives/edgar/data/1402057/000140205712000009/cdw-2012331x10q.htm"}, {"date": "2011-12-31", "symbol": "CDW", "fillingDate": "2012-03-09", "acceptedDate": "2012-03-09 14:23:58", "period": "FY", "revenue": 2479300000, "costOfRevenue": 2066000000, "grossProfit": 413300000, "grossProfitRatio": 0.1667002783043601, "researchAndDevelopmentExpenses": 0.0, "generalAndAdministrativeExpenses": 266400000, "sellingAndMarketingExpenses": 0.0, "otherExpenses": 0.0, "operatingExpenses": 266400000, "costAndExpenses": 2332400000, "interestExpense": 80900000, "depreciationAndAmortization": 54500000, "ebitda": 165600000, "ebitdaratio": 0.0667930464244, "operatingIncome": 111100000, "operatingIncomeRatio": 0.0448110353729, "totalOtherIncomeExpensesNet": 0.0, "incomeBeforeTax": 29900000, "incomeBeforeTaxRatio": 0.0120598556044, "incomeTaxExpense": 10900000, "netIncome": 19000000, "netIncomeRatio": 0.0076634533941, "eps": 0.0, "epsdiluted": 0.0, "weightedAverageShsOut": 145200000, "weightedAverageShsOutDil": 146500000, "link": "https://www.sec.gov/Archives/edgar/data/1402057/000140205712000006/0001402057-12-000006-index.htm", "finalLink": "https://www.sec.gov/Archives/edgar/data/1402057/000140205712000006/cdw-20111231x10k.htm"}, {"date": "2011-09-30", "symbol": "CDW", "fillingDate": "2011-11-14", "acceptedDate": "2011-11-14 15:53:42", "period": "Q3", "revenue": 2581400000, "costOfRevenue": 2160600000, "grossProfit": 420800000, "grossProfitRatio": 0.1630123188967227, "researchAndDevelopmentExpenses": 0.0, "generalAndAdministrativeExpenses": 252800000, "sellingAndMarketingExpenses": 0.0, "otherExpenses": 0.0, "operatingExpenses": 252800000, "costAndExpenses": 2413400000, "interestExpense": 85500000, "depreciationAndAmortization": 56000000, "ebitda": 195700000, "ebitdaratio": 0.0758115751143, "operatingIncome": 139700000, "operatingIncomeRatio": 0.0541179205083, "totalOtherIncomeExpensesNet": 0.0, "incomeBeforeTax": 54700000, "incomeBeforeTaxRatio": 0.0211900519098, "incomeTaxExpense": 17600000, "netIncome": 37100000, "netIncomeRatio": 0.0143720461765, "eps": 0.0, "epsdiluted": 0.0, "weightedAverageShsOut": 145200000, "weightedAverageShsOutDil": 146500000, "link": "https://www.sec.gov/Archives/edgar/data/1402057/000119312511310778/0001193125-11-310778-index.htm", "finalLink": "https://www.sec.gov/Archives/edgar/data/1402057/000119312511310778/d237737d10q.htm"}, {"date": "2011-06-30", "symbol": "CDW", "fillingDate": "2011-08-15", "acceptedDate": "2011-08-15 15:13:50", "period": "Q2", "revenue": 4541700000, "costOfRevenue": 3788400000, "grossProfit": 753300000, "grossProfitRatio": 0.16586300284034614, "researchAndDevelopmentExpenses": 0.0, "generalAndAdministrativeExpenses": 474800000, "sellingAndMarketingExpenses": 0.0, "otherExpenses": 0.0, "operatingExpenses": 474800000, "costAndExpenses": 4263200000, "interestExpense": 157800000, "depreciationAndAmortization": 110100000, "ebitda": 330000000, "ebitdaratio": 0.0726600171742, "operatingIncome": 219900000, "operatingIncomeRatio": 0.0484179932624, "totalOtherIncomeExpensesNet": 0.0, "incomeBeforeTax": -56300000, "incomeBeforeTaxRatio": -0.0123962392937, "incomeTaxExpense": -17300000, "netIncome": -39000000, "netIncomeRatio": -0.00858709293877, "eps": 0.0, "epsdiluted": 0.0, "weightedAverageShsOut": 145200000, "weightedAverageShsOutDil": 146500000, "link": "https://www.sec.gov/Archives/edgar/data/1402057/000119312511222961/0001193125-11-222961-index.htm", "finalLink": "https://www.sec.gov/Archives/edgar/data/1402057/000119312511222961/d10q.htm"}, {"date": "2011-03-31", "symbol": "CDW", "fillingDate": "2011-05-13", "acceptedDate": "2011-05-13 15:22:35", "period": "Q1", "revenue": 2129000000, "costOfRevenue": 1778000000, "grossProfit": 351000000, "grossProfitRatio": 0.16486613433536873, "researchAndDevelopmentExpenses": 0.0, "generalAndAdministrativeExpenses": 0.0, "sellingAndMarketingExpenses": 230000000, "otherExpenses": 0.0, "operatingExpenses": 230000000, "costAndExpenses": 2008000000, "interestExpense": 92000000, "depreciationAndAmortization": 51000000, "ebitda": 142000000, "ebitdaratio": 0.06669798027242838, "operatingIncome": 91000000, "operatingIncomeRatio": 0.04274307186472522, "totalOtherIncomeExpensesNet": 0.0, "incomeBeforeTax": -3000000.0, "incomeBeforeTaxRatio": -0.0014091122592766556, "incomeTaxExpense": -1000000.0, "netIncome": -2000000.0, "netIncomeRatio": -0.0009394081728511038, "eps": 0.0, "epsdiluted": 0.0, "weightedAverageShsOut": 0.0, "weightedAverageShsOutDil": 0.0, "link": "https://www.sec.gov/Archives/edgar/data/1402057/000119312511139438/0001193125-11-139438-index.htm", "finalLink": "https://www.sec.gov/Archives/edgar/data/1402057/000119312511139438/d10q.htm"}, {"date": "2010-12-31", "symbol": "CDW", "fillingDate": "2011-03-04", "acceptedDate": "2011-03-04 15:43:42", "period": "FY", "revenue": 2270000000, "costOfRevenue": 1913000000, "grossProfit": 357000000, "grossProfitRatio": 0.15726872246696036, "researchAndDevelopmentExpenses": 0.0, "generalAndAdministrativeExpenses": 0.0, "sellingAndMarketingExpenses": 243000000, "otherExpenses": 0.0, "operatingExpenses": 243000000, "costAndExpenses": 2156000000, "interestExpense": 103000000, "depreciationAndAmortization": 51000000, "ebitda": 132000000, "ebitdaratio": 0.05814977973568282, "operatingIncome": 81000000, "operatingIncomeRatio": 0.035682819383259914, "totalOtherIncomeExpensesNet": 0.0, "incomeBeforeTax": -30000000, "incomeBeforeTaxRatio": -0.013215859030837005, "incomeTaxExpense": 0.0, "netIncome": -24000000, "netIncomeRatio": -0.010572687224669603, "eps": 0.0, "epsdiluted": 0.0, "weightedAverageShsOut": 0.0, "weightedAverageShsOutDil": 0.0, "link": "https://www.sec.gov/Archives/edgar/data/1402057/000119312511056194/0001193125-11-056194-index.htm", "finalLink": "https://www.sec.gov/Archives/edgar/data/1402057/000119312511056194/d10k.htm"}]