[{"date": "2020-02-29", "symbol": "CTAS", "fillingDate": "2020-03-31", "acceptedDate": "2020-03-31 14:35:07", "period": "Q3", "revenue": 717636000, "costOfRevenue": 1938801000, "grossProfit": -1221165000, "grossProfitRatio": -1.7016495827968496, "researchAndDevelopmentExpenses": 0.0, "generalAndAdministrativeExpenses": 509743000, "sellingAndMarketingExpenses": 509743000, "otherExpenses": 0.0, "operatingExpenses": 509743000, "costAndExpenses": 2448544000, "interestExpense": 25943000, "depreciationAndAmortization": 96163000, "ebitda": 410815000, "ebitdaratio": 0.5724559526, "operatingIncome": 314652000, "operatingIncomeRatio": 0.438456264736, "totalOtherIncomeExpensesNet": 0.0, "incomeBeforeTax": 289056000, "incomeBeforeTaxRatio": 0.402789157735, "incomeTaxExpense": 54536000, "netIncome": 234520000, "netIncomeRatio": 0.326795199795, "eps": 2.23, "epsdiluted": 2.16, "weightedAverageShsOut": 103840000, "weightedAverageShsOutDil": 107280000, "link": "https://www.sec.gov/Archives/edgar/data/723254/000072325420000014/0000723254-20-000014-index.htm", "finalLink": "https://www.sec.gov/Archives/edgar/data/723254/000072325420000014/ctas-20200229.htm"}, {"date": "2019-11-30", "symbol": "CTAS", "fillingDate": "2020-01-09", "acceptedDate": "2020-01-09 14:55:16", "period": "Q2", "revenue": 1843749000, "costOfRevenue": 399742000, "grossProfit": 1444007000, "grossProfitRatio": 0.7831906620695116, "researchAndDevelopmentExpenses": 0.0, "generalAndAdministrativeExpenses": 517927000, "sellingAndMarketingExpenses": 517927000, "otherExpenses": 0.0, "operatingExpenses": 517927000, "costAndExpenses": 917669000, "interestExpense": 26177000, "depreciationAndAmortization": 94336000, "ebitda": 428800000, "ebitdaratio": 0.232569617665, "operatingIncome": 334464000, "operatingIncomeRatio": 0.181404301779, "totalOtherIncomeExpensesNet": 0.0, "incomeBeforeTax": 308570000, "incomeBeforeTaxRatio": 0.167360090772, "incomeTaxExpense": 62127000, "netIncome": 246120000, "netIncomeRatio": 0.13348888596, "eps": 2.35, "epsdiluted": 2.28, "weightedAverageShsOut": 103638000, "weightedAverageShsOutDil": 107114000, "link": "https://www.sec.gov/Archives/edgar/data/723254/000072325420000003/0000723254-20-000003-index.htm", "finalLink": "https://www.sec.gov/Archives/edgar/data/723254/000072325420000003/ctas-2019x1130x10xq.htm"}, {"date": "2019-08-31", "symbol": "CTAS", "fillingDate": "2019-10-08", "acceptedDate": "2019-10-08 14:32:19", "period": "Q1", "revenue": 1811139000, "costOfRevenue": 961997000, "grossProfit": 849142000, "grossProfitRatio": 0.4688441914176659, "researchAndDevelopmentExpenses": 0.0, "generalAndAdministrativeExpenses": 542996000, "sellingAndMarketingExpenses": 542996000, "otherExpenses": 0.0, "operatingExpenses": 542996000, "costAndExpenses": 542996000, "interestExpense": 27321000, "depreciationAndAmortization": 91994000, "ebitda": 398140000, "ebitdaratio": 0.219828516751, "operatingIncome": 306146000, "operatingIncomeRatio": 0.169035065779, "totalOtherIncomeExpensesNet": 0.0, "incomeBeforeTax": 278987000, "incomeBeforeTaxRatio": 0.154039529821, "incomeTaxExpense": 28175000, "netIncome": 250812000, "netIncomeRatio": 0.138483020906, "eps": 2.4, "epsdiluted": 2.32, "weightedAverageShsOut": 103543000, "weightedAverageShsOutDil": 107083000, "link": "https://www.sec.gov/Archives/edgar/data/723254/000072325419000030/0000723254-19-000030-index.htm", "finalLink": "https://www.sec.gov/Archives/edgar/data/723254/000072325419000030/ctas-2019x831x10xq.htm"}, {"date": "2019-05-31", "symbol": "CTAS", "fillingDate": "2019-07-26", "acceptedDate": "2019-07-26 12:05:44", "period": "FY", "revenue": 1793730000, "costOfRevenue": 199109000, "grossProfit": 1594621000, "grossProfitRatio": 0.8889972292373992, "researchAndDevelopmentExpenses": 0.0, "generalAndAdministrativeExpenses": 508240000, "sellingAndMarketingExpenses": 508240000, "otherExpenses": 0.0, "operatingExpenses": 508240000, "costAndExpenses": 707349000, "interestExpense": 25782000, "depreciationAndAmortization": 93764000, "ebitda": 408175000, "ebitdaratio": 0.227556544184, "operatingIncome": 314411000, "operatingIncomeRatio": 0.175283348107, "totalOtherIncomeExpensesNet": 0.0, "incomeBeforeTax": 288900000, "incomeBeforeTaxRatio": 0.161061029252, "incomeTaxExpense": 62729000, "netIncome": 226119000, "netIncomeRatio": 0.126060778378, "eps": 2.13, "epsdiluted": 2.06, "weightedAverageShsOut": 106080000, "weightedAverageShsOutDil": 109495000, "link": "https://www.sec.gov/Archives/edgar/data/723254/000072325419000021/0000723254-19-000021-index.htm", "finalLink": "https://www.sec.gov/Archives/edgar/data/723254/000072325419000021/ctas531201910k.htm"}, {"date": "2019-02-28", "symbol": "CTAS", "fillingDate": "2019-04-05", "acceptedDate": "2019-04-05 15:46:15", "period": "Q3", "revenue": 1682330000, "costOfRevenue": 178206000, "grossProfit": 1504124000, "grossProfitRatio": 0.8940719121694317, "researchAndDevelopmentExpenses": 0.0, "generalAndAdministrativeExpenses": 476099000, "sellingAndMarketingExpenses": 476099000, "otherExpenses": 0.0, "operatingExpenses": 476099000, "costAndExpenses": 654305000, "interestExpense": 26770000, "depreciationAndAmortization": 91658000, "ebitda": 369913000, "ebitdaratio": 0.219881355025, "operatingIncome": 278255000, "operatingIncomeRatio": 0.165398584107, "totalOtherIncomeExpensesNet": 0.0, "incomeBeforeTax": 251555000, "incomeBeforeTaxRatio": 0.149527738315, "incomeTaxExpense": 50632000, "netIncome": 203334000, "netIncomeRatio": 0.120864515285, "eps": 1.91, "epsdiluted": 1.86, "weightedAverageShsOut": 106147000, "weightedAverageShsOutDil": 109583000, "link": "https://www.sec.gov/Archives/edgar/data/723254/000072325419000008/0000723254-19-000008-index.htm", "finalLink": "https://www.sec.gov/Archives/edgar/data/723254/000072325419000008/ctas-2019x228x10xq.htm"}, {"date": "2018-11-30", "symbol": "CTAS", "fillingDate": "2019-01-08", "acceptedDate": "2019-01-08 15:40:36", "period": "Q2", "revenue": 1718268000, "costOfRevenue": 182397000, "grossProfit": 1535871000, "grossProfitRatio": 0.8938483403054704, "researchAndDevelopmentExpenses": 0.0, "generalAndAdministrativeExpenses": 491671000, "sellingAndMarketingExpenses": 491671000, "otherExpenses": 0.0, "operatingExpenses": 491671000, "costAndExpenses": 674068000, "interestExpense": 24880000, "depreciationAndAmortization": 88376000, "ebitda": 364016000, "ebitdaratio": 0.211850537867, "operatingIncome": 275640000, "operatingIncomeRatio": 0.160417350495, "totalOtherIncomeExpensesNet": 0.0, "incomeBeforeTax": 320524000, "incomeBeforeTaxRatio": 0.186539003229, "incomeTaxExpense": 77530000, "netIncome": 243013000, "netIncomeRatio": 0.141429043665, "eps": 2.25, "epsdiluted": 2.18, "weightedAverageShsOut": 106652000, "weightedAverageShsOutDil": 110257000, "link": "https://www.sec.gov/Archives/edgar/data/723254/000072325419000002/0000723254-19-000002-index.htm", "finalLink": "https://www.sec.gov/Archives/edgar/data/723254/000072325419000002/ctas-2018x1130x10xq.htm"}, {"date": "2018-08-31", "symbol": "CTAS", "fillingDate": "2018-10-05", "acceptedDate": "2018-10-05 17:11:33", "period": "Q1", "revenue": 1697975000, "costOfRevenue": 176404000, "grossProfit": 1521571000, "grossProfitRatio": 0.8961091888867622, "researchAndDevelopmentExpenses": 0.0, "generalAndAdministrativeExpenses": 504634000, "sellingAndMarketingExpenses": 504634000, "otherExpenses": 0.0, "operatingExpenses": 504634000, "costAndExpenses": 681038000, "interestExpense": 24304000, "depreciationAndAmortization": 86295000, "ebitda": 351523000, "ebitdaratio": 0.20702483841, "operatingIncome": 265228000, "operatingIncomeRatio": 0.156202535373, "totalOtherIncomeExpensesNet": 0.0, "incomeBeforeTax": 241420000, "incomeBeforeTaxRatio": 0.14218112752, "incomeTaxExpense": 28873000, "netIncome": 212515000, "netIncomeRatio": 0.125157908685, "eps": 1.96, "epsdiluted": 1.89, "weightedAverageShsOut": 106835000, "weightedAverageShsOutDil": 110648000, "link": "https://www.sec.gov/Archives/edgar/data/723254/000072325418000030/0000723254-18-000030-index.htm", "finalLink": "https://www.sec.gov/Archives/edgar/data/723254/000072325418000030/ctas-2018x831x10xq.htm"}, {"date": "2018-05-31", "symbol": "CTAS", "fillingDate": "2018-07-27", "acceptedDate": "2018-07-27 12:27:03", "period": "FY", "revenue": 1669550000, "costOfRevenue": 3568109000, "grossProfit": -1898559000, "grossProfitRatio": -1.1371680991884041, "researchAndDevelopmentExpenses": 0.0, "generalAndAdministrativeExpenses": 471807000, "sellingAndMarketingExpenses": 1916792000, "otherExpenses": 0.0, "operatingExpenses": 471807000, "costAndExpenses": 4039916000, "interestExpense": 24828000, "depreciationAndAmortization": 74514000, "ebitda": 340014000, "ebitdaratio": 0.20365607499, "operatingIncome": 265500000, "operatingIncomeRatio": 0.159024886946, "totalOtherIncomeExpensesNet": 0.0, "incomeBeforeTax": 179261000, "incomeBeforeTaxRatio": 0.107370848432, "incomeTaxExpense": 51744000, "netIncome": 186171000, "netIncomeRatio": 0.111509688239, "eps": 1.71, "epsdiluted": 1.66, "weightedAverageShsOut": 106593000, "weightedAverageShsOutDil": 109810000, "link": "https://www.sec.gov/Archives/edgar/data/723254/000072325418000015/0000723254-18-000015-index.htm", "finalLink": "https://www.sec.gov/Archives/edgar/data/723254/000072325418000015/ctas531201810k.htm"}, {"date": "2018-02-28", "symbol": "CTAS", "fillingDate": "2018-04-06", "acceptedDate": "2018-04-06 15:10:15", "period": "Q3", "revenue": 1589138000, "costOfRevenue": 2650897000, "grossProfit": -1061759000, "grossProfitRatio": -0.6681351776875262, "researchAndDevelopmentExpenses": 0.0, "generalAndAdministrativeExpenses": 490618000, "sellingAndMarketingExpenses": 1444985000, "otherExpenses": 0.0, "operatingExpenses": 490618000, "costAndExpenses": 490618000, "interestExpense": 25901000, "depreciationAndAmortization": 66063000, "ebitda": 266087000, "ebitdaratio": 0.167441090705, "operatingIncome": 200024000, "operatingIncomeRatio": 0.125869496545, "totalOtherIncomeExpensesNet": 0.0, "incomeBeforeTax": 180813000, "incomeBeforeTaxRatio": 0.113780552727, "incomeTaxExpense": 5325000.0, "netIncome": 302095000, "netIncomeRatio": 0.190099915803, "eps": 2.79, "epsdiluted": 2.71, "weightedAverageShsOut": 106210000, "weightedAverageShsOutDil": 109254000, "link": "https://www.sec.gov/Archives/edgar/data/723254/000072325418000006/0000723254-18-000006-index.htm", "finalLink": "https://www.sec.gov/Archives/edgar/data/723254/000072325418000006/ctas-2018x228x10xq.htm"}, {"date": "2017-11-30", "symbol": "CTAS", "fillingDate": "2018-01-05", "acceptedDate": "2018-01-05 17:10:25", "period": "Q2", "revenue": 1606441000, "costOfRevenue": 1762222000, "grossProfit": -155781000, "grossProfitRatio": -0.09697274907699692, "researchAndDevelopmentExpenses": 0.0, "generalAndAdministrativeExpenses": 468084000, "sellingAndMarketingExpenses": 954367000, "otherExpenses": 0.0, "operatingExpenses": 468084000, "costAndExpenses": 468084000, "interestExpense": 29129000, "depreciationAndAmortization": 70330000, "ebitda": 305541000, "ebitdaratio": 0.190197461345, "operatingIncome": 235211000, "operatingIncomeRatio": 0.14641745324, "totalOtherIncomeExpensesNet": 0.0, "incomeBeforeTax": 205745000, "incomeBeforeTaxRatio": 0.128075042905, "incomeTaxExpense": 68636000, "netIncome": 137109000, "netIncomeRatio": 0.085349539759, "eps": 1.26, "epsdiluted": 1.23, "weightedAverageShsOut": 106039000, "weightedAverageShsOutDil": 108938000, "link": "https://www.sec.gov/Archives/edgar/data/723254/000072325418000002/0000723254-18-000002-index.htm", "finalLink": "https://www.sec.gov/Archives/edgar/data/723254/000072325418000002/ctas-2017x1130x10xq.htm"}, {"date": "2017-08-31", "symbol": "CTAS", "fillingDate": "2017-10-06", "acceptedDate": "2017-10-06 16:05:51", "period": "Q1", "revenue": 1611503000, "costOfRevenue": 872150000, "grossProfit": 739353000, "grossProfitRatio": 0.4587971601666271, "researchAndDevelopmentExpenses": 0.0, "generalAndAdministrativeExpenses": 486283000, "sellingAndMarketingExpenses": 486283000, "otherExpenses": 0.0, "operatingExpenses": 486283000, "costAndExpenses": 486283000, "interestExpense": 30317000, "depreciationAndAmortization": 68509000, "ebitda": 317608000, "ebitdaratio": 0.197088060028, "operatingIncome": 249099000, "operatingIncomeRatio": 0.154575573238, "totalOtherIncomeExpensesNet": 0.0, "incomeBeforeTax": 275182000, "incomeBeforeTaxRatio": 0.0, "incomeTaxExpense": 57971000, "netIncome": 217211000, "netIncomeRatio": 0.134787834711, "eps": 2.02, "epsdiluted": 1.96, "weightedAverageShsOut": 105740000, "weightedAverageShsOutDil": 108537000, "link": "https://www.sec.gov/Archives/edgar/data/723254/000072325417000030/0000723254-17-000030-index.htm", "finalLink": "https://www.sec.gov/Archives/edgar/data/723254/000072325417000030/ctas-2017x831x10xq.htm"}, {"date": "2017-05-31", "symbol": "CTAS", "fillingDate": "2017-07-31", "acceptedDate": "2017-07-31 16:54:23", "period": "FY", "revenue": 1451193000, "costOfRevenue": 2943086000, "grossProfit": -1491893000, "grossProfitRatio": -1.028045890519042, "researchAndDevelopmentExpenses": 0.0, "generalAndAdministrativeExpenses": 425747000, "sellingAndMarketingExpenses": 1527380000, "otherExpenses": 0.0, "operatingExpenses": 425747000, "costAndExpenses": 3368833000, "interestExpense": 45389000, "depreciationAndAmortization": 64881000, "ebitda": 234058000, "ebitdaratio": 0.161286610396, "operatingIncome": 169177000, "operatingIncomeRatio": 0.11657787765, "totalOtherIncomeExpensesNet": 0.0, "incomeBeforeTax": 123918000, "incomeBeforeTaxRatio": 0.0853904339395, "incomeTaxExpense": 46824000, "netIncome": 84235000, "netIncomeRatio": 0.0580453461393, "eps": 0.78, "epsdiluted": 0.76, "weightedAverageShsOut": 104964000, "weightedAverageShsOutDil": 107783000, "link": "https://www.sec.gov/Archives/edgar/data/723254/000072325417000020/0000723254-17-000020-index.htm", "finalLink": "https://www.sec.gov/Archives/edgar/data/723254/000072325417000020/ctas531201710k.htm"}, {"date": "2017-02-28", "symbol": "CTAS", "fillingDate": "2017-04-07", "acceptedDate": "2017-04-07 12:25:26", "period": "Q3", "revenue": 1281135000, "costOfRevenue": 2150563000, "grossProfit": -869428000, "grossProfitRatio": -0.6786388631955258, "researchAndDevelopmentExpenses": 0.0, "generalAndAdministrativeExpenses": 362385000, "sellingAndMarketingExpenses": 1101633000, "otherExpenses": 0.0, "operatingExpenses": 362385000, "costAndExpenses": 362385000, "interestExpense": 13696000, "depreciationAndAmortization": 44664000, "ebitda": 239359000, "ebitdaratio": 0.186833549938, "operatingIncome": 194695000, "operatingIncomeRatio": 0.151970713469, "totalOtherIncomeExpensesNet": 0.0, "incomeBeforeTax": 181010000, "incomeBeforeTaxRatio": 0.14128877909, "incomeTaxExpense": 62363000, "netIncome": 118005000, "netIncomeRatio": 0.0921097308246, "eps": 1.1, "epsdiluted": 1.07, "weightedAverageShsOut": 104842000, "weightedAverageShsOutDil": 107508000, "link": "https://www.sec.gov/Archives/edgar/data/723254/000072325417000014/0000723254-17-000014-index.htm", "finalLink": "https://www.sec.gov/Archives/edgar/data/723254/000072325417000014/ctas-2017x228x10xq.htm"}, {"date": "2016-11-30", "symbol": "CTAS", "fillingDate": "2017-01-06", "acceptedDate": "2017-01-06 16:48:53", "period": "Q2", "revenue": 1296923000, "costOfRevenue": 1435852000, "grossProfit": -138929000, "grossProfitRatio": -0.10712201109857718, "researchAndDevelopmentExpenses": 0.0, "generalAndAdministrativeExpenses": 365222000, "sellingAndMarketingExpenses": 739248000, "otherExpenses": 0.0, "operatingExpenses": 365222000, "costAndExpenses": 365222000, "interestExpense": 13267000, "depreciationAndAmortization": 43882000, "ebitda": 246740000, "ebitdaratio": 0.190250307844, "operatingIncome": 202858000, "operatingIncomeRatio": 0.156414837273, "totalOtherIncomeExpensesNet": 0.0, "incomeBeforeTax": 189622000, "incomeBeforeTaxRatio": 0.146209142717, "incomeTaxExpense": 66168000, "netIncome": 140377000, "netIncomeRatio": 0.108238499896, "eps": 1.32, "epsdiluted": 1.29, "weightedAverageShsOut": 104719000, "weightedAverageShsOutDil": 107278000, "link": "https://www.sec.gov/Archives/edgar/data/723254/000072325417000002/0000723254-17-000002-index.htm", "finalLink": "https://www.sec.gov/Archives/edgar/data/723254/000072325417000002/ctas-2016x1130x10xq.htm"}, {"date": "2016-08-31", "symbol": "CTAS", "fillingDate": "2016-10-11", "acceptedDate": "2016-10-11 11:27:02", "period": "Q1", "revenue": 1294130000, "costOfRevenue": 710356000, "grossProfit": 583774000, "grossProfitRatio": 0.4510937850138703, "researchAndDevelopmentExpenses": 0.0, "generalAndAdministrativeExpenses": 374026000, "sellingAndMarketingExpenses": 374026000, "otherExpenses": 0.0, "operatingExpenses": 374026000, "costAndExpenses": 374026000, "interestExpense": 14172000, "depreciationAndAmortization": 43168000, "ebitda": 250129000, "ebitdaratio": 0.193279655058, "operatingIncome": 206961000, "operatingIncomeRatio": 0.159922882554, "totalOtherIncomeExpensesNet": 0.0, "incomeBeforeTax": 192854000, "incomeBeforeTaxRatio": 0.149022122971, "incomeTaxExpense": 54763000, "netIncome": 138091000, "netIncomeRatio": 0.106705663264, "eps": 1.29, "epsdiluted": 1.26, "weightedAverageShsOut": 104483000, "weightedAverageShsOutDil": 107114000, "link": "https://www.sec.gov/Archives/edgar/data/723254/000072325416000065/0000723254-16-000065-index.htm", "finalLink": "https://www.sec.gov/Archives/edgar/data/723254/000072325416000065/ctas-2016x831x10xq.htm"}, {"date": "2016-05-31", "symbol": "CTAS", "fillingDate": "2016-07-29", "acceptedDate": "2016-07-29 13:32:52", "period": "FY", "revenue": 1271405000, "costOfRevenue": 2775588000, "grossProfit": -1504183000, "grossProfitRatio": -1.1830872145382472, "researchAndDevelopmentExpenses": 0.0, "generalAndAdministrativeExpenses": 350778000, "sellingAndMarketingExpenses": 1348122000, "otherExpenses": 0.0, "operatingExpenses": 350778000, "costAndExpenses": 3126366000, "interestExpense": 15776000, "depreciationAndAmortization": 42608000, "ebitda": 245548000, "ebitdaratio": 0.193131220972, "operatingIncome": 202940000, "operatingIncomeRatio": 0.15961868956, "totalOtherIncomeExpensesNet": 0.0, "incomeBeforeTax": 187495000, "incomeBeforeTaxRatio": 0.147470711536, "incomeTaxExpense": 69484000, "netIncome": 130898000, "netIncomeRatio": 0.10295539187, "eps": 1.22, "epsdiluted": 1.21, "weightedAverageShsOut": 108221000, "weightedAverageShsOutDil": 109956000, "link": "https://www.sec.gov/Archives/edgar/data/723254/000072325416000050/0000723254-16-000050-index.htm", "finalLink": "https://www.sec.gov/Archives/edgar/data/723254/000072325416000050/ctas531201610k.htm"}, {"date": "2016-02-29", "symbol": "CTAS", "fillingDate": "2016-04-08", "acceptedDate": "2016-04-08 16:35:06", "period": "Q3", "revenue": 1216083000, "costOfRevenue": 2057901000, "grossProfit": -841818000, "grossProfitRatio": -0.6922372897244679, "researchAndDevelopmentExpenses": 0.0, "generalAndAdministrativeExpenses": 331656000, "sellingAndMarketingExpenses": 997344000, "otherExpenses": 0.0, "operatingExpenses": 331656000, "costAndExpenses": 331656000, "interestExpense": 16163000, "depreciationAndAmortization": 41777000, "ebitda": 234729000, "ebitdaratio": 0.193020542183, "operatingIncome": 192952000, "operatingIncomeRatio": 0.158666801526, "totalOtherIncomeExpensesNet": 0.0, "incomeBeforeTax": 530627000, "incomeBeforeTaxRatio": -0.0382424554903, "incomeTaxExpense": 59845000, "netIncome": 117341000, "netIncomeRatio": 0.0964909467528, "eps": 1.08, "epsdiluted": 1.06, "weightedAverageShsOut": 108923000, "weightedAverageShsOutDil": 110612000, "link": "https://www.sec.gov/Archives/edgar/data/723254/000072325416000041/0000723254-16-000041-index.htm", "finalLink": "https://www.sec.gov/Archives/edgar/data/723254/000072325416000041/ctas-2016x229x10xq.htm"}, {"date": "2015-11-30", "symbol": "CTAS", "fillingDate": "2016-01-08", "acceptedDate": "2016-01-08 16:37:38", "period": "Q2", "revenue": 1219080000, "costOfRevenue": 1366426000, "grossProfit": -147346000, "grossProfitRatio": -0.12086655510712997, "researchAndDevelopmentExpenses": 0.0, "generalAndAdministrativeExpenses": 327051000, "sellingAndMarketingExpenses": 665688000, "otherExpenses": 0.0, "operatingExpenses": 327051000, "costAndExpenses": 327051000, "interestExpense": 16171000, "depreciationAndAmortization": 41126000, "ebitda": 241475000, "ebitdaratio": 0.198079699445, "operatingIncome": 200349000, "operatingIncomeRatio": 0.164344423664, "totalOtherIncomeExpensesNet": 0.0, "incomeBeforeTax": 413936000, "incomeBeforeTaxRatio": 0.33954785576, "incomeTaxExpense": 68836000, "netIncome": 345100000, "netIncomeRatio": 0.283082324376, "eps": 3.11, "epsdiluted": 3.06, "weightedAverageShsOut": 109455000, "weightedAverageShsOutDil": 111140000, "link": "https://www.sec.gov/Archives/edgar/data/723254/000072325416000037/0000723254-16-000037-index.htm", "finalLink": "https://www.sec.gov/Archives/edgar/data/723254/000072325416000037/ctas-2015x1130x10xq.htm"}, {"date": "2015-08-31", "symbol": "CTAS", "fillingDate": "2015-10-09", "acceptedDate": "2015-10-09 12:18:28", "period": "Q1", "revenue": 1198890000, "costOfRevenue": 674746000, "grossProfit": 524144000, "grossProfitRatio": 0.43719106840494126, "researchAndDevelopmentExpenses": 0.0, "generalAndAdministrativeExpenses": 338637000, "sellingAndMarketingExpenses": 338637000, "otherExpenses": 0.0, "operatingExpenses": 338637000, "costAndExpenses": 338637000, "interestExpense": 16412000, "depreciationAndAmortization": 39768000, "ebitda": 225275000, "ebitdaratio": 0.18790297692, "operatingIncome": 185507000, "operatingIncomeRatio": 0.154732294039, "totalOtherIncomeExpensesNet": 0.0, "incomeBeforeTax": 163197000, "incomeBeforeTaxRatio": 0.0, "incomeTaxExpense": 63016000, "netIncome": 100181000, "netIncomeRatio": 0.0835614610181, "eps": 0.89, "epsdiluted": 0.88, "weightedAverageShsOut": 110597000, "weightedAverageShsOutDil": 112229000, "link": "https://www.sec.gov/Archives/edgar/data/723254/000072325415000031/0000723254-15-000031-index.htm", "finalLink": "https://www.sec.gov/Archives/edgar/data/723254/000072325415000031/ctas-2015x831x10xq.htm"}, {"date": "2015-05-31", "symbol": "CTAS", "fillingDate": "2015-07-30", "acceptedDate": "2015-07-30 16:42:08", "period": "FY", "revenue": 1142583000, "costOfRevenue": 2555549000, "grossProfit": -1412966000, "grossProfitRatio": -1.2366418894732374, "researchAndDevelopmentExpenses": 0.0, "generalAndAdministrativeExpenses": 308941000, "sellingAndMarketingExpenses": 1224930000, "otherExpenses": 0.0, "operatingExpenses": 308941000, "costAndExpenses": 2864490000, "interestExpense": 16395000, "depreciationAndAmortization": 39042000, "ebitda": 216761000, "ebitdaratio": 0.189711382018, "operatingIncome": 177719000, "operatingIncomeRatio": 0.155541435502, "totalOtherIncomeExpensesNet": 0.0, "incomeBeforeTax": 139522000, "incomeBeforeTaxRatio": 0.122111041386, "incomeTaxExpense": 56848000, "netIncome": 105215000, "netIncomeRatio": 0.0920852139407, "eps": 0.91, "epsdiluted": 0.9, "weightedAverageShsOut": 115900000, "weightedAverageShsOutDil": 117543000, "link": "https://www.sec.gov/Archives/edgar/data/723254/000072325415000017/0000723254-15-000017-index.htm", "finalLink": "https://www.sec.gov/Archives/edgar/data/723254/000072325415000017/ctas531201510k.htm"}, {"date": "2015-02-28", "symbol": "CTAS", "fillingDate": "2015-04-02", "acceptedDate": "2015-04-02 16:28:01", "period": "Q3", "revenue": 1108847000, "costOfRevenue": 1899626000, "grossProfit": -790779000, "grossProfitRatio": -0.7131542945059147, "researchAndDevelopmentExpenses": 0.0, "generalAndAdministrativeExpenses": 301282000, "sellingAndMarketingExpenses": 915989000, "otherExpenses": 0.0, "operatingExpenses": 301282000, "costAndExpenses": 301282000, "interestExpense": 16254000, "depreciationAndAmortization": 37887000, "ebitda": 211912000, "ebitdaratio": 0.191110225306, "operatingIncome": 174025000, "operatingIncomeRatio": 0.156942301327, "totalOtherIncomeExpensesNet": 0.0, "incomeBeforeTax": 152087000, "incomeBeforeTaxRatio": 0.137157786421, "incomeTaxExpense": 57204000, "netIncome": 94883000, "netIncomeRatio": 0.0855690640819, "eps": 0.81, "epsdiluted": 0.8, "weightedAverageShsOut": 116653000, "weightedAverageShsOutDil": 118214000, "link": "https://www.sec.gov/Archives/edgar/data/723254/000072325415000006/0000723254-15-000006-index.htm", "finalLink": "https://www.sec.gov/Archives/edgar/data/723254/000072325415000006/ctas-2015x228x10xq.htm"}, {"date": "2014-11-30", "symbol": "CTAS", "fillingDate": "2015-01-09", "acceptedDate": "2015-01-09 17:09:03", "period": "Q2", "revenue": 1123379000, "costOfRevenue": 1266086000, "grossProfit": -142707000, "grossProfitRatio": -0.12703370812521864, "researchAndDevelopmentExpenses": 0.0, "generalAndAdministrativeExpenses": 300249000, "sellingAndMarketingExpenses": 614707000, "otherExpenses": 0.0, "operatingExpenses": 300249000, "costAndExpenses": 300249000, "interestExpense": 15929000, "depreciationAndAmortization": 38499000, "ebitda": 219674000, "ebitdaratio": 0.195547540055, "operatingIncome": 181175000, "operatingIncomeRatio": 0.161276826432, "totalOtherIncomeExpensesNet": 0.0, "incomeBeforeTax": 182231000, "incomeBeforeTaxRatio": 0.162216847564, "incomeTaxExpense": 61819000, "netIncome": 120412000, "netIncomeRatio": 0.107187333927, "eps": 1.02, "epsdiluted": 1.0, "weightedAverageShsOut": 116887000, "weightedAverageShsOutDil": 118334000, "link": "https://www.sec.gov/Archives/edgar/data/723254/000072325415000002/0000723254-15-000002-index.htm", "finalLink": "https://www.sec.gov/Archives/edgar/data/723254/000072325415000002/ctas-2014x1130x10xq.htm"}, {"date": "2014-08-31", "symbol": "CTAS", "fillingDate": "2014-10-10", "acceptedDate": "2014-10-10 12:26:51", "period": "Q1", "revenue": 1102077000, "costOfRevenue": 624131000, "grossProfit": 477946000, "grossProfitRatio": 0.43367750166276947, "researchAndDevelopmentExpenses": 0.0, "generalAndAdministrativeExpenses": 314458000, "sellingAndMarketingExpenses": 314458000, "otherExpenses": 0.0, "operatingExpenses": 314458000, "costAndExpenses": 314458000, "interestExpense": 16583000, "depreciationAndAmortization": 39654000, "ebitda": 203142000, "ebitdaratio": 0.184326503502, "operatingIncome": 163488000, "operatingIncomeRatio": 0.14834535155, "totalOtherIncomeExpensesNet": 0.0, "incomeBeforeTax": 175633000, "incomeBeforeTaxRatio": 0.0, "incomeTaxExpense": 65525000, "netIncome": 110108000, "netIncomeRatio": 0.0999095344518, "eps": 0.94, "epsdiluted": 0.93, "weightedAverageShsOut": 116659000, "weightedAverageShsOutDil": 118030000, "link": "https://www.sec.gov/Archives/edgar/data/723254/000072325414000033/0000723254-14-000033-index.htm", "finalLink": "https://www.sec.gov/Archives/edgar/data/723254/000072325414000033/ctas-2014x831x10xq.htm"}, {"date": "2014-05-31", "symbol": "CTAS", "fillingDate": "2014-07-30", "acceptedDate": "2014-07-30 14:07:22", "period": "FY", "revenue": 1157479000, "costOfRevenue": 2637426000, "grossProfit": -1479947000, "grossProfitRatio": -1.2785951192203056, "researchAndDevelopmentExpenses": 0.0, "generalAndAdministrativeExpenses": 323932000, "sellingAndMarketingExpenses": 1302752000, "otherExpenses": 0.0, "operatingExpenses": 323932000, "costAndExpenses": 2961358000, "interestExpense": 16396000, "depreciationAndAmortization": 45577000, "ebitda": 169383000, "ebitdaratio": 0.146337860125, "operatingIncome": 123806000, "operatingIncomeRatio": 0.106961767773, "totalOtherIncomeExpensesNet": 0.0, "incomeBeforeTax": 201247000, "incomeBeforeTaxRatio": 0.173866653304, "incomeTaxExpense": 86660000, "netIncome": 127224000, "netIncomeRatio": 0.109914737114, "eps": 1.04, "epsdiluted": 1.03, "weightedAverageShsOut": 120377000, "weightedAverageShsOutDil": 121640000, "link": "https://www.sec.gov/Archives/edgar/data/723254/000072325414000020/0000723254-14-000020-index.htm", "finalLink": "https://www.sec.gov/Archives/edgar/data/723254/000072325414000020/ctas531201410k.htm"}, {"date": "2014-02-28", "symbol": "CTAS", "fillingDate": "2014-04-09", "acceptedDate": "2014-04-09 16:33:37", "period": "Q3", "revenue": 1130237000, "costOfRevenue": 1972309000, "grossProfit": -842072000, "grossProfitRatio": -0.7450401995333722, "researchAndDevelopmentExpenses": 0.0, "generalAndAdministrativeExpenses": 328963000, "sellingAndMarketingExpenses": 978820000, "otherExpenses": 0.0, "operatingExpenses": 328963000, "costAndExpenses": 328963000, "interestExpense": 16418000, "depreciationAndAmortization": 48364000, "ebitda": 198526000, "ebitdaratio": 0.17564988582, "operatingIncome": 150162000, "operatingIncomeRatio": 0.132858860575, "totalOtherIncomeExpensesNet": 0.0, "incomeBeforeTax": 133788000, "incomeBeforeTaxRatio": 0.11837163356, "incomeTaxExpense": 49186000, "netIncome": 84602000, "netIncomeRatio": 0.0748533272225, "eps": 0.7, "epsdiluted": 0.69, "weightedAverageShsOut": 120658000, "weightedAverageShsOutDil": 121814000, "link": "https://www.sec.gov/Archives/edgar/data/723254/000072325414000006/0000723254-14-000006-index.htm", "finalLink": "https://www.sec.gov/Archives/edgar/data/723254/000072325414000006/ctas-2014x228x10xq.htm"}, {"date": "2013-11-30", "symbol": "CTAS", "fillingDate": "2014-01-09", "acceptedDate": "2014-01-09 16:01:02", "period": "Q2", "revenue": 1143753000, "costOfRevenue": 1321197000, "grossProfit": -177444000, "grossProfitRatio": -0.15514188815242452, "researchAndDevelopmentExpenses": 0.0, "generalAndAdministrativeExpenses": 323947000, "sellingAndMarketingExpenses": 649857000, "otherExpenses": 0.0, "operatingExpenses": 323947000, "costAndExpenses": 323947000, "interestExpense": 16485000, "depreciationAndAmortization": 48527000, "ebitda": 201499000, "ebitdaratio": 0.176173526977, "operatingIncome": 152972000, "operatingIncomeRatio": 0.133745660121, "totalOtherIncomeExpensesNet": 0.0, "incomeBeforeTax": 136571000, "incomeBeforeTaxRatio": 0.119406025602, "incomeTaxExpense": 51709000, "netIncome": 84862000, "netIncomeRatio": 0.0741960895403, "eps": 0.71, "epsdiluted": 0.7, "weightedAverageShsOut": 121025000, "weightedAverageShsOutDil": 122016000, "link": "https://www.sec.gov/Archives/edgar/data/723254/000072325414000002/0000723254-14-000002-index.htm", "finalLink": "https://www.sec.gov/Archives/edgar/data/723254/000072325414000002/ctas-2013x1130x10xq.htm"}, {"date": "2013-08-31", "symbol": "CTAS", "fillingDate": "2013-10-10", "acceptedDate": "2013-10-10 14:47:34", "period": "Q1", "revenue": 1120343000, "costOfRevenue": 654363000, "grossProfit": 465980000, "grossProfitRatio": 0.4159261940316492, "researchAndDevelopmentExpenses": 0.0, "generalAndAdministrativeExpenses": 325910000, "sellingAndMarketingExpenses": 325910000, "otherExpenses": 0.0, "operatingExpenses": 325910000, "costAndExpenses": 325910000, "interestExpense": 16523000, "depreciationAndAmortization": 48394000, "ebitda": 188464000, "ebitdaratio": 0.168219911224, "operatingIncome": 140070000, "operatingIncomeRatio": 0.125024211335, "totalOtherIncomeExpensesNet": 0.0, "incomeBeforeTax": 123615000, "incomeBeforeTaxRatio": 0.110336745086, "incomeTaxExpense": 45861000, "netIncome": 77754000, "netIncomeRatio": 0.0694019599355, "eps": 0.63, "epsdiluted": 0.63, "weightedAverageShsOut": 122130000, "weightedAverageShsOutDil": 122892000, "link": "https://www.sec.gov/Archives/edgar/data/723254/000072325413000019/0000723254-13-000019-index.htm", "finalLink": "https://www.sec.gov/Archives/edgar/data/723254/000072325413000019/ctas-2013x831x10xq.htm"}, {"date": "2013-05-31", "symbol": "CTAS", "fillingDate": "2013-07-30", "acceptedDate": "2013-07-30 16:00:17", "period": "FY", "revenue": 1129086000, "costOfRevenue": 2529404000, "grossProfit": -1400318000, "grossProfitRatio": -1.240222622546024, "researchAndDevelopmentExpenses": 0.0, "generalAndAdministrativeExpenses": 313344000, "sellingAndMarketingExpenses": 1221856000, "otherExpenses": 0.0, "operatingExpenses": 313344000, "costAndExpenses": 2842748000, "interestExpense": 16518000, "depreciationAndAmortization": 48251000, "ebitda": 202122000, "ebitdaratio": 0.179013821799, "operatingIncome": 153871000, "operatingIncomeRatio": 0.136279255965, "totalOtherIncomeExpensesNet": 0.0, "incomeBeforeTax": 137404000, "incomeBeforeTaxRatio": 0.121694893037, "incomeTaxExpense": 51427000, "netIncome": 85977000, "netIncomeRatio": 0.0761474325251, "eps": 0.69, "epsdiluted": 0.69, "weightedAverageShsOut": 123956000, "weightedAverageShsOutDil": 124531000, "link": "https://www.sec.gov/Archives/edgar/data/723254/000072325413000011/0000723254-13-000011-index.htm", "finalLink": "https://www.sec.gov/Archives/edgar/data/723254/000072325413000011/ctas531201310k.htm"}, {"date": "2013-02-28", "symbol": "CTAS", "fillingDate": "2013-04-09", "acceptedDate": "2013-04-09 16:33:03", "period": "Q3", "revenue": 1075674000, "costOfRevenue": 1867533000, "grossProfit": -791859000, "grossProfitRatio": -0.7361514734017928, "researchAndDevelopmentExpenses": 0.0, "generalAndAdministrativeExpenses": 308918000, "sellingAndMarketingExpenses": 908512000, "otherExpenses": 0.0, "operatingExpenses": 308918000, "costAndExpenses": 308918000, "interestExpense": 16302000, "depreciationAndAmortization": 47832000, "ebitda": 180855000, "ebitdaratio": 0.168131794577, "operatingIncome": 133023000, "operatingIncomeRatio": 0.123664790634, "totalOtherIncomeExpensesNet": 0.0, "incomeBeforeTax": 116853000, "incomeBeforeTaxRatio": 0.108632355156, "incomeTaxExpense": 42148000, "netIncome": 74705000, "netIncomeRatio": 0.0694494800469, "eps": 0.6, "epsdiluted": 0.6, "weightedAverageShsOut": 124483000, "weightedAverageShsOutDil": 124901000, "link": "https://www.sec.gov/Archives/edgar/data/723254/000072325413000006/0000723254-13-000006-index.htm", "finalLink": "https://www.sec.gov/Archives/edgar/data/723254/000072325413000006/ctas-2013x228x10xq.htm"}, {"date": "2012-11-30", "symbol": "CTAS", "fillingDate": "2013-01-09", "acceptedDate": "2013-01-09 15:19:52", "period": "Q2", "revenue": 1060386000, "costOfRevenue": 1233800000, "grossProfit": -173414000, "grossProfitRatio": -0.16353856048646437, "researchAndDevelopmentExpenses": 0.0, "generalAndAdministrativeExpenses": 293013000, "sellingAndMarketingExpenses": 599594000, "otherExpenses": 0.0, "operatingExpenses": 293013000, "costAndExpenses": 293013000, "interestExpense": 16294000, "depreciationAndAmortization": 46852000, "ebitda": 185875000, "ebitdaratio": 0.175289941587, "operatingIncome": 139023000, "operatingIncomeRatio": 0.1311060312, "totalOtherIncomeExpensesNet": 0.0, "incomeBeforeTax": 122878000, "incomeBeforeTaxRatio": 0.115880443537, "incomeTaxExpense": 44851000, "netIncome": 78027000, "netIncomeRatio": 0.0735835818277, "eps": 0.63, "epsdiluted": 0.63, "weightedAverageShsOut": 125153000, "weightedAverageShsOutDil": 125541000, "link": "https://www.sec.gov/Archives/edgar/data/723254/000072325413000002/0000723254-13-000002-index.htm", "finalLink": "https://www.sec.gov/Archives/edgar/data/723254/000072325413000002/ctas-2012x1130x10xq.htm"}, {"date": "2012-08-31", "symbol": "CTAS", "fillingDate": "2012-10-10", "acceptedDate": "2012-10-10 14:19:30", "period": "Q1", "revenue": 1051325000, "costOfRevenue": 605450000, "grossProfit": 445875000, "grossProfitRatio": 0.42410767364991797, "researchAndDevelopmentExpenses": 0.0, "generalAndAdministrativeExpenses": 306581000, "sellingAndMarketingExpenses": 306581000, "otherExpenses": 0.0, "operatingExpenses": 306581000, "costAndExpenses": 306581000, "interestExpense": 16598000, "depreciationAndAmortization": 46442000, "ebitda": 185736000, "ebitdaratio": 0.176668489763, "operatingIncome": 139294000, "operatingIncomeRatio": 0.132493757877, "totalOtherIncomeExpensesNet": 0.0, "incomeBeforeTax": 122773000, "incomeBeforeTaxRatio": 0.116779302309, "incomeTaxExpense": 46040000, "netIncome": 76733000, "netIncomeRatio": 0.0729869450455, "eps": 0.61, "epsdiluted": 0.6, "weightedAverageShsOut": 126110000, "weightedAverageShsOutDil": 126458000, "link": "https://www.sec.gov/Archives/edgar/data/723254/000072325412000009/0000723254-12-000009-index.htm", "finalLink": "https://www.sec.gov/Archives/edgar/data/723254/000072325412000009/ctas-2012x831x10xq.htm"}, {"date": "2012-05-31", "symbol": "CTAS", "fillingDate": "2012-07-30", "acceptedDate": "2012-07-30 15:55:40", "period": "FY", "revenue": 1053582000, "costOfRevenue": 2363392000, "grossProfit": -1309810000, "grossProfitRatio": -1.2431970174129778, "researchAndDevelopmentExpenses": 0.0, "generalAndAdministrativeExpenses": 303036000, "sellingAndMarketingExpenses": 1198981000, "otherExpenses": 0.0, "operatingExpenses": 303036000, "costAndExpenses": 2666428000, "interestExpense": 18344000, "depreciationAndAmortization": 49079000, "ebitda": 189911000, "ebitdaratio": 0.180252699837, "operatingIncome": 140832000, "operatingIncomeRatio": 0.133669709619, "totalOtherIncomeExpensesNet": 0.0, "incomeBeforeTax": 123289000, "incomeBeforeTaxRatio": 0.117018893641, "incomeTaxExpense": 44675000, "netIncome": 78614000, "netIncomeRatio": 0.0746159292775, "eps": 0.6, "epsdiluted": 0.6, "weightedAverageShsOut": 129891000, "weightedAverageShsOutDil": 130033000, "link": "https://www.sec.gov/Archives/edgar/data/723254/000072325412000004/0000723254-12-000004-index.htm", "finalLink": "https://www.sec.gov/Archives/edgar/data/723254/000072325412000004/ctas531201210k.htm"}, {"date": "2012-02-29", "symbol": "CTAS", "fillingDate": "2012-04-09", "acceptedDate": "2012-04-09 10:00:53", "period": "Q3", "revenue": 1012112000, "costOfRevenue": 1753678000, "grossProfit": -741566000, "grossProfitRatio": -0.7326916388700064, "researchAndDevelopmentExpenses": 0.0, "generalAndAdministrativeExpenses": 288367000, "sellingAndMarketingExpenses": 895945000, "otherExpenses": 0.0, "operatingExpenses": 288367000, "costAndExpenses": 288367000, "interestExpense": 17219000, "depreciationAndAmortization": 48060000, "ebitda": 185596000, "ebitdaratio": 0.183374962455, "operatingIncome": 137536000, "operatingIncomeRatio": 0.135890099119, "totalOtherIncomeExpensesNet": 0.0, "incomeBeforeTax": 120690000, "incomeBeforeTaxRatio": 0.119245696128, "incomeTaxExpense": 44655000, "netIncome": 76035000, "netIncomeRatio": 0.0751250849708, "eps": 0.58, "epsdiluted": 0.58, "weightedAverageShsOut": 130261000, "weightedAverageShsOutDil": 130321000, "link": "https://www.sec.gov/Archives/edgar/data/723254/000110465912024280/0001104659-12-024280-index.htm", "finalLink": "https://www.sec.gov/Archives/edgar/data/723254/000110465912024280/a12-5362_110q.htm"}, {"date": "2011-11-30", "symbol": "CTAS", "fillingDate": "2012-01-09", "acceptedDate": "2012-01-09 12:01:10", "period": "Q2", "revenue": 1019126000, "costOfRevenue": 1167469000, "grossProfit": -148343000, "grossProfitRatio": -0.1455590378422295, "researchAndDevelopmentExpenses": 0.0, "generalAndAdministrativeExpenses": 297112000, "sellingAndMarketingExpenses": 607578000, "otherExpenses": 0.0, "operatingExpenses": 297112000, "costAndExpenses": 297112000, "interestExpense": 17728000, "depreciationAndAmortization": 48516000, "ebitda": 181201000, "ebitdaratio": 0.177800389746, "operatingIncome": 132685000, "operatingIncomeRatio": 0.130194892486, "totalOtherIncomeExpensesNet": 0.0, "incomeBeforeTax": 115360000, "incomeBeforeTaxRatio": 0.113195031821, "incomeTaxExpense": 41010000, "netIncome": 74350000, "netIncomeRatio": 0.0729546690007, "eps": 0.57, "epsdiluted": 0.57, "weightedAverageShsOut": 130522000, "weightedAverageShsOutDil": 130543000, "link": "https://www.sec.gov/Archives/edgar/data/723254/000110465912001090/0001104659-12-001090-index.htm", "finalLink": "https://www.sec.gov/Archives/edgar/data/723254/000110465912001090/a11-29943_110q.htm"}, {"date": "2011-08-31", "symbol": "CTAS", "fillingDate": "2011-10-07", "acceptedDate": "2011-10-07 13:37:57", "period": "Q1", "revenue": 1017180000, "costOfRevenue": 578140000, "grossProfit": 439040000, "grossProfitRatio": 0.4316246878625219, "researchAndDevelopmentExpenses": 0.0, "generalAndAdministrativeExpenses": 310466000, "sellingAndMarketingExpenses": 310466000, "otherExpenses": 0.0, "operatingExpenses": 310466000, "costAndExpenses": 310466000, "interestExpense": 17334000, "depreciationAndAmortization": 48510000, "ebitda": 177084000, "ebitdaratio": 0.174093080871, "operatingIncome": 128574000, "operatingIncomeRatio": 0.126402406654, "totalOtherIncomeExpensesNet": 0.0, "incomeBeforeTax": 111605000, "incomeBeforeTaxRatio": 0.109720010224, "incomeTaxExpense": 42967000, "netIncome": 68638000, "netIncomeRatio": 0.0674787156649, "eps": 0.52, "epsdiluted": 0.52, "weightedAverageShsOut": 131309000, "weightedAverageShsOutDil": 131338000, "link": "https://www.sec.gov/Archives/edgar/data/723254/000110465911055364/0001104659-11-055364-index.htm", "finalLink": "https://www.sec.gov/Archives/edgar/data/723254/000110465911055364/a11-26234_110q.htm"}, {"date": "2011-05-31", "symbol": "CTAS", "fillingDate": "2011-07-29", "acceptedDate": "2011-07-29 12:40:22", "period": "FY", "revenue": 1012087000, "costOfRevenue": 2201097000, "grossProfit": -1189010000, "grossProfitRatio": -1.1748100706757423, "researchAndDevelopmentExpenses": 0.0, "generalAndAdministrativeExpenses": 304170000, "sellingAndMarketingExpenses": 1168944000, "otherExpenses": 0.0, "operatingExpenses": 304170000, "costAndExpenses": 304170000, "interestExpense": 12749000, "depreciationAndAmortization": 49175000, "ebitda": 178052000, "ebitdaratio": 0.175925587425, "operatingIncome": 128877000, "operatingIncomeRatio": 0.127337867199, "totalOtherIncomeExpensesNet": 0.0, "incomeBeforeTax": 116906000, "incomeBeforeTaxRatio": 0.115509832653, "incomeTaxExpense": 46130000, "netIncome": 70776000, "netIncomeRatio": 0.0699307470603, "eps": 0.49, "epsdiluted": 0.49, "weightedAverageShsOut": 131309000, "weightedAverageShsOutDil": 131338000, "link": "https://www.sec.gov/Archives/edgar/data/723254/000104746911006745/0001047469-11-006745-index.htm", "finalLink": "https://www.sec.gov/Archives/edgar/data/723254/000104746911006745/a2204868z10-k.htm"}, {"date": "2011-02-28", "symbol": "CTAS", "fillingDate": "2011-04-08", "acceptedDate": "2011-04-08 11:23:22", "period": "Q3", "revenue": 937827000, "costOfRevenue": 1622057000, "grossProfit": -684230000, "grossProfitRatio": -0.7295908520441403, "researchAndDevelopmentExpenses": 0.0, "generalAndAdministrativeExpenses": 283045000, "sellingAndMarketingExpenses": 864774000, "otherExpenses": 0.0, "operatingExpenses": 283045000, "costAndExpenses": 283045000, "interestExpense": 12520000, "depreciationAndAmortization": 48547000, "ebitda": 157423000, "ebitdaratio": 0.167859317337, "operatingIncome": 108876000, "operatingIncomeRatio": 0.116093906445, "totalOtherIncomeExpensesNet": 0.0, "incomeBeforeTax": 96636000, "incomeBeforeTaxRatio": 0.10304245879, "incomeTaxExpense": 37566000, "netIncome": 59070000, "netIncomeRatio": 0.0629860304726, "eps": 0.41, "epsdiluted": 0.41, "weightedAverageShsOut": 131309000, "weightedAverageShsOutDil": 131338000, "link": "https://www.sec.gov/Archives/edgar/data/723254/000110465911019252/0001104659-11-019252-index.htm", "finalLink": "https://www.sec.gov/Archives/edgar/data/723254/000110465911019252/a11-6544_110q.htm"}, {"date": "2010-11-30", "symbol": "CTAS", "fillingDate": "2011-01-07", "acceptedDate": "2011-01-07 13:48:24", "period": "Q2", "revenue": 936566000, "costOfRevenue": 1076151000, "grossProfit": -139585000, "grossProfitRatio": -0.14903914940324547, "researchAndDevelopmentExpenses": 0.0, "generalAndAdministrativeExpenses": 288304000, "sellingAndMarketingExpenses": 581729000, "otherExpenses": 0.0, "operatingExpenses": 288304000, "costAndExpenses": 288304000, "interestExpense": 12161000, "depreciationAndAmortization": 47954000, "ebitda": 150298000, "ebitdaratio": 0.160477745295, "operatingIncome": 102344000, "operatingIncomeRatio": 0.109275801172, "totalOtherIncomeExpensesNet": 0.0, "incomeBeforeTax": 90577000, "incomeBeforeTaxRatio": 0.0967118174266, "incomeTaxExpense": 34711000, "netIncome": 55866000, "netIncomeRatio": 0.0596498271344, "eps": 0.38, "epsdiluted": 0.38, "weightedAverageShsOut": 131309000, "weightedAverageShsOutDil": 131338000, "link": "https://www.sec.gov/Archives/edgar/data/723254/000110465911000787/0001104659-11-000787-index.htm", "finalLink": "https://www.sec.gov/Archives/edgar/data/723254/000110465911000787/a10-20134_110q.htm"}, {"date": "2010-08-31", "symbol": "CTAS", "fillingDate": "2010-10-08", "acceptedDate": "2010-10-08 13:52:56", "period": "Q1", "revenue": 923904000, "costOfRevenue": 530233000, "grossProfit": 393671000, "grossProfitRatio": 0.42609513542532557, "researchAndDevelopmentExpenses": 0.0, "generalAndAdministrativeExpenses": 293425000, "sellingAndMarketingExpenses": 293425000, "otherExpenses": 0.0, "operatingExpenses": 293425000, "costAndExpenses": 293425000, "interestExpense": 12274000, "depreciationAndAmortization": 47791000, "ebitda": 148037000, "ebitdaratio": 0.16022985072, "operatingIncome": 100246000, "operatingIncomeRatio": 0.10850261499, "totalOtherIncomeExpensesNet": 0.0, "incomeBeforeTax": 88550000, "incomeBeforeTaxRatio": 0.0958432910779, "incomeTaxExpense": 27273000, "netIncome": 61277000, "netIncomeRatio": 0.0663239903713, "eps": 0.4, "epsdiluted": 0.4, "weightedAverageShsOut": 131309000, "weightedAverageShsOutDil": 131338000, "link": "https://www.sec.gov/Archives/edgar/data/723254/000110465910051814/0001104659-10-051814-index.htm", "finalLink": "https://www.sec.gov/Archives/edgar/data/723254/000110465910051814/a10-15843_110q.htm"}, {"date": "2010-05-31", "symbol": "CTAS", "fillingDate": "2010-07-30", "acceptedDate": "2010-07-30 10:25:20", "period": "FY", "revenue": 0.0, "costOfRevenue": 2049522000, "grossProfit": -2049522000, "grossProfitRatio": 0.0, "researchAndDevelopmentExpenses": 0.0, "generalAndAdministrativeExpenses": 0.0, "sellingAndMarketingExpenses": 1086359000, "otherExpenses": 0.0, "operatingExpenses": 1086359000, "costAndExpenses": 3135881000, "interestExpense": -48612000, "depreciationAndAmortization": 38225000, "ebitda": 429034000, "ebitdaratio": 0.0, "operatingIncome": 390809000, "operatingIncomeRatio": 0.0, "totalOtherIncomeExpensesNet": 0.0, "incomeBeforeTax": 343892000, "incomeBeforeTaxRatio": 0.0, "incomeTaxExpense": 0.0, "netIncome": 215620000, "netIncomeRatio": 0.0, "eps": 1.4, "epsdiluted": 1.4, "weightedAverageShsOut": 154014285, "weightedAverageShsOutDil": 154014285, "link": "https://www.sec.gov/Archives/edgar/data/723254/000104746910006785/0001047469-10-006785-index.htm", "finalLink": "https://www.sec.gov/Archives/edgar/data/723254/000104746910006785/a2199462z10-k.htm"}, {"date": "2010-02-28", "symbol": "CTAS", "fillingDate": "2010-04-09", "acceptedDate": "2010-04-09 11:28:44", "period": "Q3", "revenue": 0.0, "costOfRevenue": 1525641000, "grossProfit": -1525641000, "grossProfitRatio": 0.0, "researchAndDevelopmentExpenses": 0.0, "generalAndAdministrativeExpenses": 0.0, "sellingAndMarketingExpenses": 799429000, "otherExpenses": 0.0, "operatingExpenses": 799429000, "costAndExpenses": 2325070000, "interestExpense": -36192000, "depreciationAndAmortization": 37935000, "ebitda": 327226000, "ebitdaratio": 0.0, "operatingIncome": 289291000, "operatingIncomeRatio": 0.0, "totalOtherIncomeExpensesNet": 0.0, "incomeBeforeTax": 254194000, "incomeBeforeTaxRatio": 0.0, "incomeTaxExpense": 0.0, "netIncome": 160142000, "netIncomeRatio": 0.0, "eps": 1.04, "epsdiluted": 1.04, "weightedAverageShsOut": 153982692, "weightedAverageShsOutDil": 153982692, "link": "https://www.sec.gov/Archives/edgar/data/723254/000110465910019055/0001104659-10-019055-index.htm", "finalLink": "https://www.sec.gov/Archives/edgar/data/723254/000110465910019055/a10-4881_110q.htm"}, {"date": "2009-11-30", "symbol": "CTAS", "fillingDate": "2010-01-08", "acceptedDate": "2010-01-08 14:51:42", "period": "Q2", "revenue": 0.0, "costOfRevenue": 1023436000, "grossProfit": -1023436000, "grossProfitRatio": 0.0, "researchAndDevelopmentExpenses": 0.0, "generalAndAdministrativeExpenses": 0.0, "sellingAndMarketingExpenses": 523833000, "otherExpenses": 0.0, "operatingExpenses": 523833000, "costAndExpenses": 1547269000, "interestExpense": -24617000, "depreciationAndAmortization": 37350000, "ebitda": 242630000, "ebitdaratio": 0.0, "operatingIncome": 205280000, "operatingIncomeRatio": 0.0, "totalOtherIncomeExpensesNet": 0.0, "incomeBeforeTax": 181336000, "incomeBeforeTaxRatio": 0.0, "incomeTaxExpense": 0.0, "netIncome": 111160000, "netIncomeRatio": 0.0, "eps": 0.72, "epsdiluted": 0.72, "weightedAverageShsOut": 154388888, "weightedAverageShsOutDil": 154388888, "link": "https://www.sec.gov/Archives/edgar/data/723254/000110465910000866/0001104659-10-000866-index.htm", "finalLink": "https://www.sec.gov/Archives/edgar/data/723254/000110465910000866/a10-1172_110q.htm"}, {"date": "2009-08-31", "symbol": "CTAS", "fillingDate": "2009-10-09", "acceptedDate": "2009-10-09 09:24:00", "period": "Q1", "revenue": 0.0, "costOfRevenue": 508774000, "grossProfit": -508774000, "grossProfitRatio": 0.0, "researchAndDevelopmentExpenses": 0.0, "generalAndAdministrativeExpenses": 0.0, "sellingAndMarketingExpenses": 264427000, "otherExpenses": 0.0, "operatingExpenses": 264427000, "costAndExpenses": 773201000, "interestExpense": -12038000, "depreciationAndAmortization": 38549000, "ebitda": 137440000, "ebitdaratio": 0.0, "operatingIncome": 98891000, "operatingIncomeRatio": 0.0, "totalOtherIncomeExpensesNet": 0.0, "incomeBeforeTax": 87212000, "incomeBeforeTaxRatio": 0.0, "incomeTaxExpense": 0.0, "netIncome": 53984000, "netIncomeRatio": 0.0, "eps": 0.35, "epsdiluted": 0.35, "weightedAverageShsOut": 154240000, "weightedAverageShsOutDil": 154240000, "link": "https://www.sec.gov/Archives/edgar/data/723254/000110465909058381/0001104659-09-058381-index.htm", "finalLink": "https://www.sec.gov/Archives/edgar/data/723254/000110465909058381/a09-29937_110q.htm"}, {"date": "2009-05-31", "symbol": "CTAS", "fillingDate": "2009-07-30", "acceptedDate": "2009-07-30 09:52:56", "period": "FY", "revenue": 0.0, "costOfRevenue": 2223814000, "grossProfit": -2223814000, "grossProfitRatio": 0.0, "researchAndDevelopmentExpenses": 0.0, "generalAndAdministrativeExpenses": 0.0, "sellingAndMarketingExpenses": 1082709000, "otherExpenses": 0.0, "operatingExpenses": 1082709000, "costAndExpenses": 3306523000, "interestExpense": -50236000, "depreciationAndAmortization": 39453000, "ebitda": 448518000, "ebitdaratio": 0.0, "operatingIncome": 409065000, "operatingIncomeRatio": 0.0, "totalOtherIncomeExpensesNet": 0.0, "incomeBeforeTax": 361593000, "incomeBeforeTaxRatio": 0.0, "incomeTaxExpense": 0.0, "netIncome": 226357000, "netIncomeRatio": 0.0, "eps": 1.48, "epsdiluted": 1.48, "weightedAverageShsOut": 152943918, "weightedAverageShsOutDil": 152943918, "link": "https://www.sec.gov/Archives/edgar/data/723254/000104746909007009/0001047469-09-007009-index.htm", "finalLink": "https://www.sec.gov/Archives/edgar/data/723254/000104746909007009/a2193768z10-k.htm"}, {"date": "2009-02-28", "symbol": "CTAS", "fillingDate": "2009-04-08", "acceptedDate": "2009-04-08 15:01:19", "period": "Q3", "revenue": 0.0, "costOfRevenue": 1679482000, "grossProfit": -1679482000, "grossProfitRatio": 0.0, "researchAndDevelopmentExpenses": 0.0, "generalAndAdministrativeExpenses": 0.0, "sellingAndMarketingExpenses": 829032000, "otherExpenses": 0.0, "operatingExpenses": 829032000, "costAndExpenses": 2508514000, "interestExpense": -38206000, "depreciationAndAmortization": 39747000, "ebitda": 427235000, "ebitdaratio": 0.0, "operatingIncome": 387488000, "operatingIncomeRatio": 0.0, "totalOtherIncomeExpensesNet": 0.0, "incomeBeforeTax": 351717000, "incomeBeforeTaxRatio": 0.0, "incomeTaxExpense": 0.0, "netIncome": 222285000, "netIncomeRatio": 0.0, "eps": 1.45, "epsdiluted": 1.45, "weightedAverageShsOut": 153300000, "weightedAverageShsOutDil": 153300000, "link": "https://www.sec.gov/Archives/edgar/data/723254/000089225109000057/0000892251-09-000057-index.htm", "finalLink": "https://www.sec.gov/Archives/edgar/data/723254/000089225109000057/form10q022809.htm"}, {"date": "2008-11-30", "symbol": "CTAS", "fillingDate": "2009-01-08", "acceptedDate": "2009-01-08 14:52:51", "period": "Q2", "revenue": 0.0, "costOfRevenue": 1147280000, "grossProfit": -1147280000, "grossProfitRatio": 0.0, "researchAndDevelopmentExpenses": 0.0, "generalAndAdministrativeExpenses": 0.0, "sellingAndMarketingExpenses": 571903000, "otherExpenses": 0.0, "operatingExpenses": 571903000, "costAndExpenses": 1719183000, "interestExpense": -25799000, "depreciationAndAmortization": 39332000, "ebitda": 307512000, "ebitdaratio": 0.0, "operatingIncome": 268180000, "operatingIncomeRatio": 0.0, "totalOtherIncomeExpensesNet": 0.0, "incomeBeforeTax": 244276000, "incomeBeforeTaxRatio": 0.0, "incomeTaxExpense": 0.0, "netIncome": 150474000, "netIncomeRatio": 0.0, "eps": 0.98, "epsdiluted": 0.98, "weightedAverageShsOut": 153544897, "weightedAverageShsOutDil": 153544897, "link": "https://www.sec.gov/Archives/edgar/data/723254/000119312509003156/0001193125-09-003156-index.htm", "finalLink": "https://www.sec.gov/Archives/edgar/data/723254/000119312509003156/d10q.htm"}, {"date": "2008-08-31", "symbol": "CTAS", "fillingDate": "2008-10-07", "acceptedDate": "2008-10-07 16:26:43", "period": "Q1", "revenue": 0.0, "costOfRevenue": 577096000, "grossProfit": -577096000, "grossProfitRatio": 0.0, "researchAndDevelopmentExpenses": 0.0, "generalAndAdministrativeExpenses": 0.0, "sellingAndMarketingExpenses": 287295000, "otherExpenses": 0.0, "operatingExpenses": 287295000, "costAndExpenses": 864391000, "interestExpense": -13031000, "depreciationAndAmortization": 39040000, "ebitda": 176828000, "ebitdaratio": 0.0, "operatingIncome": 137788000, "operatingIncomeRatio": 0.0, "totalOtherIncomeExpensesNet": 0.0, "incomeBeforeTax": 125822000, "incomeBeforeTaxRatio": 0.0, "incomeTaxExpense": 0.0, "netIncome": 78636000, "netIncomeRatio": 0.0, "eps": 0.51, "epsdiluted": 0.51, "weightedAverageShsOut": 154188235, "weightedAverageShsOutDil": 154188235, "link": "https://www.sec.gov/Archives/edgar/data/723254/000089225108000205/0000892251-08-000205-index.htm", "finalLink": "https://www.sec.gov/Archives/edgar/data/723254/000089225108000205/form10q083108.htm"}, {"date": "2008-05-31", "symbol": "CTAS", "fillingDate": "2008-07-30", "acceptedDate": "2008-07-30 14:00:35", "period": "FY", "revenue": 0.0, "costOfRevenue": 2256300000, "grossProfit": -2256300000, "grossProfitRatio": 0.0, "researchAndDevelopmentExpenses": 0.0, "generalAndAdministrativeExpenses": 0.0, "sellingAndMarketingExpenses": 1104145000, "otherExpenses": 0.0, "operatingExpenses": 1104145000, "costAndExpenses": 3360445000, "interestExpense": -52823000, "depreciationAndAmortization": -110076000, "ebitda": 467379000, "ebitdaratio": 0.0, "operatingIncome": 577455000, "operatingIncomeRatio": 0.0, "totalOtherIncomeExpensesNet": 0.0, "incomeBeforeTax": 530704000, "incomeBeforeTaxRatio": 0.0, "incomeTaxExpense": 0.0, "netIncome": 335405000, "netIncomeRatio": 0.0, "eps": 2.15, "epsdiluted": 2.15, "weightedAverageShsOut": 156002325, "weightedAverageShsOutDil": 156002325, "link": "https://www.sec.gov/Archives/edgar/data/723254/000089225108000175/0000892251-08-000175-index.htm", "finalLink": "https://www.sec.gov/Archives/edgar/data/723254/000089225108000175/form10k053108.htm"}, {"date": "2008-02-29", "symbol": "CTAS", "fillingDate": "2008-04-04", "acceptedDate": "2008-04-04 12:56:32", "period": "Q3", "revenue": 0.0, "costOfRevenue": 497761000, "grossProfit": -497761000, "grossProfitRatio": 0.0, "researchAndDevelopmentExpenses": 0.0, "generalAndAdministrativeExpenses": 0.0, "sellingAndMarketingExpenses": 825029000, "otherExpenses": 0.0, "operatingExpenses": 825029000, "costAndExpenses": 1322790000, "interestExpense": -39452000, "depreciationAndAmortization": 37805000, "ebitda": 427257000, "ebitdaratio": 0.0, "operatingIncome": 389452000, "operatingIncomeRatio": 0.0, "totalOtherIncomeExpensesNet": 0.0, "incomeBeforeTax": 389452000, "incomeBeforeTaxRatio": 0.0, "incomeTaxExpense": 0.0, "netIncome": 245744000, "netIncomeRatio": 0.0, "eps": 1.57, "epsdiluted": 1.57, "weightedAverageShsOut": 156524840, "weightedAverageShsOutDil": 156524840, "link": "https://www.sec.gov/Archives/edgar/data/723254/000089225108000111/0000892251-08-000111-index.htm", "finalLink": "https://www.sec.gov/Archives/edgar/data/723254/000089225108000111/form10q022908.htm"}, {"date": "2007-11-30", "symbol": "CTAS", "fillingDate": "2008-01-04", "acceptedDate": "2008-01-04 14:39:05", "period": "Q2", "revenue": 0.0, "costOfRevenue": 1115053000, "grossProfit": -1115053000, "grossProfitRatio": 0.0, "researchAndDevelopmentExpenses": 0.0, "generalAndAdministrativeExpenses": 0.0, "sellingAndMarketingExpenses": 551835000, "otherExpenses": 0.0, "operatingExpenses": 551835000, "costAndExpenses": 1666888000, "interestExpense": -25830000, "depreciationAndAmortization": 36635000, "ebitda": 300168000, "ebitdaratio": 0.0, "operatingIncome": 263533000, "operatingIncomeRatio": 0.0, "totalOtherIncomeExpensesNet": 0.0, "incomeBeforeTax": 263533000, "incomeBeforeTaxRatio": 0.0, "incomeTaxExpense": 0.0, "netIncome": 163916000, "netIncomeRatio": 0.0, "eps": 1.04, "epsdiluted": 1.04, "weightedAverageShsOut": 157611538, "weightedAverageShsOutDil": 157611538, "link": "https://www.sec.gov/Archives/edgar/data/723254/000119312508001566/0001193125-08-001566-index.htm", "finalLink": "https://www.sec.gov/Archives/edgar/data/723254/000119312508001566/d10q.htm"}, {"date": "2007-08-31", "symbol": "CTAS", "fillingDate": "2007-10-05", "acceptedDate": "2007-10-05 11:42:14", "period": "Q1", "revenue": 0.0, "costOfRevenue": 551756000, "grossProfit": -551756000, "grossProfitRatio": 0.0, "researchAndDevelopmentExpenses": 0.0, "generalAndAdministrativeExpenses": 0.0, "sellingAndMarketingExpenses": 276710000, "otherExpenses": 0.0, "operatingExpenses": 276710000, "costAndExpenses": 828466000, "interestExpense": -12837000, "depreciationAndAmortization": 35636000, "ebitda": 164923000, "ebitdaratio": 0.0, "operatingIncome": 129287000, "operatingIncomeRatio": 0.0, "totalOtherIncomeExpensesNet": 0.0, "incomeBeforeTax": 129287000, "incomeBeforeTaxRatio": 0.0, "incomeTaxExpense": 0.0, "netIncome": 81063000, "netIncomeRatio": 0.0, "eps": 0.51, "epsdiluted": 0.51, "weightedAverageShsOut": 158947058, "weightedAverageShsOutDil": 158947058, "link": "https://www.sec.gov/Archives/edgar/data/723254/000089225107000191/0000892251-07-000191-index.htm", "finalLink": "https://www.sec.gov/Archives/edgar/data/723254/000089225107000191/form10q083107.htm"}, {"date": "2007-05-31", "symbol": "CTAS", "fillingDate": "2007-07-30", "acceptedDate": "2007-07-30 16:50:55", "period": "FY", "revenue": 0.0, "costOfRevenue": 2125545000, "grossProfit": -2125545000, "grossProfitRatio": 0.0, "researchAndDevelopmentExpenses": 0.0, "generalAndAdministrativeExpenses": 0.0, "sellingAndMarketingExpenses": 1003958000, "otherExpenses": 0.0, "operatingExpenses": 1003958000, "costAndExpenses": 3129503000, "interestExpense": -50324000, "depreciationAndAmortization": -100036000, "ebitda": 433517000, "ebitdaratio": 0.0, "operatingIncome": 533553000, "operatingIncomeRatio": 0.0, "totalOtherIncomeExpensesNet": 0.0, "incomeBeforeTax": 533553000, "incomeBeforeTaxRatio": 0.0, "incomeTaxExpense": 0.0, "netIncome": 334538000, "netIncomeRatio": 0.0, "eps": 2.09, "epsdiluted": 2.09, "weightedAverageShsOut": 160066028, "weightedAverageShsOutDil": 160066028, "link": "https://www.sec.gov/Archives/edgar/data/723254/000089225107000154/0000892251-07-000154-index.htm", "finalLink": "https://www.sec.gov/Archives/edgar/data/723254/000089225107000154/form10k053107.htm"}, {"date": "2007-02-28", "symbol": "CTAS", "fillingDate": "2007-04-05", "acceptedDate": "2007-04-05 16:13:21", "period": "Q3", "revenue": 0.0, "costOfRevenue": 1575444000, "grossProfit": -1575444000, "grossProfitRatio": 0.0, "researchAndDevelopmentExpenses": 0.0, "generalAndAdministrativeExpenses": 0.0, "sellingAndMarketingExpenses": 745884000, "otherExpenses": 0.0, "operatingExpenses": 745884000, "costAndExpenses": 2321328000, "interestExpense": -36499000, "depreciationAndAmortization": 33962000, "ebitda": 423448000, "ebitdaratio": 0.0, "operatingIncome": 389486000, "operatingIncomeRatio": 0.0, "totalOtherIncomeExpensesNet": 0.0, "incomeBeforeTax": 389486000, "incomeBeforeTaxRatio": 0.0, "incomeTaxExpense": 0.0, "netIncome": 244216000, "netIncomeRatio": 0.0, "eps": 1.52, "epsdiluted": 1.52, "weightedAverageShsOut": 160668421, "weightedAverageShsOutDil": 160668421, "link": "https://www.sec.gov/Archives/edgar/data/723254/000089225107000098/0000892251-07-000098-index.htm", "finalLink": "https://www.sec.gov/Archives/edgar/data/723254/000089225107000098/form10q022807.htm"}, {"date": "2006-11-30", "symbol": "CTAS", "fillingDate": "2007-01-04", "acceptedDate": "2007-01-04 16:03:51", "period": "Q2", "revenue": 0.0, "costOfRevenue": 1055873000, "grossProfit": -1055873000, "grossProfitRatio": 0.0, "researchAndDevelopmentExpenses": 0.0, "generalAndAdministrativeExpenses": 0.0, "sellingAndMarketingExpenses": 492756000, "otherExpenses": 0.0, "operatingExpenses": 492756000, "costAndExpenses": 1548629000, "interestExpense": -24915000, "depreciationAndAmortization": 32996000, "ebitda": 300028000, "ebitdaratio": 0.0, "operatingIncome": 267032000, "operatingIncomeRatio": 0.0, "totalOtherIncomeExpensesNet": 0.0, "incomeBeforeTax": 267032000, "incomeBeforeTaxRatio": 0.0, "incomeTaxExpense": 0.0, "netIncome": 167489000, "netIncomeRatio": 0.0, "eps": 1.04, "epsdiluted": 1.04, "weightedAverageShsOut": 161047115, "weightedAverageShsOutDil": 161047115, "link": "https://www.sec.gov/Archives/edgar/data/723254/000095015207000058/0000950152-07-000058-index.htm", "finalLink": "https://www.sec.gov/Archives/edgar/data/723254/000095015207000058/l23869ae10vq.htm"}, {"date": "2006-08-31", "symbol": "CTAS", "fillingDate": "2006-10-05", "acceptedDate": "2006-10-05 13:35:00", "period": "Q1", "revenue": 0.0, "costOfRevenue": 523680000, "grossProfit": -523680000, "grossProfitRatio": 0.0, "researchAndDevelopmentExpenses": 0.0, "generalAndAdministrativeExpenses": 0.0, "sellingAndMarketingExpenses": 244128000, "otherExpenses": 0.0, "operatingExpenses": 244128000, "costAndExpenses": 767808000, "interestExpense": -12432000, "depreciationAndAmortization": 33078000, "ebitda": 168525000, "ebitdaratio": 0.0, "operatingIncome": 135447000, "operatingIncomeRatio": 0.0, "totalOtherIncomeExpensesNet": 0.0, "incomeBeforeTax": 135447000, "incomeBeforeTaxRatio": 0.0, "incomeTaxExpense": 0.0, "netIncome": 84962000, "netIncomeRatio": 0.0, "eps": 0.53, "epsdiluted": 0.53, "weightedAverageShsOut": 160305660, "weightedAverageShsOutDil": 160305660, "link": "https://www.sec.gov/Archives/edgar/data/723254/000089225106000652/0000892251-06-000652-index.htm", "finalLink": "https://www.sec.gov/Archives/edgar/data/723254/000089225106000652/form10q083106.htm"}, {"date": "2006-05-31", "symbol": "CTAS", "fillingDate": "2006-08-11", "acceptedDate": "2006-08-11 13:56:46", "period": "FY", "revenue": 0.0, "costOfRevenue": 1948816000, "grossProfit": -1948816000, "grossProfitRatio": 0.0, "researchAndDevelopmentExpenses": 0.0, "generalAndAdministrativeExpenses": 0.0, "sellingAndMarketingExpenses": 907954000, "otherExpenses": 0.0, "operatingExpenses": 907954000, "costAndExpenses": 2856770000, "interestExpense": -31782000, "depreciationAndAmortization": -94014000, "ebitda": 427801000, "ebitdaratio": 0.0, "operatingIncome": 521815000, "operatingIncomeRatio": 0.0, "totalOtherIncomeExpensesNet": 0.0, "incomeBeforeTax": 521815000, "incomeBeforeTaxRatio": 0.0, "incomeTaxExpense": 0.0, "netIncome": 327178000, "netIncomeRatio": 0.0, "eps": 1.95, "epsdiluted": 1.95, "weightedAverageShsOut": 167783589, "weightedAverageShsOutDil": 167783589, "link": "https://www.sec.gov/Archives/edgar/data/723254/000110465906053974/0001104659-06-053974-index.htm", "finalLink": "https://www.sec.gov/Archives/edgar/data/723254/000110465906053974/a06-16851_110k.htm"}, {"date": "2006-02-28", "symbol": "CTAS", "fillingDate": "2006-04-07", "acceptedDate": "2006-04-07 10:42:12", "period": "Q1", "revenue": 0.0, "costOfRevenue": 483451000, "grossProfit": -483451000, "grossProfitRatio": 0.0, "researchAndDevelopmentExpenses": 0.0, "generalAndAdministrativeExpenses": 0.0, "sellingAndMarketingExpenses": 223269000, "otherExpenses": 0.0, "operatingExpenses": 223269000, "costAndExpenses": 706720000, "interestExpense": -7239000.0, "depreciationAndAmortization": 94014000, "ebitda": 218401000, "ebitdaratio": 0.0, "operatingIncome": 124387000, "operatingIncomeRatio": 0.0, "totalOtherIncomeExpensesNet": 0.0, "incomeBeforeTax": 124387000, "incomeBeforeTaxRatio": 0.0, "incomeTaxExpense": 0.0, "netIncome": 77745000, "netIncomeRatio": 0.0, "eps": 0.47, "epsdiluted": 0.47, "weightedAverageShsOut": 165414893, "weightedAverageShsOutDil": 165414893, "link": "https://www.sec.gov/Archives/edgar/data/723254/000089225106000302/0000892251-06-000302-index.htm", "finalLink": "https://www.sec.gov/Archives/edgar/data/723254/000089225106000302/form10q022806.htm"}, {"date": "2005-11-30", "symbol": "CTAS", "fillingDate": "2006-01-06", "acceptedDate": "2006-01-06 16:47:49", "period": "Q1", "revenue": 0.0, "costOfRevenue": 485324000, "grossProfit": -485324000, "grossProfitRatio": 0.0, "researchAndDevelopmentExpenses": 0.0, "generalAndAdministrativeExpenses": 0.0, "sellingAndMarketingExpenses": 219912000, "otherExpenses": 0.0, "operatingExpenses": 219912000, "costAndExpenses": 705236000, "interestExpense": -7484000.0, "depreciationAndAmortization": 61982000, "ebitda": 186379000, "ebitdaratio": 0.0, "operatingIncome": 124397000, "operatingIncomeRatio": 0.0, "totalOtherIncomeExpensesNet": 0.0, "incomeBeforeTax": 124397000, "incomeBeforeTaxRatio": 0.0, "incomeTaxExpense": 0.0, "netIncome": 77971000, "netIncomeRatio": 0.0, "eps": 0.46, "epsdiluted": 0.46, "weightedAverageShsOut": 169502173, "weightedAverageShsOutDil": 169502173, "link": "https://www.sec.gov/Archives/edgar/data/723254/000089225106000033/0000892251-06-000033-index.htm", "finalLink": "https://www.sec.gov/Archives/edgar/data/723254/000089225106000033/form10q113005.htm"}, {"date": "2005-08-31", "symbol": "CTAS", "fillingDate": "2005-10-11", "acceptedDate": "2005-10-11 08:16:14", "period": "Q1", "revenue": 0.0, "costOfRevenue": 467987000, "grossProfit": -467987000, "grossProfitRatio": 0.0, "researchAndDevelopmentExpenses": 0.0, "generalAndAdministrativeExpenses": 0.0, "sellingAndMarketingExpenses": 223437000, "otherExpenses": 0.0, "operatingExpenses": 223437000, "costAndExpenses": 691424000, "interestExpense": -7336000.0, "depreciationAndAmortization": 30579000, "ebitda": 156996000, "ebitdaratio": 0.0, "operatingIncome": 126417000, "operatingIncomeRatio": 0.0, "totalOtherIncomeExpensesNet": 0.0, "incomeBeforeTax": 126417000, "incomeBeforeTaxRatio": 0.0, "incomeTaxExpense": 0.0, "netIncome": 79535000, "netIncomeRatio": 0.0, "eps": 0.47, "epsdiluted": 0.47, "weightedAverageShsOut": 169223404, "weightedAverageShsOutDil": 169223404, "link": "https://www.sec.gov/Archives/edgar/data/723254/000095015205008077/0000950152-05-008077-index.htm", "finalLink": "https://www.sec.gov/Archives/edgar/data/723254/000095015205008077/l16299ae10vq.htm"}, {"date": "2005-05-31", "symbol": "CTAS", "fillingDate": "2005-08-15", "acceptedDate": "2005-08-15 11:41:36", "period": "FY", "revenue": 0.0, "costOfRevenue": 1762524000, "grossProfit": -1762524000, "grossProfitRatio": 0.0, "researchAndDevelopmentExpenses": 0.0, "generalAndAdministrativeExpenses": 0.0, "sellingAndMarketingExpenses": 810232000, "otherExpenses": 0.0, "operatingExpenses": 810232000, "costAndExpenses": 2572756000, "interestExpense": -24448000, "depreciationAndAmortization": -89459000, "ebitda": 387534000, "ebitdaratio": 0.0, "operatingIncome": 476993000, "operatingIncomeRatio": 0.0, "totalOtherIncomeExpensesNet": 0.0, "incomeBeforeTax": 476993000, "incomeBeforeTaxRatio": 0.0, "incomeTaxExpense": 0.0, "netIncome": 300518000, "netIncomeRatio": 0.0, "eps": 1.75, "epsdiluted": 1.75, "weightedAverageShsOut": 171724571, "weightedAverageShsOutDil": 171724571, "link": "https://www.sec.gov/Archives/edgar/data/723254/000110465905039417/0001104659-05-039417-index.htm", "finalLink": "https://www.sec.gov/Archives/edgar/data/723254/000110465905039417/a05-13922_110k.htm"}, {"date": "2005-02-28", "symbol": "CTAS", "fillingDate": "2005-04-11", "acceptedDate": "2005-04-11 14:07:01", "period": "Q1", "revenue": 0.0, "costOfRevenue": 433787000, "grossProfit": -433787000, "grossProfitRatio": 0.0, "researchAndDevelopmentExpenses": 0.0, "generalAndAdministrativeExpenses": 0.0, "sellingAndMarketingExpenses": 203912000, "otherExpenses": 0.0, "operatingExpenses": 203912000, "costAndExpenses": 637699000, "interestExpense": -6499000.0, "depreciationAndAmortization": 89459000, "ebitda": 202651000, "ebitdaratio": 0.0, "operatingIncome": 113192000, "operatingIncomeRatio": 0.0, "totalOtherIncomeExpensesNet": 0.0, "incomeBeforeTax": 113192000, "incomeBeforeTaxRatio": 0.0, "incomeTaxExpense": 0.0, "netIncome": 71332000, "netIncomeRatio": 0.0, "eps": 0.42, "epsdiluted": 0.42, "weightedAverageShsOut": 169838095, "weightedAverageShsOutDil": 169838095, "link": "https://www.sec.gov/Archives/edgar/data/723254/000089225105000327/0000892251-05-000327-index.htm", "finalLink": "https://www.sec.gov/Archives/edgar/data/723254/000089225105000327/form10q022805.htm"}, {"date": "2004-11-30", "symbol": "CTAS", "fillingDate": "2005-01-10", "acceptedDate": "2005-01-10 15:35:15", "period": "Q1", "revenue": 0.0, "costOfRevenue": 440885000, "grossProfit": -440885000, "grossProfitRatio": 0.0, "researchAndDevelopmentExpenses": 0.0, "generalAndAdministrativeExpenses": 0.0, "sellingAndMarketingExpenses": 194431000, "otherExpenses": 0.0, "operatingExpenses": 194431000, "costAndExpenses": 635316000, "interestExpense": -6218000.0, "depreciationAndAmortization": 59521000, "ebitda": 176341000, "ebitdaratio": 0.0, "operatingIncome": 116820000, "operatingIncomeRatio": 0.0, "totalOtherIncomeExpensesNet": 0.0, "incomeBeforeTax": 116820000, "incomeBeforeTaxRatio": 0.0, "incomeTaxExpense": 0.0, "netIncome": 73560000, "netIncomeRatio": 0.0, "eps": 0.43, "epsdiluted": 0.43, "weightedAverageShsOut": 171069767, "weightedAverageShsOutDil": 171069767, "link": "https://www.sec.gov/Archives/edgar/data/723254/000089225105000016/0000892251-05-000016-index.htm", "finalLink": "https://www.sec.gov/Archives/edgar/data/723254/000089225105000016/form10q113004.htm"}, {"date": "2004-08-31", "symbol": "CTAS", "fillingDate": "2004-10-12", "acceptedDate": "2004-10-12 08:08:54", "period": "Q1", "revenue": 0.0, "costOfRevenue": 427118000, "grossProfit": -427118000, "grossProfitRatio": 0.0, "researchAndDevelopmentExpenses": 0.0, "generalAndAdministrativeExpenses": 0.0, "sellingAndMarketingExpenses": 198809000, "otherExpenses": 0.0, "operatingExpenses": 198809000, "costAndExpenses": 625927000, "interestExpense": -5833000.0, "depreciationAndAmortization": 0.0, "ebitda": 115318000, "ebitdaratio": 0.0, "operatingIncome": 115318000, "operatingIncomeRatio": 0.0, "totalOtherIncomeExpensesNet": 0.0, "incomeBeforeTax": 115318000, "incomeBeforeTaxRatio": 0.0, "incomeTaxExpense": 0.0, "netIncome": 72666000, "netIncomeRatio": 0.0, "eps": 0.42, "epsdiluted": 0.42, "weightedAverageShsOut": 173014285, "weightedAverageShsOutDil": 173014285, "link": "https://www.sec.gov/Archives/edgar/data/723254/000089225104000927/0000892251-04-000927-index.htm", "finalLink": "https://www.sec.gov/Archives/edgar/data/723254/000089225104000927/form10q083104.htm"}, {"date": "2004-05-31", "symbol": "CTAS", "fillingDate": "2004-08-16", "acceptedDate": "2004-08-16 10:55:56", "period": "FY", "revenue": 0.0, "costOfRevenue": 1627567000, "grossProfit": -1627567000, "grossProfitRatio": 0.0, "researchAndDevelopmentExpenses": 0.0, "generalAndAdministrativeExpenses": 0.0, "sellingAndMarketingExpenses": 727618000, "otherExpenses": 0.0, "operatingExpenses": 727618000, "costAndExpenses": 2355185000, "interestExpense": -25101000, "depreciationAndAmortization": -87808000, "ebitda": 344272000, "ebitdaratio": 0.0, "operatingIncome": 432080000, "operatingIncomeRatio": 0.0, "totalOtherIncomeExpensesNet": 0.0, "incomeBeforeTax": 432080000, "incomeBeforeTaxRatio": 0.0, "incomeTaxExpense": 0.0, "netIncome": 272205000, "netIncomeRatio": 0.0, "eps": 1.59, "epsdiluted": 1.59, "weightedAverageShsOut": 171198113, "weightedAverageShsOutDil": 171198113, "link": "https://www.sec.gov/Archives/edgar/data/723254/000110465904024519/0001104659-04-024519-index.htm", "finalLink": "https://www.sec.gov/Archives/edgar/data/723254/000110465904024519/a04-8825_110k.htm"}, {"date": "2004-02-29", "symbol": "CTAS", "fillingDate": "2004-04-14", "acceptedDate": "2004-04-14 09:07:41", "period": "Q1", "revenue": 0.0, "costOfRevenue": 401229000, "grossProfit": -401229000, "grossProfitRatio": 0.0, "researchAndDevelopmentExpenses": 0.0, "generalAndAdministrativeExpenses": 0.0, "sellingAndMarketingExpenses": 185019000, "otherExpenses": 0.0, "operatingExpenses": 185019000, "costAndExpenses": 586248000, "interestExpense": -5958000.0, "depreciationAndAmortization": 87808000, "ebitda": 193348000, "ebitdaratio": 0.0, "operatingIncome": 105540000, "operatingIncomeRatio": 0.0, "totalOtherIncomeExpensesNet": 0.0, "incomeBeforeTax": 105540000, "incomeBeforeTaxRatio": 0.0, "incomeTaxExpense": 0.0, "netIncome": 66493000, "netIncomeRatio": 0.0, "eps": 0.39, "epsdiluted": 0.39, "weightedAverageShsOut": 170494871, "weightedAverageShsOutDil": 170494871, "link": "https://www.sec.gov/Archives/edgar/data/723254/000089225104000461/0000892251-04-000461-index.htm", "finalLink": "https://www.sec.gov/Archives/edgar/data/723254/000089225104000461/form10q022904.htm"}, {"date": "2003-11-30", "symbol": "CTAS", "fillingDate": "2004-01-14", "acceptedDate": "2004-01-14 12:01:44", "period": "Q1", "revenue": 0.0, "costOfRevenue": 407872000, "grossProfit": -407872000, "grossProfitRatio": 0.0, "researchAndDevelopmentExpenses": 0.0, "generalAndAdministrativeExpenses": 0.0, "sellingAndMarketingExpenses": 176954000, "otherExpenses": 0.0, "operatingExpenses": 176954000, "costAndExpenses": 584826000, "interestExpense": -6468000.0, "depreciationAndAmortization": 58460000, "ebitda": 169035000, "ebitdaratio": 0.0, "operatingIncome": 110575000, "operatingIncomeRatio": 0.0, "totalOtherIncomeExpensesNet": 0.0, "incomeBeforeTax": 110575000, "incomeBeforeTaxRatio": 0.0, "incomeTaxExpense": 0.0, "netIncome": 69657000, "netIncomeRatio": 0.0, "eps": 0.41, "epsdiluted": 0.41, "weightedAverageShsOut": 169895121, "weightedAverageShsOutDil": 169895121, "link": "https://www.sec.gov/Archives/edgar/data/723254/000089225104000086/0000892251-04-000086-index.htm", "finalLink": "https://www.sec.gov/Archives/edgar/data/723254/000089225104000086/form10q113003.htm"}, {"date": "2003-08-31", "symbol": "CTAS", "fillingDate": "2003-10-15", "acceptedDate": "2003-10-15 11:15:39", "period": "Q1", "revenue": 0.0, "costOfRevenue": 390208000, "grossProfit": -390208000, "grossProfitRatio": 0.0, "researchAndDevelopmentExpenses": 0.0, "generalAndAdministrativeExpenses": 0.0, "sellingAndMarketingExpenses": 176130000, "otherExpenses": 0.0, "operatingExpenses": 176130000, "costAndExpenses": 566338000, "interestExpense": -6880000.0, "depreciationAndAmortization": 29017000, "ebitda": 129525000, "ebitdaratio": 0.0, "operatingIncome": 100508000, "operatingIncomeRatio": 0.0, "totalOtherIncomeExpensesNet": 0.0, "incomeBeforeTax": 100508000, "incomeBeforeTaxRatio": 0.0, "incomeTaxExpense": 0.0, "netIncome": 63327000, "netIncomeRatio": 0.0, "eps": 0.37, "epsdiluted": 0.37, "weightedAverageShsOut": 171154054, "weightedAverageShsOutDil": 171154054, "link": "https://www.sec.gov/Archives/edgar/data/723254/000089225103000581/0000892251-03-000581-index.htm", "finalLink": "https://www.sec.gov/Archives/edgar/data/723254/000089225103000581/form10q083103.htm"}, {"date": "2003-05-31", "symbol": "CTAS", "fillingDate": "2003-08-29", "acceptedDate": "2003-08-29 13:35:23", "period": "FY", "revenue": 0.0, "costOfRevenue": 1567377000, "grossProfit": -1567377000, "grossProfitRatio": 0.0, "researchAndDevelopmentExpenses": 0.0, "generalAndAdministrativeExpenses": 0.0, "sellingAndMarketingExpenses": 695437000, "otherExpenses": 0.0, "operatingExpenses": 695437000, "costAndExpenses": 2262814000, "interestExpense": -30917000, "depreciationAndAmortization": -87700000, "ebitda": 308059000, "ebitdaratio": 0.0, "operatingIncome": 395759000, "operatingIncomeRatio": 0.0, "totalOtherIncomeExpensesNet": 0.0, "incomeBeforeTax": 395759000, "incomeBeforeTaxRatio": 0.0, "incomeTaxExpense": 0.0, "netIncome": 249253000, "netIncomeRatio": 0.0, "eps": 1.46, "epsdiluted": 1.46, "weightedAverageShsOut": 170721232, "weightedAverageShsOutDil": 170721232, "link": "https://www.sec.gov/Archives/edgar/data/723254/000104746903029303/0001047469-03-029303-index.htm", "finalLink": "https://www.sec.gov/Archives/edgar/data/723254/000104746903029303/a2117508z10-k.htm"}, {"date": "2003-02-28", "symbol": "CTAS", "fillingDate": "2003-04-11", "acceptedDate": "2003-04-11 15:05:00", "period": "Q1", "revenue": 0.0, "costOfRevenue": 389341000, "grossProfit": -389341000, "grossProfitRatio": 0.0, "researchAndDevelopmentExpenses": 0.0, "generalAndAdministrativeExpenses": 0.0, "sellingAndMarketingExpenses": 174192000, "otherExpenses": 0.0, "operatingExpenses": 174192000, "costAndExpenses": 563533000, "interestExpense": -7434000.0, "depreciationAndAmortization": 87700000, "ebitda": 181315000, "ebitdaratio": 0.0, "operatingIncome": 93615000, "operatingIncomeRatio": 0.0, "totalOtherIncomeExpensesNet": 0.0, "incomeBeforeTax": 93615000, "incomeBeforeTaxRatio": 0.0, "incomeTaxExpense": 0.0, "netIncome": 59055000, "netIncomeRatio": 0.0, "eps": 0.35, "epsdiluted": 0.35, "weightedAverageShsOut": 168728571, "weightedAverageShsOutDil": 168728571, "link": "https://www.sec.gov/Archives/edgar/data/723254/000089225103000242/0000892251-03-000242-index.htm", "finalLink": "https://www.sec.gov/Archives/edgar/data/723254/000089225103000242/form10q022803.htm"}, {"date": "2002-05-31", "symbol": "CTAS", "fillingDate": "2002-08-26", "acceptedDate": "2002-08-26 08:29:56", "period": "FY", "revenue": 0.0, "costOfRevenue": 1313682000, "grossProfit": -1313682000, "grossProfitRatio": 0.0, "researchAndDevelopmentExpenses": 0.0, "generalAndAdministrativeExpenses": 0.0, "sellingAndMarketingExpenses": 580469000, "otherExpenses": 0.0, "operatingExpenses": 580469000, "costAndExpenses": 1894151000, "interestExpense": -10952000, "depreciationAndAmortization": -90239000, "ebitda": 281346000, "ebitdaratio": 0.0, "operatingIncome": 371585000, "operatingIncomeRatio": 0.0, "totalOtherIncomeExpensesNet": 0.0, "incomeBeforeTax": 371585000, "incomeBeforeTaxRatio": 0.0, "incomeTaxExpense": 0.0, "netIncome": 234251000, "netIncomeRatio": 0.0, "eps": 1.38, "epsdiluted": 1.38, "weightedAverageShsOut": 169747101, "weightedAverageShsOutDil": 169747101, "link": "https://www.sec.gov/Archives/edgar/data/723254/000091205702033406/0000912057-02-033406-index.htm", "finalLink": "https://www.sec.gov/Archives/edgar/data/723254/000091205702033406/a2087131z10-k.htm"}]