[{"date": "2020-03-31", "symbol": "IDXX", "fillingDate": "2020-04-30", "acceptedDate": "2020-04-30 17:27:27", "period": "Q1", "revenue": 626336000, "costOfRevenue": 266746000, "grossProfit": 359590000, "grossProfitRatio": 0.5741167679967302, "researchAndDevelopmentExpenses": 33310000, "generalAndAdministrativeExpenses": 65812000, "sellingAndMarketingExpenses": 116143000, "otherExpenses": 0.0, "operatingExpenses": 215265000, "costAndExpenses": 482011000, "interestExpense": 7692000.0, "depreciationAndAmortization": 23204000, "ebitda": 167529000, "ebitdaratio": 0.267474646196, "operatingIncome": 144325000, "operatingIncomeRatio": 0.230427438308, "totalOtherIncomeExpensesNet": 0.0, "incomeBeforeTax": 136773000, "incomeBeforeTaxRatio": 0.218370012262, "incomeTaxExpense": 24917000, "netIncome": 111827000, "netIncomeRatio": 0.178541549584, "eps": 1.31, "epsdiluted": 1.29, "weightedAverageShsOut": 85427000, "weightedAverageShsOutDil": 86705000, "link": "https://www.sec.gov/Archives/edgar/data/874716/000087471620000018/0000874716-20-000018-index.htm", "finalLink": "https://www.sec.gov/Archives/edgar/data/874716/000087471620000018/idxx2020q110-q.htm"}, {"date": "2019-12-31", "symbol": "IDXX", "fillingDate": "2020-02-14", "acceptedDate": "2020-02-14 17:08:09", "period": "FY", "revenue": 605446000, "costOfRevenue": 274297000, "grossProfit": 331149000, "grossProfitRatio": 0.5469505125147412, "researchAndDevelopmentExpenses": 35160000, "generalAndAdministrativeExpenses": 74664000, "sellingAndMarketingExpenses": 105694000, "otherExpenses": 0.0, "operatingExpenses": 215518000, "costAndExpenses": 489815000, "interestExpense": 7393000.0, "depreciationAndAmortization": 22589000, "ebitda": 138220000, "ebitdaratio": 0.228294513466, "operatingIncome": 115631000, "operatingIncomeRatio": 0.190984827714, "totalOtherIncomeExpensesNet": 0.0, "incomeBeforeTax": 108506000, "incomeBeforeTaxRatio": 0.179216643598, "incomeTaxExpense": 17962000, "netIncome": 90496000, "netIncomeRatio": 0.149469977504, "eps": 1.06, "epsdiluted": 1.04, "weightedAverageShsOut": 86115000, "weightedAverageShsOutDil": 87542000, "link": "https://www.sec.gov/Archives/edgar/data/874716/000087471620000006/0000874716-20-000006-index.htm", "finalLink": "https://www.sec.gov/Archives/edgar/data/874716/000087471620000006/idxx201910k.htm"}, {"date": "2019-09-30", "symbol": "IDXX", "fillingDate": "2019-10-31", "acceptedDate": "2019-10-31 11:59:46", "period": "Q3", "revenue": 605303000, "costOfRevenue": 260353000, "grossProfit": 344950000, "grossProfitRatio": 0.5698798783419213, "researchAndDevelopmentExpenses": 34260000, "generalAndAdministrativeExpenses": 66337000, "sellingAndMarketingExpenses": 104551000, "otherExpenses": 0.0, "operatingExpenses": 205148000, "costAndExpenses": 465501000, "interestExpense": 7090000.0, "depreciationAndAmortization": 22446000, "ebitda": 162248000, "ebitdaratio": 0.268044268738, "operatingIncome": 139802000, "operatingIncomeRatio": 0.230962014066, "totalOtherIncomeExpensesNet": 0.0, "incomeBeforeTax": 184094000, "incomeBeforeTaxRatio": 0.304135284312, "incomeTaxExpense": 23960000, "netIncome": 108837000, "netIncomeRatio": 0.179805816261, "eps": 1.26, "epsdiluted": 1.24, "weightedAverageShsOut": 86206000, "weightedAverageShsOutDil": 87633000, "link": "https://www.sec.gov/Archives/edgar/data/874716/000087471619000036/0000874716-19-000036-index.htm", "finalLink": "https://www.sec.gov/Archives/edgar/data/874716/000087471619000036/idxx2019q310-q.htm"}, {"date": "2019-06-30", "symbol": "IDXX", "fillingDate": "2019-08-01", "acceptedDate": "2019-08-01 15:40:59", "period": "Q2", "revenue": 620103000, "costOfRevenue": 262250000, "grossProfit": 357853000, "grossProfitRatio": 0.5770863872614711, "researchAndDevelopmentExpenses": 32259000, "generalAndAdministrativeExpenses": 59955000, "sellingAndMarketingExpenses": 101364000, "otherExpenses": 0.0, "operatingExpenses": 193578000, "costAndExpenses": 455828000, "interestExpense": 8186000.0, "depreciationAndAmortization": 21621000, "ebitda": 185896000, "ebitdaratio": 0.299782455495, "operatingIncome": 164275000, "operatingIncomeRatio": 0.264915667236, "totalOtherIncomeExpensesNet": 0.0, "incomeBeforeTax": 125133000, "incomeBeforeTaxRatio": 0.20179389553, "incomeTaxExpense": 30421000, "netIncome": 125706000, "netIncomeRatio": 0.202717935569, "eps": 1.46, "epsdiluted": 1.44, "weightedAverageShsOut": 86210000, "weightedAverageShsOutDil": 87594000, "link": "https://www.sec.gov/Archives/edgar/data/874716/000087471619000033/0000874716-19-000033-index.htm", "finalLink": "https://www.sec.gov/Archives/edgar/data/874716/000087471619000033/idxx2019q210-q.htm"}, {"date": "2019-03-31", "symbol": "IDXX", "fillingDate": "2019-05-01", "acceptedDate": "2019-05-01 16:00:09", "period": "Q1", "revenue": 576056000, "costOfRevenue": 244459000, "grossProfit": 331597000, "grossProfitRatio": 0.575633271765245, "researchAndDevelopmentExpenses": 31514000, "generalAndAdministrativeExpenses": 60361000, "sellingAndMarketingExpenses": 106584000, "otherExpenses": 0.0, "operatingExpenses": 198459000, "costAndExpenses": 442918000, "interestExpense": 8386000.0, "depreciationAndAmortization": 21355000, "ebitda": 154493000, "ebitdaratio": 0.26819093977, "operatingIncome": 133138000, "operatingIncomeRatio": 0.231119891122, "totalOtherIncomeExpensesNet": 0.0, "incomeBeforeTax": 104485000, "incomeBeforeTaxRatio": 0.181379935284, "incomeTaxExpense": 22083000, "netIncome": 102681000, "netIncomeRatio": 0.178248295305, "eps": 1.19, "epsdiluted": 1.17, "weightedAverageShsOut": 86204000, "weightedAverageShsOutDil": 87549000, "link": "https://www.sec.gov/Archives/edgar/data/874716/000087471619000017/0000874716-19-000017-index.htm", "finalLink": "https://www.sec.gov/Archives/edgar/data/874716/000087471619000017/idxx2019q110-q.htm"}, {"date": "2018-12-31", "symbol": "IDXX", "fillingDate": "2019-02-15", "acceptedDate": "2019-02-15 15:13:08", "period": "FY", "revenue": 549386000, "costOfRevenue": 249025000, "grossProfit": 300361000, "grossProfitRatio": 0.5467212488123104, "researchAndDevelopmentExpenses": 30138000, "generalAndAdministrativeExpenses": 58972000, "sellingAndMarketingExpenses": 95904000, "otherExpenses": 0.0, "operatingExpenses": 185014000, "costAndExpenses": 434039000, "interestExpense": 8560000.0, "depreciationAndAmortization": 20599000, "ebitda": 135946000, "ebitdaratio": 0.247450790519, "operatingIncome": 115347000, "operatingIncomeRatio": 0.209956205655, "totalOtherIncomeExpensesNet": 0.0, "incomeBeforeTax": 86073000, "incomeBeforeTaxRatio": 0.15667126574, "incomeTaxExpense": 21368000, "netIncome": 85638000, "netIncomeRatio": 0.15587947272, "eps": 0.99, "epsdiluted": 0.97, "weightedAverageShsOut": 86864000, "weightedAverageShsOutDil": 88470000, "link": "https://www.sec.gov/Archives/edgar/data/874716/000087471619000004/0000874716-19-000004-index.htm", "finalLink": "https://www.sec.gov/Archives/edgar/data/874716/000087471619000004/idxx201810k.htm"}, {"date": "2018-09-30", "symbol": "IDXX", "fillingDate": "2018-11-01", "acceptedDate": "2018-11-01 14:31:21", "period": "Q3", "revenue": 545448000, "costOfRevenue": 239805000, "grossProfit": 305643000, "grossProfitRatio": 0.5603522242266907, "researchAndDevelopmentExpenses": 29192000, "generalAndAdministrativeExpenses": 63955000, "sellingAndMarketingExpenses": 95146000, "otherExpenses": 0.0, "operatingExpenses": 188293000, "costAndExpenses": 428098000, "interestExpense": 8453000.0, "depreciationAndAmortization": 20878000, "ebitda": 138228000, "ebitdaratio": 0.253421041052, "operatingIncome": 117350000, "operatingIncomeRatio": 0.215144248398, "totalOtherIncomeExpensesNet": 0.0, "incomeBeforeTax": 43995000, "incomeBeforeTaxRatio": 0.0806584679016, "incomeTaxExpense": 15825000, "netIncome": 93251000, "netIncomeRatio": 0.170962218213, "eps": 1.08, "epsdiluted": 1.06, "weightedAverageShsOut": 87029000, "weightedAverageShsOutDil": 88687000, "link": "https://www.sec.gov/Archives/edgar/data/874716/000087471618000015/0000874716-18-000015-index.htm", "finalLink": "https://www.sec.gov/Archives/edgar/data/874716/000087471618000015/idxx2018q310-q.htm"}, {"date": "2018-06-30", "symbol": "IDXX", "fillingDate": "2018-08-01", "acceptedDate": "2018-08-01 14:43:56", "period": "Q2", "revenue": 580752000, "costOfRevenue": 248313000, "grossProfit": 332439000, "grossProfitRatio": 0.5724285064881395, "researchAndDevelopmentExpenses": 29510000, "generalAndAdministrativeExpenses": 61080000, "sellingAndMarketingExpenses": 96255000, "otherExpenses": 0.0, "operatingExpenses": 186845000, "costAndExpenses": 435158000, "interestExpense": 8457000.0, "depreciationAndAmortization": 20892000, "ebitda": 166486000, "ebitdaratio": 0.286673141031, "operatingIncome": 145594000, "operatingIncomeRatio": 0.250699093589, "totalOtherIncomeExpensesNet": 0.0, "incomeBeforeTax": 137309000, "incomeBeforeTaxRatio": 0.236433107419, "incomeTaxExpense": 28629000, "netIncome": 108691000, "netIncomeRatio": 0.187155618922, "eps": 1.25, "epsdiluted": 1.22, "weightedAverageShsOut": 87166000, "weightedAverageShsOutDil": 88786000, "link": "https://www.sec.gov/Archives/edgar/data/874716/000087471618000012/0000874716-18-000012-index.htm", "finalLink": "https://www.sec.gov/Archives/edgar/data/874716/000087471618000012/idxx2018q210-q.htm"}, {"date": "2018-03-31", "symbol": "IDXX", "fillingDate": "2018-05-04", "acceptedDate": "2018-05-04 13:42:33", "period": "Q1", "revenue": 537656000, "costOfRevenue": 234557000, "grossProfit": 303099000, "grossProfitRatio": 0.5637415001413543, "researchAndDevelopmentExpenses": 29023000, "generalAndAdministrativeExpenses": 60931000, "sellingAndMarketingExpenses": 100101000, "otherExpenses": 0.0, "operatingExpenses": 190055000, "costAndExpenses": 424612000, "interestExpense": 9274000.0, "depreciationAndAmortization": 20804000, "ebitda": 133848000, "ebitdaratio": 0.248947282277, "operatingIncome": 113044000, "operatingIncomeRatio": 0.210253396224, "totalOtherIncomeExpensesNet": 0.0, "incomeBeforeTax": 104349000, "incomeBeforeTaxRatio": 0.194081345693, "incomeTaxExpense": 14873000, "netIncome": 89451000, "netIncomeRatio": 0.166372178493, "eps": 1.02, "epsdiluted": 1.01, "weightedAverageShsOut": 87331000, "weightedAverageShsOutDil": 88944000, "link": "https://www.sec.gov/Archives/edgar/data/874716/000087471618000008/0000874716-18-000008-index.htm", "finalLink": "https://www.sec.gov/Archives/edgar/data/874716/000087471618000008/idxx-20180331x10q.htm"}, {"date": "2017-12-31", "symbol": "IDXX", "fillingDate": "2018-02-16", "acceptedDate": "2018-02-16 14:51:54", "period": "FY", "revenue": 506121000, "costOfRevenue": 233647000, "grossProfit": 272474000, "grossProfitRatio": 0.5383574283619925, "researchAndDevelopmentExpenses": 28809000, "generalAndAdministrativeExpenses": 55318000, "sellingAndMarketingExpenses": 90539000, "otherExpenses": 0.0, "operatingExpenses": 174666000, "costAndExpenses": 408313000, "interestExpense": 9717000.0, "depreciationAndAmortization": 21558000, "ebitda": 119366000, "ebitdaratio": 0.235844788104, "operatingIncome": 97808000, "operatingIncomeRatio": 0.193250230676, "totalOtherIncomeExpensesNet": 0.0, "incomeBeforeTax": 89686000, "incomeBeforeTaxRatio": 0.177202684733, "incomeTaxExpense": 51396000, "netIncome": 38257000, "netIncomeRatio": 0.0755886438223, "eps": 0.44, "epsdiluted": 0.43, "weightedAverageShsOut": 87769000, "weightedAverageShsOutDil": 89567000, "link": "https://www.sec.gov/Archives/edgar/data/874716/000087471618000005/0000874716-18-000005-index.htm", "finalLink": "https://www.sec.gov/Archives/edgar/data/874716/000087471618000005/idxx-20171231x10k.htm"}, {"date": "2017-09-30", "symbol": "IDXX", "fillingDate": "2017-10-31", "acceptedDate": "2017-10-31 15:05:42", "period": "Q3", "revenue": 491976000, "costOfRevenue": 217974000, "grossProfit": 274002000, "grossProfitRatio": 0.5569418020391239, "researchAndDevelopmentExpenses": 27585000, "generalAndAdministrativeExpenses": 57186000, "sellingAndMarketingExpenses": 88818000, "otherExpenses": 0.0, "operatingExpenses": 173589000, "costAndExpenses": 391563000, "interestExpense": 9764000.0, "depreciationAndAmortization": 20727000, "ebitda": 121140000, "ebitdaratio": 0.246231523489, "operatingIncome": 100413000, "operatingIncomeRatio": 0.204101419581, "totalOtherIncomeExpensesNet": 0.0, "incomeBeforeTax": 92049000, "incomeBeforeTaxRatio": 0.187100590273, "incomeTaxExpense": 21535000, "netIncome": 70511000, "netIncomeRatio": 0.143322031969, "eps": 0.81, "epsdiluted": 0.79, "weightedAverageShsOut": 87884000, "weightedAverageShsOutDil": 89735000, "link": "https://www.sec.gov/Archives/edgar/data/874716/000087471617000016/0000874716-17-000016-index.htm", "finalLink": "https://www.sec.gov/Archives/edgar/data/874716/000087471617000016/idxx-20170930x10q.htm"}, {"date": "2017-06-30", "symbol": "IDXX", "fillingDate": "2017-08-01", "acceptedDate": "2017-08-01 15:31:46", "period": "Q2", "revenue": 508940000, "costOfRevenue": 216225000, "grossProfit": 292715000, "grossProfitRatio": 0.5751463826777223, "researchAndDevelopmentExpenses": 26998000, "generalAndAdministrativeExpenses": 55460000, "sellingAndMarketingExpenses": 87693000, "otherExpenses": 0.0, "operatingExpenses": 170151000, "costAndExpenses": 386376000, "interestExpense": 9155000.0, "depreciationAndAmortization": 20586000, "ebitda": 143150000, "ebitdaratio": 0.281270876724, "operatingIncome": 122564000, "operatingIncomeRatio": 0.240822100837, "totalOtherIncomeExpensesNet": 0.0, "incomeBeforeTax": 114585000, "incomeBeforeTaxRatio": 0.22514441781, "incomeTaxExpense": 29178000, "netIncome": 85357000, "netIncomeRatio": 0.167715251307, "eps": 0.97, "epsdiluted": 0.95, "weightedAverageShsOut": 88060000, "weightedAverageShsOutDil": 89962000, "link": "https://www.sec.gov/Archives/edgar/data/874716/000087471617000011/0000874716-17-000011-index.htm", "finalLink": "https://www.sec.gov/Archives/edgar/data/874716/000087471617000011/c716-20170630x10q.htm"}, {"date": "2017-03-31", "symbol": "IDXX", "fillingDate": "2017-04-28", "acceptedDate": "2017-04-28 11:20:18", "period": "Q1", "revenue": 462021000, "costOfRevenue": 203830000, "grossProfit": 258191000, "grossProfitRatio": 0.5588295770105688, "researchAndDevelopmentExpenses": 25790000, "generalAndAdministrativeExpenses": 52914000, "sellingAndMarketingExpenses": 87244000, "otherExpenses": 0.0, "operatingExpenses": 165948000, "costAndExpenses": 369778000, "interestExpense": 8589000.0, "depreciationAndAmortization": 20307000, "ebitda": 112550000, "ebitdaratio": 0.243603645722, "operatingIncome": 92243000, "operatingIncomeRatio": 0.19965109811, "totalOtherIncomeExpensesNet": 0.0, "incomeBeforeTax": 84737000, "incomeBeforeTaxRatio": 0.183405083319, "incomeTaxExpense": 15679000, "netIncome": 69019000, "netIncomeRatio": 0.149384984665, "eps": 0.78, "epsdiluted": 0.77, "weightedAverageShsOut": 88117000, "weightedAverageShsOutDil": 89994000, "link": "https://www.sec.gov/Archives/edgar/data/874716/000087471617000007/0000874716-17-000007-index.htm", "finalLink": "https://www.sec.gov/Archives/edgar/data/874716/000087471617000007/c716-20170331x10q.htm"}, {"date": "2016-12-31", "symbol": "IDXX", "fillingDate": "2017-02-17", "acceptedDate": "2017-02-17 16:43:46", "period": "FY", "revenue": 442996000, "costOfRevenue": 202370000, "grossProfit": 240626000, "grossProfitRatio": 0.5431787194466767, "researchAndDevelopmentExpenses": 25418000, "generalAndAdministrativeExpenses": 50778000, "sellingAndMarketingExpenses": 80605000, "otherExpenses": 0.0, "operatingExpenses": 156801000, "costAndExpenses": 359171000, "interestExpense": 7755000.0, "depreciationAndAmortization": 20357000, "ebitda": 104182000, "ebitdaratio": 0.235175938383, "operatingIncome": 83825000, "operatingIncomeRatio": 0.189222927521, "totalOtherIncomeExpensesNet": 0.0, "incomeBeforeTax": 77127000, "incomeBeforeTaxRatio": 0.174103152173, "incomeTaxExpense": 24756000, "netIncome": 52369000, "netIncomeRatio": 0.118215514361, "eps": 0.58, "epsdiluted": 0.57, "weightedAverageShsOut": 89732000, "weightedAverageShsOutDil": 90884000, "link": "https://www.sec.gov/Archives/edgar/data/874716/000087471617000004/0000874716-17-000004-index.htm", "finalLink": "https://www.sec.gov/Archives/edgar/data/874716/000087471617000004/c716-20161231x10k.htm"}, {"date": "2016-09-30", "symbol": "IDXX", "fillingDate": "2016-11-01", "acceptedDate": "2016-11-01 14:10:56", "period": "Q3", "revenue": 448308000, "costOfRevenue": 201578000, "grossProfit": 246730000, "grossProfitRatio": 0.5503582358557063, "researchAndDevelopmentExpenses": 25672000, "generalAndAdministrativeExpenses": 52627000, "sellingAndMarketingExpenses": 79972000, "otherExpenses": 0.0, "operatingExpenses": 158271000, "costAndExpenses": 359849000, "interestExpense": 7786000.0, "depreciationAndAmortization": 20494000, "ebitda": 108953000, "ebitdaratio": 0.243031576505, "operatingIncome": 88459000, "operatingIncomeRatio": 0.19731746924, "totalOtherIncomeExpensesNet": 0.0, "incomeBeforeTax": 81524000, "incomeBeforeTaxRatio": 0.181848193653, "incomeTaxExpense": 25072000, "netIncome": 56455000, "netIncomeRatio": 0.125929048779, "eps": 0.63, "epsdiluted": 0.62, "weightedAverageShsOut": 89881000, "weightedAverageShsOutDil": 90960000, "link": "https://www.sec.gov/Archives/edgar/data/874716/000087471616000034/0000874716-16-000034-index.htm", "finalLink": "https://www.sec.gov/Archives/edgar/data/874716/000087471616000034/c716-20160930x10q.htm"}, {"date": "2016-06-30", "symbol": "IDXX", "fillingDate": "2016-08-02", "acceptedDate": "2016-08-02 15:21:01", "period": "Q2", "revenue": 466569000, "costOfRevenue": 206026000, "grossProfit": 260543000, "grossProfitRatio": 0.5584232985903478, "researchAndDevelopmentExpenses": 25412000, "generalAndAdministrativeExpenses": 54317000, "sellingAndMarketingExpenses": 76652000, "otherExpenses": 0.0, "operatingExpenses": 156381000, "costAndExpenses": 362407000, "interestExpense": 8204000.0, "depreciationAndAmortization": 19664000, "ebitda": 123826000, "ebitdaratio": 0.265396972366, "operatingIncome": 104162000, "operatingIncomeRatio": 0.223251008961, "totalOtherIncomeExpensesNet": 0.0, "incomeBeforeTax": 96886000, "incomeBeforeTaxRatio": 0.207656316643, "incomeTaxExpense": 29680000, "netIncome": 67202000, "netIncomeRatio": 0.144034430063, "eps": 0.75, "epsdiluted": 0.74, "weightedAverageShsOut": 89874000, "weightedAverageShsOutDil": 90858000, "link": "https://www.sec.gov/Archives/edgar/data/874716/000087471616000030/0000874716-16-000030-index.htm", "finalLink": "https://www.sec.gov/Archives/edgar/data/874716/000087471616000030/c716-20160630x10q.htm"}, {"date": "2016-03-31", "symbol": "IDXX", "fillingDate": "2016-04-29", "acceptedDate": "2016-04-29 14:14:06", "period": "Q1", "revenue": 417550000, "costOfRevenue": 190013000, "grossProfit": 227537000, "grossProfitRatio": 0.5449335408933061, "researchAndDevelopmentExpenses": 24620000, "generalAndAdministrativeExpenses": 49295000, "sellingAndMarketingExpenses": 79829000, "otherExpenses": 0.0, "operatingExpenses": 153744000, "costAndExpenses": 343757000, "interestExpense": 8304000.0, "depreciationAndAmortization": 18546000, "ebitda": 92339000, "ebitdaratio": 0.221144773081, "operatingIncome": 73793000, "operatingIncomeRatio": 0.176728535505, "totalOtherIncomeExpensesNet": 0.0, "incomeBeforeTax": 66309000, "incomeBeforeTaxRatio": 0.158804933541, "incomeTaxExpense": 20284000, "netIncome": 46019000, "netIncomeRatio": 0.110211950665, "eps": 0.51, "epsdiluted": 0.51, "weightedAverageShsOut": 89924000, "weightedAverageShsOutDil": 90838000, "link": "https://www.sec.gov/Archives/edgar/data/874716/000087471616000026/0000874716-16-000026-index.htm", "finalLink": "https://www.sec.gov/Archives/edgar/data/874716/000087471616000026/c716-20160331x10q.htm"}, {"date": "2015-12-31", "symbol": "IDXX", "fillingDate": "2016-02-17", "acceptedDate": "2016-02-16 18:24:34", "period": "FY", "revenue": 399685000, "costOfRevenue": 181990000, "grossProfit": 217695000, "grossProfitRatio": 0.5446664248095375, "researchAndDevelopmentExpenses": 25496000, "generalAndAdministrativeExpenses": 48793000, "sellingAndMarketingExpenses": 76495000, "otherExpenses": 0.0, "operatingExpenses": 150784000, "costAndExpenses": 332774000, "interestExpense": 7926000.0, "depreciationAndAmortization": 18194000, "ebitda": 85105000, "ebitdaratio": 0.212930182519, "operatingIncome": 66911000, "operatingIncomeRatio": 0.167409334851, "totalOtherIncomeExpensesNet": 0.0, "incomeBeforeTax": 59785000, "incomeBeforeTaxRatio": 0.149580294482, "incomeTaxExpense": 15395000, "netIncome": 44349000, "netIncomeRatio": 0.110959880906, "eps": 0.48, "epsdiluted": 0.48, "weightedAverageShsOut": 92601000, "weightedAverageShsOutDil": 93649000, "link": "https://www.sec.gov/Archives/edgar/data/874716/000087471616000020/0000874716-16-000020-index.htm", "finalLink": "https://www.sec.gov/Archives/edgar/data/874716/000087471616000020/c716-20151231x10k.htm"}, {"date": "2015-09-30", "symbol": "IDXX", "fillingDate": "2015-10-28", "acceptedDate": "2015-10-28 15:28:37", "period": "Q3", "revenue": 406387000, "costOfRevenue": 182113000, "grossProfit": 224274000, "grossProfitRatio": 0.5518729683774334, "researchAndDevelopmentExpenses": 24862000, "generalAndAdministrativeExpenses": 46198000, "sellingAndMarketingExpenses": 73107000, "otherExpenses": 0.0, "operatingExpenses": 144167000, "costAndExpenses": 326280000, "interestExpense": 7750000.0, "depreciationAndAmortization": 19250000, "ebitda": 91145000, "ebitdaratio": 0.224281288525, "operatingIncome": 71895000, "operatingIncomeRatio": 0.176912647304, "totalOtherIncomeExpensesNet": 0.0, "incomeBeforeTax": 64829000, "incomeBeforeTaxRatio": 0.15952528009, "incomeTaxExpense": 20600000, "netIncome": 44223000, "netIncomeRatio": 0.10881991796, "eps": 0.49, "epsdiluted": 0.48, "weightedAverageShsOut": 93194000, "weightedAverageShsOutDil": 94262000, "link": "https://www.sec.gov/Archives/edgar/data/874716/000087471615000015/0000874716-15-000015-index.htm", "finalLink": "https://www.sec.gov/Archives/edgar/data/874716/000087471615000015/c716-20150930x10q.htm"}, {"date": "2015-06-30", "symbol": "IDXX", "fillingDate": "2015-07-30", "acceptedDate": "2015-07-30 13:43:41", "period": "Q2", "revenue": 413343000, "costOfRevenue": 180586000, "grossProfit": 232757000, "grossProfitRatio": 0.5631086047181154, "researchAndDevelopmentExpenses": 24317000, "generalAndAdministrativeExpenses": 44920000, "sellingAndMarketingExpenses": 75217000, "otherExpenses": 0.0, "operatingExpenses": 144454000, "costAndExpenses": 325040000, "interestExpense": 7259000.0, "depreciationAndAmortization": 16699000, "ebitda": 105002000, "ebitdaratio": 0.254031155723, "operatingIncome": 88303000, "operatingIncomeRatio": 0.213631294107, "totalOtherIncomeExpensesNet": 0.0, "incomeBeforeTax": 81603000, "incomeBeforeTaxRatio": 0.197421995776, "incomeTaxExpense": 24665000, "netIncome": 56912000, "netIncomeRatio": 0.137687102479, "eps": 0.11, "epsdiluted": 0.11, "weightedAverageShsOut": 93829000, "weightedAverageShsOutDil": 94934000, "link": "https://www.sec.gov/Archives/edgar/data/874716/000087471615000012/0000874716-15-000012-index.htm", "finalLink": "https://www.sec.gov/Archives/edgar/data/874716/000087471615000012/c716-20150630x10q.htm"}, {"date": "2015-03-31", "symbol": "IDXX", "fillingDate": "2015-04-28", "acceptedDate": "2015-04-28 16:11:20", "period": "Q1", "revenue": 382477000, "costOfRevenue": 166933000, "grossProfit": 215544000, "grossProfitRatio": 0.5635476120132714, "researchAndDevelopmentExpenses": 25006000, "generalAndAdministrativeExpenses": 42599000, "sellingAndMarketingExpenses": 75136000, "otherExpenses": 0.0, "operatingExpenses": 142741000, "costAndExpenses": 309674000, "interestExpense": 6304000.0, "depreciationAndAmortization": 16245000, "ebitda": 89048000, "ebitdaratio": 0.232819228346, "operatingIncome": 72803000, "operatingIncomeRatio": 0.19034608617, "totalOtherIncomeExpensesNet": 0.0, "incomeBeforeTax": 66924000, "incomeBeforeTaxRatio": 0.174975227269, "incomeTaxExpense": 20346000, "netIncome": 46594000, "netIncomeRatio": 0.121821704312, "eps": 0.99, "epsdiluted": 0.98, "weightedAverageShsOut": 47140000, "weightedAverageShsOutDil": 47761000, "link": "https://www.sec.gov/Archives/edgar/data/874716/000087471615000009/0000874716-15-000009-index.htm", "finalLink": "https://www.sec.gov/Archives/edgar/data/874716/000087471615000009/c716-20150331x10q.htm"}, {"date": "2014-12-31", "symbol": "IDXX", "fillingDate": "2015-02-17", "acceptedDate": "2015-02-17 15:17:44", "period": "FY", "revenue": 351959000, "costOfRevenue": 169794000, "grossProfit": 182165000, "grossProfitRatio": 0.5175744902105075, "researchAndDevelopmentExpenses": 24869000, "generalAndAdministrativeExpenses": 45257000, "sellingAndMarketingExpenses": 77238000, "otherExpenses": 0.0, "operatingExpenses": 147364000, "costAndExpenses": 317158000, "interestExpense": 5396000.0, "depreciationAndAmortization": 15278000, "ebitda": 50079000, "ebitdaratio": 0.142286459502, "operatingIncome": 34801000, "operatingIncomeRatio": 0.0988779943118, "totalOtherIncomeExpensesNet": 0.0, "incomeBeforeTax": 29862000, "incomeBeforeTaxRatio": 0.0848451097997, "incomeTaxExpense": 3911000.0, "netIncome": 25961000, "netIncomeRatio": 0.0737614324396, "eps": 0.56, "epsdiluted": 0.55, "weightedAverageShsOut": 50047000, "weightedAverageShsOutDil": 50751000, "link": "https://www.sec.gov/Archives/edgar/data/874716/000087471615000003/0000874716-15-000003-index.htm", "finalLink": "https://www.sec.gov/Archives/edgar/data/874716/000087471615000003/c716-20141231x10k.htm"}, {"date": "2014-09-30", "symbol": "IDXX", "fillingDate": "2014-10-24", "acceptedDate": "2014-10-24 16:30:33", "period": "Q3", "revenue": 383523000, "costOfRevenue": 170187000, "grossProfit": 213336000, "grossProfitRatio": 0.5562534711086428, "researchAndDevelopmentExpenses": 24847000, "generalAndAdministrativeExpenses": 45698000, "sellingAndMarketingExpenses": 70602000, "otherExpenses": 0.0, "operatingExpenses": 141147000, "costAndExpenses": 311334000, "interestExpense": 4294000.0, "depreciationAndAmortization": 15521000, "ebitda": 87710000, "ebitdaratio": 0.228695541076, "operatingIncome": 72189000, "operatingIncomeRatio": 0.188225999484, "totalOtherIncomeExpensesNet": 0.0, "incomeBeforeTax": 68208000, "incomeBeforeTaxRatio": 0.177845917976, "incomeTaxExpense": 16045000, "netIncome": 52142000, "netIncomeRatio": 0.135955340358, "eps": 1.05, "epsdiluted": 1.04, "weightedAverageShsOut": 50821000, "weightedAverageShsOutDil": 51522000, "link": "https://www.sec.gov/Archives/edgar/data/874716/000087471614000011/0000874716-14-000011-index.htm", "finalLink": "https://www.sec.gov/Archives/edgar/data/874716/000087471614000011/idxx-20140930x10q.htm"}, {"date": "2014-06-30", "symbol": "IDXX", "fillingDate": "2014-07-25", "acceptedDate": "2014-07-25 15:53:25", "period": "Q2", "revenue": 390122000, "costOfRevenue": 171604000, "grossProfit": 218518000, "grossProfitRatio": 0.5601273447793255, "researchAndDevelopmentExpenses": 25433000, "generalAndAdministrativeExpenses": 41846000, "sellingAndMarketingExpenses": 68020000, "otherExpenses": 0.0, "operatingExpenses": 135299000, "costAndExpenses": 306903000, "interestExpense": 2965000.0, "depreciationAndAmortization": 14695000, "ebitda": 97914000, "ebitdaratio": 0.250983025823, "operatingIncome": 83219000, "operatingIncomeRatio": 0.213315321874, "totalOtherIncomeExpensesNet": 0.0, "incomeBeforeTax": 80742000, "incomeBeforeTaxRatio": 0.206966026012, "incomeTaxExpense": 23498000, "netIncome": 57218000, "netIncomeRatio": 0.146666940085, "eps": 1.12, "epsdiluted": 1.1, "weightedAverageShsOut": 51369000, "weightedAverageShsOutDil": 52080000, "link": "https://www.sec.gov/Archives/edgar/data/874716/000156276214000179/0001562762-14-000179-index.htm", "finalLink": "https://www.sec.gov/Archives/edgar/data/874716/000156276214000179/idxx-20140630x10q.htm"}, {"date": "2014-03-31", "symbol": "IDXX", "fillingDate": "2014-04-25", "acceptedDate": "2014-04-25 16:04:07", "period": "Q1", "revenue": 360203000, "costOfRevenue": 158106000, "grossProfit": 202097000, "grossProfitRatio": 0.5610641776997971, "researchAndDevelopmentExpenses": 23114000, "generalAndAdministrativeExpenses": 41089000, "sellingAndMarketingExpenses": 67848000, "otherExpenses": 0.0, "operatingExpenses": 132051000, "costAndExpenses": 290157000, "interestExpense": 2774000.0, "depreciationAndAmortization": 13394000, "ebitda": 83440000, "ebitdaratio": 0.231647154521, "operatingIncome": 70046000, "operatingIncomeRatio": 0.194462566941, "totalOtherIncomeExpensesNet": 0.0, "incomeBeforeTax": 67743000, "incomeBeforeTaxRatio": 0.188068950009, "incomeTaxExpense": 21150000, "netIncome": 46585000, "netIncomeRatio": 0.129329850112, "eps": 0.9, "epsdiluted": 0.89, "weightedAverageShsOut": 51617000, "weightedAverageShsOutDil": 52338000, "link": "https://www.sec.gov/Archives/edgar/data/874716/000087471614000007/0000874716-14-000007-index.htm", "finalLink": "https://www.sec.gov/Archives/edgar/data/874716/000087471614000007/idxx-20140331x10q.htm"}, {"date": "2013-12-31", "symbol": "IDXX", "fillingDate": "2014-02-18", "acceptedDate": "2014-02-18 16:47:35", "period": "FY", "revenue": 354073000, "costOfRevenue": 165408000, "grossProfit": 188665000, "grossProfitRatio": 0.5328420975335595, "researchAndDevelopmentExpenses": 22496000, "generalAndAdministrativeExpenses": 40990000, "sellingAndMarketingExpenses": 63851000, "otherExpenses": 0.0, "operatingExpenses": 127337000, "costAndExpenses": 292745000, "interestExpense": 1909000.0, "depreciationAndAmortization": 13466000, "ebitda": 74794000, "ebitdaratio": 0.211238925306, "operatingIncome": 61328000, "operatingIncomeRatio": 0.17320721998, "totalOtherIncomeExpensesNet": 0.0, "incomeBeforeTax": 59959000, "incomeBeforeTaxRatio": 0.169340785657, "incomeTaxExpense": 16722000, "netIncome": 43258000, "netIncomeRatio": 0.122172546339, "eps": 0.83, "epsdiluted": 0.82, "weightedAverageShsOut": 53159000, "weightedAverageShsOutDil": 53985000, "link": "https://www.sec.gov/Archives/edgar/data/874716/000087471614000004/0000874716-14-000004-index.htm", "finalLink": "https://www.sec.gov/Archives/edgar/data/874716/000087471614000004/c716-20131231x10k.htm"}, {"date": "2013-09-30", "symbol": "IDXX", "fillingDate": "2013-10-22", "acceptedDate": "2013-10-22 17:14:08", "period": "Q3", "revenue": 338297000, "costOfRevenue": 152514000, "grossProfit": 185783000, "grossProfitRatio": 0.5491712903159058, "researchAndDevelopmentExpenses": 21568000, "generalAndAdministrativeExpenses": 36383000, "sellingAndMarketingExpenses": 62347000, "otherExpenses": 0.0, "operatingExpenses": 120298000, "costAndExpenses": 272812000, "interestExpense": 1463000.0, "depreciationAndAmortization": 13773000, "ebitda": 79258000, "ebitdaratio": 0.23428525822, "operatingIncome": 65485000, "operatingIncomeRatio": 0.193572511728, "totalOtherIncomeExpensesNet": 0.0, "incomeBeforeTax": 64478000, "incomeBeforeTaxRatio": 0.190595837385, "incomeTaxExpense": 18786000, "netIncome": 45688000, "netIncomeRatio": 0.135052926866, "eps": 0.87, "epsdiluted": 0.86, "weightedAverageShsOut": 53562000, "weightedAverageShsOutDil": 54391000, "link": "https://www.sec.gov/Archives/edgar/data/874716/000087471613000017/0000874716-13-000017-index.htm", "finalLink": "https://www.sec.gov/Archives/edgar/data/874716/000087471613000017/c716-20130930x10q.htm"}, {"date": "2013-06-30", "symbol": "IDXX", "fillingDate": "2013-07-23", "acceptedDate": "2013-07-23 16:05:46", "period": "Q2", "revenue": 352582000, "costOfRevenue": 154886000, "grossProfit": 197696000, "grossProfitRatio": 0.5607092818124578, "researchAndDevelopmentExpenses": 22181000, "generalAndAdministrativeExpenses": 38857000, "sellingAndMarketingExpenses": 57897000, "otherExpenses": 0.0, "operatingExpenses": 118935000, "costAndExpenses": 273821000, "interestExpense": 1179000.0, "depreciationAndAmortization": 13844000, "ebitda": 92605000, "ebitdaratio": 0.262648121572, "operatingIncome": 78761000, "operatingIncomeRatio": 0.223383496605, "totalOtherIncomeExpensesNet": 0.0, "incomeBeforeTax": 78027000, "incomeBeforeTaxRatio": 0.221301711375, "incomeTaxExpense": 24029000, "netIncome": 53994000, "netIncomeRatio": 0.153138844297, "eps": 1.01, "epsdiluted": 0.99, "weightedAverageShsOut": 54125000, "weightedAverageShsOutDil": 54955000, "link": "https://www.sec.gov/Archives/edgar/data/874716/000087471613000014/0000874716-13-000014-index.htm", "finalLink": "https://www.sec.gov/Archives/edgar/data/874716/000087471613000014/c716-20130630x10q.htm"}, {"date": "2013-03-31", "symbol": "IDXX", "fillingDate": "2013-04-23", "acceptedDate": "2013-04-23 15:25:16", "period": "Q1", "revenue": 332106000, "costOfRevenue": 148132000, "grossProfit": 183974000, "grossProfitRatio": 0.553961686931281, "researchAndDevelopmentExpenses": 21758000, "generalAndAdministrativeExpenses": 41631000, "sellingAndMarketingExpenses": 59397000, "otherExpenses": 0.0, "operatingExpenses": 122786000, "costAndExpenses": 270918000, "interestExpense": 835000.0, "depreciationAndAmortization": 13513000, "ebitda": 74701000, "ebitdaratio": 0.224931196666, "operatingIncome": 61188000, "operatingIncomeRatio": 0.184242380445, "totalOtherIncomeExpensesNet": 0.0, "incomeBeforeTax": 60797000, "incomeBeforeTaxRatio": 0.183065045498, "incomeTaxExpense": 15930000, "netIncome": 44860000, "netIncomeRatio": 0.13507735482, "eps": 0.82, "epsdiluted": 0.81, "weightedAverageShsOut": 54588000, "weightedAverageShsOutDil": 55490000, "link": "https://www.sec.gov/Archives/edgar/data/874716/000087471613000010/0000874716-13-000010-index.htm", "finalLink": "https://www.sec.gov/Archives/edgar/data/874716/000087471613000010/c716-20130331x10q.htm"}, {"date": "2012-12-31", "symbol": "IDXX", "fillingDate": "2013-02-19", "acceptedDate": "2013-02-19 16:52:21", "period": "FY", "revenue": 319538000, "costOfRevenue": 150488000, "grossProfit": 169050000, "grossProfitRatio": 0.5290450588036477, "researchAndDevelopmentExpenses": 21050000, "generalAndAdministrativeExpenses": 31849000, "sellingAndMarketingExpenses": 52724000, "otherExpenses": 0.0, "operatingExpenses": 105623000, "costAndExpenses": 256111000, "interestExpense": 856000.0, "depreciationAndAmortization": 13918000, "ebitda": 77345000, "ebitdaratio": 0.242052588425, "operatingIncome": 63427000, "operatingIncomeRatio": 0.198495953533, "totalOtherIncomeExpensesNet": 0.0, "incomeBeforeTax": 63084000, "incomeBeforeTaxRatio": 0.197422528776, "incomeTaxExpense": 19724000, "netIncome": 43354000, "netIncomeRatio": 0.135677133862, "eps": 0.79, "epsdiluted": 0.77, "weightedAverageShsOut": 54985000, "weightedAverageShsOutDil": 56155000, "link": "https://www.sec.gov/Archives/edgar/data/874716/000087471613000005/0000874716-13-000005-index.htm", "finalLink": "https://www.sec.gov/Archives/edgar/data/874716/000087471613000005/c716-20121231x10k.htm"}, {"date": "2012-09-30", "symbol": "IDXX", "fillingDate": "2012-10-19", "acceptedDate": "2012-10-19 12:26:59", "period": "Q3", "revenue": 315475000, "costOfRevenue": 144840000, "grossProfit": 170635000, "grossProfitRatio": 0.540882795784135, "researchAndDevelopmentExpenses": 20349000, "generalAndAdministrativeExpenses": 35307000, "sellingAndMarketingExpenses": 52067000, "otherExpenses": 0.0, "operatingExpenses": 107723000, "costAndExpenses": 252563000, "interestExpense": 873000.0, "depreciationAndAmortization": 12799000, "ebitda": 75711000, "ebitdaratio": 0.23999049053, "operatingIncome": 62912000, "operatingIncomeRatio": 0.199419922339, "totalOtherIncomeExpensesNet": 0.0, "incomeBeforeTax": 62512000, "incomeBeforeTaxRatio": 0.198151993026, "incomeTaxExpense": 19639000, "netIncome": 42853000, "netIncomeRatio": 0.135836437119, "eps": 0.78, "epsdiluted": 0.77, "weightedAverageShsOut": 55074000, "weightedAverageShsOutDil": 56270000, "link": "https://www.sec.gov/Archives/edgar/data/874716/000087471612000016/0000874716-12-000016-index.htm", "finalLink": "https://www.sec.gov/Archives/edgar/data/874716/000087471612000016/c716-20120930x10q.htm"}, {"date": "2012-06-30", "symbol": "IDXX", "fillingDate": "2012-07-20", "acceptedDate": "2012-07-20 11:48:54", "period": "Q2", "revenue": 335649000, "costOfRevenue": 150960000, "grossProfit": 184689000, "grossProfitRatio": 0.5502444517933913, "researchAndDevelopmentExpenses": 20058000, "generalAndAdministrativeExpenses": 34275000, "sellingAndMarketingExpenses": 54539000, "otherExpenses": 0.0, "operatingExpenses": 108872000, "costAndExpenses": 259832000, "interestExpense": 926000.0, "depreciationAndAmortization": 12986000, "ebitda": 88803000, "ebitdaratio": 0.264571025089, "operatingIncome": 75817000, "operatingIncomeRatio": 0.225881799141, "totalOtherIncomeExpensesNet": 0.0, "incomeBeforeTax": 75371000, "incomeBeforeTaxRatio": 0.2245530301, "incomeTaxExpense": 24051000, "netIncome": 51317000, "netIncomeRatio": 0.152888880944, "eps": 0.93, "epsdiluted": 0.91, "weightedAverageShsOut": 55143000, "weightedAverageShsOutDil": 56345000, "link": "https://www.sec.gov/Archives/edgar/data/874716/000114420412040285/0001144204-12-040285-index.htm", "finalLink": "https://www.sec.gov/Archives/edgar/data/874716/000114420412040285/v317777_10q.htm"}, {"date": "2012-03-31", "symbol": "IDXX", "fillingDate": "2012-04-20", "acceptedDate": "2012-04-20 09:39:12", "period": "Q1", "revenue": 322676000, "costOfRevenue": 147902000, "grossProfit": 174774000, "grossProfitRatio": 0.5416392914254546, "researchAndDevelopmentExpenses": 20557000, "generalAndAdministrativeExpenses": 36178000, "sellingAndMarketingExpenses": 57632000, "otherExpenses": 0.0, "operatingExpenses": 114367000, "costAndExpenses": 262269000, "interestExpense": 1193000.0, "depreciationAndAmortization": 12705000, "ebitda": 73112000, "ebitdaratio": 0.226580222886, "operatingIncome": 60407000, "operatingIncomeRatio": 0.187206361799, "totalOtherIncomeExpensesNet": 0.0, "incomeBeforeTax": 59650000, "incomeBeforeTaxRatio": 0.184860355279, "incomeTaxExpense": 18916000, "netIncome": 40743000, "netIncomeRatio": 0.126265975778, "eps": 0.74, "epsdiluted": 0.72, "weightedAverageShsOut": 55208000, "weightedAverageShsOutDil": 56439000, "link": "https://www.sec.gov/Archives/edgar/data/874716/000114420412022835/0001144204-12-022835-index.htm", "finalLink": "https://www.sec.gov/Archives/edgar/data/874716/000114420412022835/v306053_10q.htm"}, {"date": "2011-12-31", "symbol": "IDXX", "fillingDate": "2012-02-17", "acceptedDate": "2012-02-17 16:45:32", "period": "FY", "revenue": 307201000, "costOfRevenue": 148320000, "grossProfit": 158881000, "grossProfitRatio": 0.5171890716501574, "researchAndDevelopmentExpenses": 20203000, "generalAndAdministrativeExpenses": 31170000, "sellingAndMarketingExpenses": 52209000, "otherExpenses": 0.0, "operatingExpenses": 103582000, "costAndExpenses": 251902000, "interestExpense": 1109000.0, "depreciationAndAmortization": 12814000, "ebitda": 68113000, "ebitdaratio": 0.221721283459, "operatingIncome": 55299000, "operatingIncomeRatio": 0.180009179658, "totalOtherIncomeExpensesNet": 0.0, "incomeBeforeTax": 54696000, "incomeBeforeTaxRatio": 0.178046295422, "incomeTaxExpense": 16698000, "netIncome": 38010000, "netIncomeRatio": 0.123730065983, "eps": 0.68, "epsdiluted": 0.67, "weightedAverageShsOut": 56790000, "weightedAverageShsOutDil": 58214000, "link": "https://www.sec.gov/Archives/edgar/data/874716/000114420412009868/0001144204-12-009868-index.htm", "finalLink": "https://www.sec.gov/Archives/edgar/data/874716/000114420412009868/v302204_10k.htm"}, {"date": "2011-09-30", "symbol": "IDXX", "fillingDate": "2011-10-21", "acceptedDate": "2011-10-21 15:44:16", "period": "Q3", "revenue": 300954000, "costOfRevenue": 142287000, "grossProfit": 158667000, "grossProfitRatio": 0.527213461193405, "researchAndDevelopmentExpenses": 19406000, "generalAndAdministrativeExpenses": 32483000, "sellingAndMarketingExpenses": 50682000, "otherExpenses": 0.0, "operatingExpenses": 102571000, "costAndExpenses": 244858000, "interestExpense": 928000.0, "depreciationAndAmortization": 12045000, "ebitda": 68141000, "ebitdaratio": 0.226416661683, "operatingIncome": 56096000, "operatingIncomeRatio": 0.186393933957, "totalOtherIncomeExpensesNet": 0.0, "incomeBeforeTax": 55618000, "incomeBeforeTaxRatio": 0.184805651362, "incomeTaxExpense": 17122000, "netIncome": 38507000, "netIncomeRatio": 0.127949786346, "eps": 0.68, "epsdiluted": 0.66, "weightedAverageShsOut": 57141000, "weightedAverageShsOutDil": 58636000, "link": "https://www.sec.gov/Archives/edgar/data/874716/000114420411058861/0001144204-11-058861-index.htm", "finalLink": "https://www.sec.gov/Archives/edgar/data/874716/000114420411058861/v237009_10q.htm"}, {"date": "2011-06-30", "symbol": "IDXX", "fillingDate": "2011-07-22", "acceptedDate": "2011-07-22 12:03:55", "period": "Q2", "revenue": 317862000, "costOfRevenue": 143829000, "grossProfit": 174033000, "grossProfitRatio": 0.5475111840987599, "researchAndDevelopmentExpenses": 18621000, "generalAndAdministrativeExpenses": 33140000, "sellingAndMarketingExpenses": 50974000, "otherExpenses": 0.0, "operatingExpenses": 102735000, "costAndExpenses": 246564000, "interestExpense": 782000.0, "depreciationAndAmortization": 11879000, "ebitda": 83177000, "ebitdaratio": 0.261676450787, "operatingIncome": 71298000, "operatingIncomeRatio": 0.224304887026, "totalOtherIncomeExpensesNet": 0.0, "incomeBeforeTax": 70935000, "incomeBeforeTaxRatio": 0.223162882005, "incomeTaxExpense": 22281000, "netIncome": 48657000, "netIncomeRatio": 0.15307586311, "eps": 0.85, "epsdiluted": 0.83, "weightedAverageShsOut": 57366000, "weightedAverageShsOutDil": 58934000, "link": "https://www.sec.gov/Archives/edgar/data/874716/000114420411041695/0001144204-11-041695-index.htm", "finalLink": "https://www.sec.gov/Archives/edgar/data/874716/000114420411041695/v229143_10q.htm"}, {"date": "2011-03-31", "symbol": "IDXX", "fillingDate": "2011-04-21", "acceptedDate": "2011-04-21 11:21:38", "period": "Q1", "revenue": 292672000, "costOfRevenue": 137747000, "grossProfit": 154925000, "grossProfitRatio": 0.5293468456155697, "researchAndDevelopmentExpenses": 17812000, "generalAndAdministrativeExpenses": 32596000, "sellingAndMarketingExpenses": 50985000, "otherExpenses": 0.0, "operatingExpenses": 101393000, "costAndExpenses": 239140000, "interestExpense": 728000.0, "depreciationAndAmortization": 11464000, "ebitda": 64996000, "ebitdaratio": 0.222077957577, "operatingIncome": 53532000, "operatingIncomeRatio": 0.182907828559, "totalOtherIncomeExpensesNet": 0.0, "incomeBeforeTax": 53173000, "incomeBeforeTaxRatio": 0.181681199431, "incomeTaxExpense": 16567000, "netIncome": 36612000, "netIncomeRatio": 0.125095670238, "eps": 0.64, "epsdiluted": 0.62, "weightedAverageShsOut": 57457000, "weightedAverageShsOutDil": 59090000, "link": "https://www.sec.gov/Archives/edgar/data/874716/000114420411023342/0001144204-11-023342-index.htm", "finalLink": "https://www.sec.gov/Archives/edgar/data/874716/000114420411023342/v218257_10q.htm"}, {"date": "2010-12-31", "symbol": "IDXX", "fillingDate": "2011-02-22", "acceptedDate": "2011-02-22 16:14:02", "period": "FY", "revenue": 283757000, "costOfRevenue": 277972000, "grossProfit": 5785000.0, "grossProfitRatio": 0.02038716225502807, "researchAndDevelopmentExpenses": 17479000, "generalAndAdministrativeExpenses": 29931000, "sellingAndMarketingExpenses": 46557000, "otherExpenses": 0.0, "operatingExpenses": 93967000, "costAndExpenses": 371939000, "interestExpense": 674000.0, "depreciationAndAmortization": -34117000, "ebitda": 16687000, "ebitdaratio": 0.0588073598184362, "operatingIncome": 50804000, "operatingIncomeRatio": 0.17904051706213414, "totalOtherIncomeExpensesNet": 0.0, "incomeBeforeTax": 50466000, "incomeBeforeTaxRatio": 0.17784935702026733, "incomeTaxExpense": 14086000, "netIncome": 36371000, "netIncomeRatio": 0.12820829089678845, "eps": 0.0, "epsdiluted": 0.0, "weightedAverageShsOut": 57713000, "weightedAverageShsOutDil": 59559000, "link": "https://www.sec.gov/Archives/edgar/data/874716/000114420411010145/0001144204-11-010145-index.htm", "finalLink": "https://www.sec.gov/Archives/edgar/data/874716/000114420411010145/v211843_10k.htm"}, {"date": "2010-09-30", "symbol": "IDXX", "fillingDate": "2010-10-22", "acceptedDate": "2010-10-22 15:59:12", "period": "Q3", "revenue": 269628000, "costOfRevenue": 254842000, "grossProfit": 14786000, "grossProfitRatio": 0.05483851825478066, "researchAndDevelopmentExpenses": 17203000, "generalAndAdministrativeExpenses": 30704000, "sellingAndMarketingExpenses": 44486000, "otherExpenses": 0.0, "operatingExpenses": 92393000, "costAndExpenses": 347235000, "interestExpense": 1741000.0, "depreciationAndAmortization": 11485000, "ebitda": 164562000, "ebitdaratio": 0.22734656638034625, "operatingIncome": 153077000, "operatingIncomeRatio": 0.1847508419006928, "totalOtherIncomeExpensesNet": 0.0, "incomeBeforeTax": 151775000, "incomeBeforeTaxRatio": 0.18270728559348437, "incomeTaxExpense": 46835000, "netIncome": 104913000, "netIncomeRatio": 0.12875146498138176, "eps": 0.0, "epsdiluted": 0.0, "weightedAverageShsOut": 57799000, "weightedAverageShsOutDil": 59691000, "link": "https://www.sec.gov/Archives/edgar/data/874716/000114420410055158/0001144204-10-055158-index.htm", "finalLink": "https://www.sec.gov/Archives/edgar/data/874716/000114420410055158/v199224_10q.htm"}, {"date": "2010-06-30", "symbol": "IDXX", "fillingDate": "2010-07-23", "acceptedDate": "2010-07-23 14:01:41", "period": "Q2", "revenue": 530002000, "costOfRevenue": 130208000, "grossProfit": 399794000, "grossProfitRatio": 0.7543254553756401, "researchAndDevelopmentExpenses": 31883000, "generalAndAdministrativeExpenses": 56094000, "sellingAndMarketingExpenses": 80456000, "otherExpenses": -5155000.0, "operatingExpenses": 163278000, "costAndExpenses": 293486000, "interestExpense": -331000.0, "depreciationAndAmortization": 19721000, "ebitda": 35309000, "ebitdaratio": 0.0666205033189, "operatingIncome": 15588000, "operatingIncomeRatio": 0.029411209769, "totalOtherIncomeExpensesNet": 0.0, "incomeBeforeTax": 15819000, "incomeBeforeTaxRatio": 0.0298470571809, "incomeTaxExpense": 17087000, "netIncome": 16001000, "netIncomeRatio": 0.0301904521115, "eps": 0.43, "epsdiluted": 0.43, "weightedAverageShsOut": 57890000, "weightedAverageShsOutDil": 59875000, "link": "https://www.sec.gov/Archives/edgar/data/874716/000114420410039150/0001144204-10-039150-index.htm", "finalLink": "https://www.sec.gov/Archives/edgar/data/874716/000114420410039150/v191080_10q.htm"}, {"date": "2010-03-31", "symbol": "IDXX", "fillingDate": "2010-04-23", "acceptedDate": "2010-04-23 15:55:17", "period": "Q1", "revenue": 268525000, "costOfRevenue": 252328000, "grossProfit": 16197000, "grossProfitRatio": 0.060318406107438785, "researchAndDevelopmentExpenses": 16709000, "generalAndAdministrativeExpenses": 32808000, "sellingAndMarketingExpenses": 44416000, "otherExpenses": 0.0, "operatingExpenses": 93933000, "costAndExpenses": 346261000, "interestExpense": 365000.0, "depreciationAndAmortization": 11246000, "ebitda": 59674000, "ebitdaratio": 0.2222288427520715, "operatingIncome": 48428000, "operatingIncomeRatio": 0.18034819849176054, "totalOtherIncomeExpensesNet": 0.0, "incomeBeforeTax": 48116000, "incomeBeforeTaxRatio": 0.179186295503212, "incomeTaxExpense": 15088000, "netIncome": 33028000, "netIncomeRatio": 0.12299785867237688, "eps": 0.57, "epsdiluted": 0.55, "weightedAverageShsOut": 58033000, "weightedAverageShsOutDil": 60029000, "link": "https://www.sec.gov/Archives/edgar/data/874716/000114420410021941/0001144204-10-021941-index.htm", "finalLink": "https://www.sec.gov/Archives/edgar/data/874716/000114420410021941/v181881_10q.htm"}, {"date": "2009-12-31", "symbol": "IDXX", "fillingDate": "2010-02-19", "acceptedDate": "2010-02-19 15:00:14", "period": "FY", "revenue": 270335000, "costOfRevenue": 274808000, "grossProfit": -4473000.0, "grossProfitRatio": -0.016546137200140566, "researchAndDevelopmentExpenses": 16008000, "generalAndAdministrativeExpenses": 29393000, "sellingAndMarketingExpenses": 43383000, "otherExpenses": 0.0, "operatingExpenses": 88784000, "costAndExpenses": 363592000, "interestExpense": 381000.0, "depreciationAndAmortization": 12555000, "ebitda": 56702000, "ebitdaratio": 0.20974716555384984, "operatingIncome": 44147000, "operatingIncomeRatio": 0.1633047885031535, "totalOtherIncomeExpensesNet": 0.0, "incomeBeforeTax": 43904000, "incomeBeforeTaxRatio": 0.16240590378604325, "incomeTaxExpense": 12943000, "netIncome": 30961000, "netIncomeRatio": 0.11452827047922022, "eps": 2.08, "epsdiluted": 2.01, "weightedAverageShsOut": 58809000, "weightedAverageShsOutDil": 60682000, "link": "https://www.sec.gov/Archives/edgar/data/874716/000095012310014507/0000950123-10-014507-index.htm", "finalLink": "https://www.sec.gov/Archives/edgar/data/874716/000095012310014507/c96448e10vk.htm"}, {"date": "2009-09-30", "symbol": "IDXX", "fillingDate": "2009-10-23", "acceptedDate": "2009-10-23 16:00:15", "period": "Q3", "revenue": 429337000, "costOfRevenue": 496591000, "grossProfit": -67254000, "grossProfitRatio": -0.1566461777112152, "researchAndDevelopmentExpenses": 16583000, "generalAndAdministrativeExpenses": 28185000, "sellingAndMarketingExpenses": 41504000, "otherExpenses": 0.0, "operatingExpenses": 86272000, "costAndExpenses": 582863000, "interestExpense": 436000.0, "depreciationAndAmortization": 12506000, "ebitda": 56711000, "ebitdaratio": 0.13208971041396386, "operatingIncome": 44205000, "operatingIncomeRatio": 0.10296107719576929, "totalOtherIncomeExpensesNet": 0.0, "incomeBeforeTax": 43817000, "incomeBeforeTaxRatio": 0.10205735820579172, "incomeTaxExpense": 12281000, "netIncome": 31536000, "netIncomeRatio": 0.07345278883487796, "eps": 1.55, "epsdiluted": 1.5, "weightedAverageShsOut": 58911000, "weightedAverageShsOutDil": 60718000, "link": "https://www.sec.gov/Archives/edgar/data/874716/000095012309052730/0000950123-09-052730-index.htm", "finalLink": "https://www.sec.gov/Archives/edgar/data/874716/000095012309052730/c91344e10vq.htm"}, {"date": "2009-06-30", "symbol": "IDXX", "fillingDate": "2009-07-24", "acceptedDate": "2009-07-24 15:10:21", "period": "Q2", "revenue": 176066000, "costOfRevenue": 127283000, "grossProfit": 48783000, "grossProfitRatio": 0.2770722342757829, "researchAndDevelopmentExpenses": 16594000, "generalAndAdministrativeExpenses": 30794000, "sellingAndMarketingExpenses": 41876000, "otherExpenses": 0.0, "operatingExpenses": 89264000, "costAndExpenses": 216547000, "interestExpense": 459000.0, "depreciationAndAmortization": 11665000, "ebitda": 60841000, "ebitdaratio": 0.3455579157815819, "operatingIncome": 49176000, "operatingIncomeRatio": 0.27930435177717444, "totalOtherIncomeExpensesNet": 0.0, "incomeBeforeTax": 48773000, "incomeBeforeTaxRatio": 0.2770154373927959, "incomeTaxExpense": 15106000, "netIncome": 33667000, "netIncomeRatio": 0.1912180659525405, "eps": 1.01, "epsdiluted": 0.98, "weightedAverageShsOut": 59041000, "weightedAverageShsOutDil": 60688000, "link": "https://www.sec.gov/Archives/edgar/data/874716/000095012309025282/0000950123-09-025282-index.htm", "finalLink": "https://www.sec.gov/Archives/edgar/data/874716/000095012309025282/c88231e10vq.htm"}, {"date": "2009-03-31", "symbol": "IDXX", "fillingDate": "2009-04-24", "acceptedDate": "2009-04-24 14:55:50", "period": "Q1", "revenue": 155895000, "costOfRevenue": 112022000, "grossProfit": 43873000, "grossProfitRatio": 0.2814266012380128, "researchAndDevelopmentExpenses": 15939000, "generalAndAdministrativeExpenses": 29068000, "sellingAndMarketingExpenses": 40985000, "otherExpenses": 0.0, "operatingExpenses": 85992000, "costAndExpenses": 198014000, "interestExpense": 640000.0, "depreciationAndAmortization": 13047000, "ebitda": 51488000, "ebitdaratio": 0.3302735815773437, "operatingIncome": 38441000, "operatingIncomeRatio": 0.2465826357484204, "totalOtherIncomeExpensesNet": 0.0, "incomeBeforeTax": 38045000, "incomeBeforeTaxRatio": 0.24404246447929695, "incomeTaxExpense": 11974000, "netIncome": 26071000, "netIncomeRatio": 0.1672343564578723, "eps": 0.44, "epsdiluted": 0.43, "weightedAverageShsOut": 59172000, "weightedAverageShsOutDil": 60606000, "link": "https://www.sec.gov/Archives/edgar/data/874716/000136231009005812/0001362310-09-005812-index.htm", "finalLink": "https://www.sec.gov/Archives/edgar/data/874716/000136231009005812/c84221e10vq.htm"}, {"date": "2008-12-31", "symbol": "IDXX", "fillingDate": "2009-02-20", "acceptedDate": "2009-02-20 11:21:12", "period": "FY", "revenue": 166698000, "costOfRevenue": 323486000, "grossProfit": -156788000, "grossProfitRatio": -0.9405511763788408, "researchAndDevelopmentExpenses": 17184000, "generalAndAdministrativeExpenses": 27274000, "sellingAndMarketingExpenses": 40214000, "otherExpenses": 0.0, "operatingExpenses": 84672000, "costAndExpenses": 408158000, "interestExpense": 1103000.0, "depreciationAndAmortization": 12649000, "ebitda": 48498000, "ebitdaratio": 0.2909333045387467, "operatingIncome": 35849000, "operatingIncomeRatio": 0.21505356992885338, "totalOtherIncomeExpensesNet": 0.0, "incomeBeforeTax": 35268000, "incomeBeforeTaxRatio": 0.21156822517366736, "incomeTaxExpense": 11713000, "netIncome": 23555000, "netIncomeRatio": 0.14130343495422862, "eps": 1.94, "epsdiluted": 1.87, "weightedAverageShsOut": 59953000, "weightedAverageShsOutDil": 62249000, "link": "https://www.sec.gov/Archives/edgar/data/874716/000136231009002521/0001362310-09-002521-index.htm", "finalLink": "https://www.sec.gov/Archives/edgar/data/874716/000136231009002521/c81235e10vk.htm"}, {"date": "2008-09-30", "symbol": "IDXX", "fillingDate": "2008-10-24", "acceptedDate": "2008-10-24 17:00:08", "period": "Q3", "revenue": 167144000, "costOfRevenue": 77770000, "grossProfit": 89374000, "grossProfitRatio": 0.5347125831618246, "researchAndDevelopmentExpenses": 17920000, "generalAndAdministrativeExpenses": 29705000, "sellingAndMarketingExpenses": 41527000, "otherExpenses": 0.0, "operatingExpenses": 89152000, "costAndExpenses": 11382000, "interestExpense": 1242000.0, "depreciationAndAmortization": 12190000, "ebitda": 51187000, "ebitdaratio": 0.3062449145646867, "operatingIncome": 38997000, "operatingIncomeRatio": 0.23331378930742355, "totalOtherIncomeExpensesNet": 0.0, "incomeBeforeTax": 38437000, "incomeBeforeTaxRatio": 0.2299633848657445, "incomeTaxExpense": 12738000, "netIncome": 25699000, "netIncomeRatio": 0.1537536495476954, "eps": 1.54, "epsdiluted": 1.48, "weightedAverageShsOut": 60121000, "weightedAverageShsOutDil": 62603000, "link": "https://www.sec.gov/Archives/edgar/data/874716/000136231008006183/0001362310-08-006183-index.htm", "finalLink": "https://www.sec.gov/Archives/edgar/data/874716/000136231008006183/c76279e10vq.htm"}, {"date": "2008-06-30", "symbol": "IDXX", "fillingDate": "2008-07-25", "acceptedDate": "2008-07-25 15:20:15", "period": "Q2", "revenue": 190488000, "costOfRevenue": 129310000, "grossProfit": 61178000, "grossProfitRatio": 0.3211645877955567, "researchAndDevelopmentExpenses": 18274000, "generalAndAdministrativeExpenses": 29881000, "sellingAndMarketingExpenses": 44214000, "otherExpenses": 0.0, "operatingExpenses": 92369000, "costAndExpenses": 221679000, "interestExpense": 1213000.0, "depreciationAndAmortization": 12585000, "ebitda": 71476000, "ebitdaratio": 0.3752257360043677, "operatingIncome": 58891000, "operatingIncomeRatio": 0.3091585821679056, "totalOtherIncomeExpensesNet": 0.0, "incomeBeforeTax": 58248000, "incomeBeforeTaxRatio": 0.30578304145143004, "incomeTaxExpense": 18884000, "netIncome": 39364000, "netIncomeRatio": 0.20664818781235564, "eps": 1.11, "epsdiluted": 1.06, "weightedAverageShsOut": 60448000, "weightedAverageShsOutDil": 63017000, "link": "https://www.sec.gov/Archives/edgar/data/874716/000136231008003844/0001362310-08-003844-index.htm", "finalLink": "https://www.sec.gov/Archives/edgar/data/874716/000136231008003844/c74048e10vq.htm"}, {"date": "2008-03-31", "symbol": "IDXX", "fillingDate": "2008-04-25", "acceptedDate": "2008-04-25 13:34:25", "period": "Q1", "revenue": 168990000, "costOfRevenue": 119238000, "grossProfit": 49752000, "grossProfitRatio": 0.2944079531333215, "researchAndDevelopmentExpenses": 17295000, "generalAndAdministrativeExpenses": 29821000, "sellingAndMarketingExpenses": 44001000, "otherExpenses": 0.0, "operatingExpenses": 91117000, "costAndExpenses": 210355000, "interestExpense": 1031000.0, "depreciationAndAmortization": 11395000, "ebitda": 50114000, "ebitdaratio": 0.2965500917214036, "operatingIncome": 38719000, "operatingIncomeRatio": 0.229120066276111, "totalOtherIncomeExpensesNet": 0.0, "incomeBeforeTax": 38234000, "incomeBeforeTaxRatio": 0.2262500739688739, "incomeTaxExpense": 10683000, "netIncome": 27551000, "netIncomeRatio": 0.1630333155808036, "eps": 0.45, "epsdiluted": 0.43, "weightedAverageShsOut": 60865000, "weightedAverageShsOutDil": 63558000, "link": "https://www.sec.gov/Archives/edgar/data/874716/000136231008002156/0001362310-08-002156-index.htm", "finalLink": "https://www.sec.gov/Archives/edgar/data/874716/000136231008002156/c73062e10vq.htm"}, {"date": "2007-12-31", "symbol": "IDXX", "fillingDate": "2008-02-27", "acceptedDate": "2008-02-27 11:29:08", "period": "FY", "revenue": 171284000, "costOfRevenue": 122725000, "grossProfit": 48559000, "grossProfitRatio": 0.28349991826440296, "researchAndDevelopmentExpenses": 16769000, "generalAndAdministrativeExpenses": 26937000, "sellingAndMarketingExpenses": 41796000, "otherExpenses": 0.0, "operatingExpenses": 85502000, "costAndExpenses": 208227000, "interestExpense": 889000.0, "depreciationAndAmortization": 11562000, "ebitda": 48304000, "ebitdaratio": 0.2820111627472502, "operatingIncome": 36742000, "operatingIncomeRatio": 0.21450923612246328, "totalOtherIncomeExpensesNet": 0.0, "incomeBeforeTax": 36723000, "incomeBeforeTaxRatio": 0.21439830924079306, "incomeTaxExpense": 11195000, "netIncome": 25528000, "netIncomeRatio": 0.1490390229093202, "eps": 1.53, "epsdiluted": 1.46, "weightedAverageShsOut": 61560000, "weightedAverageShsOutDil": 64455000, "link": "https://www.sec.gov/Archives/edgar/data/874716/000136231008001141/0001362310-08-001141-index.htm", "finalLink": "https://www.sec.gov/Archives/edgar/data/874716/000136231008001141/c72515e10vk.htm"}, {"date": "2007-09-30", "symbol": "IDXX", "fillingDate": "2007-10-31", "acceptedDate": "2007-10-31 16:24:34", "period": "Q3", "revenue": 155552000, "costOfRevenue": 110907000, "grossProfit": 44645000, "grossProfitRatio": 0.2870101316601522, "researchAndDevelopmentExpenses": 17281000, "generalAndAdministrativeExpenses": 27343000, "sellingAndMarketingExpenses": 37757000, "otherExpenses": 0.0, "operatingExpenses": 82381000, "costAndExpenses": 193288000, "interestExpense": 1202000.0, "depreciationAndAmortization": 10267000, "ebitda": 46364000, "ebitdaratio": 0.29806109853939516, "operatingIncome": 36097000, "operatingIncomeRatio": 0.2320574470273606, "totalOtherIncomeExpensesNet": 0.0, "incomeBeforeTax": 35582000, "incomeBeforeTaxRatio": 0.22874665706644723, "incomeTaxExpense": 9787000.0, "netIncome": 25795000, "netIncomeRatio": 0.16582879037235138, "eps": 2.22, "epsdiluted": 2.12, "weightedAverageShsOut": 30843000, "weightedAverageShsOutDil": 32262000, "link": "https://www.sec.gov/Archives/edgar/data/874716/000136231007002611/0001362310-07-002611-index.htm", "finalLink": "https://www.sec.gov/Archives/edgar/data/874716/000136231007002611/c71383e10vq.htm"}, {"date": "2007-06-30", "symbol": "IDXX", "fillingDate": "2007-07-31", "acceptedDate": "2007-07-31 15:02:05", "period": "Q2", "revenue": 159886000, "costOfRevenue": 122825000, "grossProfit": 37061000, "grossProfitRatio": 0.2317964049385187, "researchAndDevelopmentExpenses": 17317000, "generalAndAdministrativeExpenses": 27690000, "sellingAndMarketingExpenses": 36747000, "otherExpenses": 0.0, "operatingExpenses": 81754000, "costAndExpenses": 204579000, "interestExpense": 1454000.0, "depreciationAndAmortization": 10224000, "ebitda": 42691000, "ebitdaratio": 0.2670089939081596, "operatingIncome": 32467000, "operatingIncomeRatio": 0.20306343269579574, "totalOtherIncomeExpensesNet": 0.0, "incomeBeforeTax": 31633000, "incomeBeforeTaxRatio": 0.19784721614150083, "incomeTaxExpense": 9969000.0, "netIncome": 21664000, "netIncomeRatio": 0.13549654128566604, "eps": 1.38, "epsdiluted": 1.32, "weightedAverageShsOut": 30992000, "weightedAverageShsOutDil": 32380000, "link": "https://www.sec.gov/Archives/edgar/data/874716/000136231007001476/0001362310-07-001476-index.htm", "finalLink": "https://www.sec.gov/Archives/edgar/data/874716/000136231007001476/c70845e10vq.htm"}, {"date": "2007-03-31", "symbol": "IDXX", "fillingDate": "2007-05-02", "acceptedDate": "2007-05-02 16:31:57", "period": "Q1", "revenue": 145464000, "costOfRevenue": 102576000, "grossProfit": 42888000, "grossProfitRatio": 0.2948358356706814, "researchAndDevelopmentExpenses": 15971000, "generalAndAdministrativeExpenses": 26149000, "sellingAndMarketingExpenses": 35582000, "otherExpenses": 0.0, "operatingExpenses": 77702000, "costAndExpenses": 180278000, "interestExpense": 634000.0, "depreciationAndAmortization": 9047000.0, "ebitda": 39924000, "ebitdaratio": 0.27445966012209205, "operatingIncome": 30877000, "operatingIncomeRatio": 0.21226557773744706, "totalOtherIncomeExpensesNet": 0.0, "incomeBeforeTax": 30905000, "incomeBeforeTaxRatio": 0.21245806522576033, "incomeTaxExpense": 9878000.0, "netIncome": 21027000, "netIncomeRatio": 0.14455122917010393, "eps": 0.68, "epsdiluted": 0.65, "weightedAverageShsOut": 31137000, "weightedAverageShsOutDil": 32542000, "link": "https://www.sec.gov/Archives/edgar/data/874716/000136231007000635/0001362310-07-000635-index.htm", "finalLink": "https://www.sec.gov/Archives/edgar/data/874716/000136231007000635/c70436e10vq.htm"}, {"date": "2006-12-31", "symbol": "IDXX", "fillingDate": "2007-03-01", "acceptedDate": "2007-03-01 15:46:17", "period": "FY", "revenue": 392501000, "costOfRevenue": 270407000, "grossProfit": 122094000, "grossProfitRatio": 0.31106672339688307, "researchAndDevelopmentExpenses": 39921000, "generalAndAdministrativeExpenses": 61107000, "sellingAndMarketingExpenses": 86831000, "otherExpenses": 0.0, "operatingExpenses": 187859000, "costAndExpenses": 458266000, "interestExpense": 303000.0, "depreciationAndAmortization": 8079000.0, "ebitda": 101550000, "ebitdaratio": 0.2587254554765466, "operatingIncome": 93471000, "operatingIncomeRatio": 0.23814206842785113, "totalOtherIncomeExpensesNet": 0.0, "incomeBeforeTax": 95831000, "incomeBeforeTaxRatio": 0.24415479196231346, "incomeTaxExpense": 27106000, "netIncome": 68725000, "netIncomeRatio": 0.17509509529912026, "eps": 2.98, "epsdiluted": 2.84, "weightedAverageShsOut": 31433000, "weightedAverageShsOutDil": 32954000, "link": "https://www.sec.gov/Archives/edgar/data/874716/000087471607000048/0000874716-07-000048-index.htm", "finalLink": "https://www.sec.gov/Archives/edgar/data/874716/000087471607000048/form10k_dec312006.htm"}, {"date": "2006-09-30", "symbol": "IDXX", "fillingDate": "2006-11-01", "acceptedDate": "2006-11-01 10:31:09", "period": "Q1", "revenue": 132851000, "costOfRevenue": 89181000, "grossProfit": 43670000, "grossProfitRatio": 0.32871412334118677, "researchAndDevelopmentExpenses": 13696000, "generalAndAdministrativeExpenses": 20990000, "sellingAndMarketingExpenses": 29051000, "otherExpenses": 0.0, "operatingExpenses": 63737000, "costAndExpenses": 152918000, "interestExpense": 159000.0, "depreciationAndAmortization": 21737000, "ebitda": 56199000, "ebitdaratio": 0.42302278492446427, "operatingIncome": 34462000, "operatingIncomeRatio": 0.259403391769727, "totalOtherIncomeExpensesNet": 0.0, "incomeBeforeTax": 35071000, "incomeBeforeTaxRatio": 0.26398747468968997, "incomeTaxExpense": 10118000, "netIncome": 24953000, "netIncomeRatio": 0.18782696404242347, "eps": 0.8, "epsdiluted": 0.76, "weightedAverageShsOut": 31210000, "weightedAverageShsOutDil": 32731000, "link": "https://www.sec.gov/Archives/edgar/data/874716/000087471606000081/0000874716-06-000081-index.htm", "finalLink": "https://www.sec.gov/Archives/edgar/data/874716/000087471606000081/form10q_sept302006.htm"}, {"date": "2006-06-30", "symbol": "IDXX", "fillingDate": "2006-08-03", "acceptedDate": "2006-08-03 16:09:45", "period": "Q1", "revenue": 136853000, "costOfRevenue": 92328000, "grossProfit": 44525000, "grossProfitRatio": 0.32534909720649163, "researchAndDevelopmentExpenses": 13292000, "generalAndAdministrativeExpenses": 0.0, "sellingAndMarketingExpenses": 28679000, "otherExpenses": 0.0, "operatingExpenses": 41971000, "costAndExpenses": 134299000, "interestExpense": 0.0, "depreciationAndAmortization": 14209000, "ebitda": 51235000, "ebitdaratio": 0.37437980899213025, "operatingIncome": 37026000, "operatingIncomeRatio": 0.2705530751974747, "totalOtherIncomeExpensesNet": 0.0, "incomeBeforeTax": 37659000, "incomeBeforeTaxRatio": 0.27517847617516605, "incomeTaxExpense": 11879000, "netIncome": 25780000, "netIncomeRatio": 0.1883773099603224, "eps": 0.82, "epsdiluted": 0.78, "weightedAverageShsOut": 31467000, "weightedAverageShsOutDil": 33014000, "link": "https://www.sec.gov/Archives/edgar/data/874716/000087471606000072/0000874716-06-000072-index.htm", "finalLink": "https://www.sec.gov/Archives/edgar/data/874716/000087471606000072/form10q_june302006.htm"}, {"date": "2006-03-31", "symbol": "IDXX", "fillingDate": "2006-05-08", "acceptedDate": "2006-05-08 16:42:39", "period": "Q1", "revenue": 118556000, "costOfRevenue": 82139000, "grossProfit": 36417000, "grossProfitRatio": 0.30717129457808967, "researchAndDevelopmentExpenses": 12678000, "generalAndAdministrativeExpenses": 19434000, "sellingAndMarketingExpenses": 26938000, "otherExpenses": 0.0, "operatingExpenses": 59050000, "costAndExpenses": 141189000, "interestExpense": 0.0, "depreciationAndAmortization": 6658000.0, "ebitda": 33633000, "ebitdaratio": 0.2836887209420021, "operatingIncome": 26975000, "operatingIncomeRatio": 0.22752960626201962, "totalOtherIncomeExpensesNet": 0.0, "incomeBeforeTax": 27744000, "incomeBeforeTaxRatio": 0.2340159924423901, "incomeTaxExpense": 9584000.0, "netIncome": 18273000, "netIncomeRatio": 0.15412969398427748, "eps": 0.57, "epsdiluted": 0.55, "weightedAverageShsOut": 31800000, "weightedAverageShsOutDil": 33418000, "link": "https://www.sec.gov/Archives/edgar/data/874716/000087471606000060/0000874716-06-000060-index.htm", "finalLink": "https://www.sec.gov/Archives/edgar/data/874716/000087471606000060/form10q_mar312006.htm"}, {"date": "2005-12-31", "symbol": "IDXX", "fillingDate": "2006-03-10", "acceptedDate": "2006-03-10 16:37:01", "period": "FY", "revenue": 347621000, "costOfRevenue": 238455000, "grossProfit": 109166000, "grossProfitRatio": 0.31403741431041277, "researchAndDevelopmentExpenses": 30405000, "generalAndAdministrativeExpenses": 48271000, "sellingAndMarketingExpenses": 77687000, "otherExpenses": 0.0, "operatingExpenses": 156363000, "costAndExpenses": 394818000, "interestExpense": 0.0, "depreciationAndAmortization": 6278000.0, "ebitda": 91486000, "ebitdaratio": 0.26317742598979926, "operatingIncome": 85208000, "operatingIncomeRatio": 0.24511752742210627, "totalOtherIncomeExpensesNet": 0.0, "incomeBeforeTax": 87773000, "incomeBeforeTaxRatio": 0.252496253103236, "incomeTaxExpense": 30123000, "netIncome": 57650000, "netIncomeRatio": 0.16584153431467027, "eps": 2.41, "epsdiluted": 2.3, "weightedAverageShsOut": 32521000, "weightedAverageShsOutDil": 34055000, "link": "https://www.sec.gov/Archives/edgar/data/874716/000087471606000041/0000874716-06-000041-index.htm", "finalLink": "https://www.sec.gov/Archives/edgar/data/874716/000087471606000041/form10k_dec312005.htm"}, {"date": "2005-09-30", "symbol": "IDXX", "fillingDate": "2005-11-02", "acceptedDate": "2005-11-02 12:15:24", "period": "Q1", "revenue": 112874000, "costOfRevenue": 76740000, "grossProfit": 36134000, "grossProfitRatio": 0.3201268671261761, "researchAndDevelopmentExpenses": 10543000, "generalAndAdministrativeExpenses": 16360000, "sellingAndMarketingExpenses": 24303000, "otherExpenses": 0.0, "operatingExpenses": 51206000, "costAndExpenses": 127946000, "interestExpense": 0.0, "depreciationAndAmortization": 18091000, "ebitda": 48214000, "ebitdaratio": 0.42714885624678844, "operatingIncome": 30123000, "operatingIncomeRatio": 0.26687279621524884, "totalOtherIncomeExpensesNet": 0.0, "incomeBeforeTax": 31151000, "incomeBeforeTaxRatio": 0.2759802966139235, "incomeTaxExpense": 10547000, "netIncome": 20604000, "netIncomeRatio": 0.18253982316565373, "eps": 0.63, "epsdiluted": 0.61, "weightedAverageShsOut": 32482000, "weightedAverageShsOutDil": 34044000, "link": "https://www.sec.gov/Archives/edgar/data/874716/000087471605000088/0000874716-05-000088-index.htm", "finalLink": "https://www.sec.gov/Archives/edgar/data/874716/000087471605000088/form10q_sept302005.htm"}, {"date": "2005-06-30", "symbol": "IDXX", "fillingDate": "2005-08-03", "acceptedDate": "2005-08-03 16:34:56", "period": "Q1", "revenue": 115353000, "costOfRevenue": 80055000, "grossProfit": 35298000, "grossProfitRatio": 0.3059998439572443, "researchAndDevelopmentExpenses": 9995000.0, "generalAndAdministrativeExpenses": 15846000, "sellingAndMarketingExpenses": 25848000, "otherExpenses": 0.0, "operatingExpenses": 51689000, "costAndExpenses": 131744000, "interestExpense": 0.0, "depreciationAndAmortization": 11953000, "ebitda": 40839000, "ebitdaratio": 0.35403500559153206, "operatingIncome": 28886000, "operatingIncomeRatio": 0.25041394675474415, "totalOtherIncomeExpensesNet": 0.0, "incomeBeforeTax": 29867000, "incomeBeforeTaxRatio": 0.2589182769412152, "incomeTaxExpense": 9934000.0, "netIncome": 19933000, "netIncomeRatio": 0.17280001387046717, "eps": 0.61, "epsdiluted": 0.59, "weightedAverageShsOut": 32627000, "weightedAverageShsOutDil": 34060000, "link": "https://www.sec.gov/Archives/edgar/data/874716/000087471605000074/0000874716-05-000074-index.htm", "finalLink": "https://www.sec.gov/Archives/edgar/data/874716/000087471605000074/form10q_june302005.htm"}, {"date": "2005-03-31", "symbol": "IDXX", "fillingDate": "2005-05-05", "acceptedDate": "2005-05-05 17:15:01", "period": "Q1", "revenue": 111159000, "costOfRevenue": 76346000, "grossProfit": 34813000, "grossProfitRatio": 0.31318201855000494, "researchAndDevelopmentExpenses": 9774000.0, "generalAndAdministrativeExpenses": 15098000, "sellingAndMarketingExpenses": 25070000, "otherExpenses": 0.0, "operatingExpenses": 49942000, "costAndExpenses": 126288000, "interestExpense": 0.0, "depreciationAndAmortization": 5816000.0, "ebitda": 31954000, "ebitdaratio": 0.2874621038332479, "operatingIncome": 26138000, "operatingIncomeRatio": 0.2351406543779631, "totalOtherIncomeExpensesNet": 0.0, "incomeBeforeTax": 26641000, "incomeBeforeTaxRatio": 0.23966570408154086, "incomeTaxExpense": 9052000.0, "netIncome": 17690000, "netIncomeRatio": 0.15914141005226748, "eps": 0.54, "epsdiluted": 0.51, "weightedAverageShsOut": 32955000, "weightedAverageShsOutDil": 34439000, "link": "https://www.sec.gov/Archives/edgar/data/874716/000087471605000055/0000874716-05-000055-index.htm", "finalLink": "https://www.sec.gov/Archives/edgar/data/874716/000087471605000055/form10q_march312005.htm"}, {"date": "2004-12-31", "symbol": "IDXX", "fillingDate": "2005-03-15", "acceptedDate": "2005-03-15 16:28:36", "period": "FY", "revenue": 311752000, "costOfRevenue": 207111000, "grossProfit": 104641000, "grossProfitRatio": 0.33565462290538634, "researchAndDevelopmentExpenses": 26578000, "generalAndAdministrativeExpenses": 37172000, "sellingAndMarketingExpenses": 64578000, "otherExpenses": 0.0, "operatingExpenses": 128328000, "costAndExpenses": 335439000, "interestExpense": 0.0, "depreciationAndAmortization": 5237000.0, "ebitda": 84868000, "ebitdaratio": 0.2722292078318664, "operatingIncome": 79631000, "operatingIncomeRatio": 0.2554305986810029, "totalOtherIncomeExpensesNet": 0.0, "incomeBeforeTax": 81760000, "incomeBeforeTaxRatio": 0.26225974492545356, "incomeTaxExpense": 23518000, "netIncome": 58636000, "netIncomeRatio": 0.18808540121635145, "eps": 2.29, "epsdiluted": 2.19, "weightedAverageShsOut": 34214000, "weightedAverageShsOutDil": 35800000, "link": "https://www.sec.gov/Archives/edgar/data/874716/000087471605000035/0000874716-05-000035-index.htm", "finalLink": "https://www.sec.gov/Archives/edgar/data/874716/000087471605000035/form10k_dec312004.htm"}, {"date": "2004-09-30", "symbol": "IDXX", "fillingDate": "2004-11-08", "acceptedDate": "2004-11-08 16:10:48", "period": "Q1", "revenue": 99996000, "costOfRevenue": 63053000, "grossProfit": 36943000, "grossProfitRatio": 0.3694447777911116, "researchAndDevelopmentExpenses": 8824000.0, "generalAndAdministrativeExpenses": 12698000, "sellingAndMarketingExpenses": 21132000, "otherExpenses": 0.0, "operatingExpenses": 42654000, "costAndExpenses": 105707000, "interestExpense": 0.0, "depreciationAndAmortization": 13190000, "ebitda": 41594000, "ebitdaratio": 0.41595663826553064, "operatingIncome": 28404000, "operatingIncomeRatio": 0.28405136205448217, "totalOtherIncomeExpensesNet": 0.0, "incomeBeforeTax": 29343000, "incomeBeforeTaxRatio": 0.29344173766950676, "incomeTaxExpense": 9647000.0, "netIncome": 19696000, "netIncomeRatio": 0.1969678787151486, "eps": 0.58, "epsdiluted": 0.56, "weightedAverageShsOut": 34050000, "weightedAverageShsOutDil": 35467000, "link": "https://www.sec.gov/Archives/edgar/data/874716/000087471604000080/0000874716-04-000080-index.htm", "finalLink": "https://www.sec.gov/Archives/edgar/data/874716/000087471604000080/form10q_sept302004.htm"}, {"date": "2004-06-30", "symbol": "IDXX", "fillingDate": "2004-08-09", "acceptedDate": "2004-08-09 16:06:36", "period": "Q1", "revenue": 104318000, "costOfRevenue": 65377000, "grossProfit": 38941000, "grossProfitRatio": 0.3732912824248931, "researchAndDevelopmentExpenses": 8685000.0, "generalAndAdministrativeExpenses": 11583000, "sellingAndMarketingExpenses": 20679000, "otherExpenses": 0.0, "operatingExpenses": 40947000, "costAndExpenses": 106324000, "interestExpense": 0.0, "depreciationAndAmortization": 8062000.0, "ebitda": 39117000, "ebitdaratio": 0.37497843133495656, "operatingIncome": 31055000, "operatingIncomeRatio": 0.29769550796602695, "totalOtherIncomeExpensesNet": 0.0, "incomeBeforeTax": 31884000, "incomeBeforeTaxRatio": 0.30564236277535994, "incomeTaxExpense": 7974000.0, "netIncome": 23910000, "netIncomeRatio": 0.22920301386146208, "eps": 0.69, "epsdiluted": 0.66, "weightedAverageShsOut": 34584000, "weightedAverageShsOutDil": 36423000, "link": "https://www.sec.gov/Archives/edgar/data/874716/000087471604000066/0000874716-04-000066-index.htm", "finalLink": "https://www.sec.gov/Archives/edgar/data/874716/000087471604000066/form10q_june302004.htm"}, {"date": "2004-03-31", "symbol": "IDXX", "fillingDate": "2004-05-10", "acceptedDate": "2004-05-10 15:14:57", "period": "Q1", "revenue": 101712000, "costOfRevenue": 66371000, "grossProfit": 35341000, "grossProfitRatio": 0.34746145980808557, "researchAndDevelopmentExpenses": 8520000.0, "generalAndAdministrativeExpenses": 12242000, "sellingAndMarketingExpenses": 20983000, "otherExpenses": 0.0, "operatingExpenses": 41745000, "costAndExpenses": 108116000, "interestExpense": 0.0, "depreciationAndAmortization": 4314000.0, "ebitda": 29615000, "ebitdaratio": 0.2911652509045147, "operatingIncome": 25301000, "operatingIncomeRatio": 0.24875137643542553, "totalOtherIncomeExpensesNet": 0.0, "incomeBeforeTax": 26163000, "incomeBeforeTaxRatio": 0.2572262859839547, "incomeTaxExpense": 8372000.0, "netIncome": 17791000, "netIncomeRatio": 0.17491544753814692, "eps": 0.51, "epsdiluted": 0.49, "weightedAverageShsOut": 34775000, "weightedAverageShsOutDil": 36437000, "link": "https://www.sec.gov/Archives/edgar/data/874716/000087471604000045/0000874716-04-000045-index.htm", "finalLink": "https://www.sec.gov/Archives/edgar/data/874716/000087471604000045/form10q_mar312004.htm"}, {"date": "2003-12-31", "symbol": "IDXX", "fillingDate": "2004-03-03", "acceptedDate": "2004-03-03 16:47:13", "period": "FY", "revenue": 284583000, "costOfRevenue": 191914000, "grossProfit": 92669000, "grossProfitRatio": 0.32563083529234, "researchAndDevelopmentExpenses": 24980000, "generalAndAdministrativeExpenses": 34705000, "sellingAndMarketingExpenses": 57772000, "otherExpenses": 0.0, "operatingExpenses": 117457000, "costAndExpenses": 309371000, "interestExpense": 0.0, "depreciationAndAmortization": 3536000.0, "ebitda": 65623000, "ebitdaratio": 0.23059353510223732, "operatingIncome": 62087000, "operatingIncomeRatio": 0.21816833753245976, "totalOtherIncomeExpensesNet": 0.0, "incomeBeforeTax": 64340000, "incomeBeforeTaxRatio": 0.2260851842871851, "incomeTaxExpense": 19847000, "netIncome": 44607000, "netIncomeRatio": 0.15674513235154594, "eps": 1.67, "epsdiluted": 1.59, "weightedAverageShsOut": 34271000, "weightedAverageShsOutDil": 35931000, "link": "https://www.sec.gov/Archives/edgar/data/874716/000095013504001102/0000950135-04-001102-index.htm", "finalLink": "https://www.sec.gov/Archives/edgar/data/874716/000095013504001102/b48970ile10vk.htm"}, {"date": "2003-09-30", "symbol": "IDXX", "fillingDate": "2003-11-13", "acceptedDate": "2003-11-13 10:54:45", "period": "Q1", "revenue": 78701000, "costOfRevenue": 53774000, "grossProfit": 24927000, "grossProfitRatio": 0.31673041003290936, "researchAndDevelopmentExpenses": 7339000.0, "generalAndAdministrativeExpenses": 11047000, "sellingAndMarketingExpenses": 14074000, "otherExpenses": 0.0, "operatingExpenses": 32460000, "costAndExpenses": 86234000, "interestExpense": 0.0, "depreciationAndAmortization": 15361000, "ebitda": 33661000, "ebitdaratio": 0.42770739888946774, "operatingIncome": 18300000, "operatingIncomeRatio": 0.23252563499828466, "totalOtherIncomeExpensesNet": 0.0, "incomeBeforeTax": 18914000, "incomeBeforeTaxRatio": 0.24032731477363692, "incomeTaxExpense": 6431000.0, "netIncome": 12483000, "netIncomeRatio": 0.1586129782340758, "eps": 0.37, "epsdiluted": 0.36, "weightedAverageShsOut": 33301000, "weightedAverageShsOutDil": 34632000, "link": "https://www.sec.gov/Archives/edgar/data/874716/000087471603000108/0000874716-03-000108-index.htm", "finalLink": "https://www.sec.gov/Archives/edgar/data/874716/000087471603000108/form10qsept302003.htm"}, {"date": "2003-06-30", "symbol": "IDXX", "fillingDate": "2003-08-14", "acceptedDate": "2003-08-14 11:45:40", "period": "Q1", "revenue": 79141000, "costOfRevenue": 55795000, "grossProfit": 23346000, "grossProfitRatio": 0.294992481773038, "researchAndDevelopmentExpenses": 7726000.0, "generalAndAdministrativeExpenses": 9078000.0, "sellingAndMarketingExpenses": 14392000, "otherExpenses": 0.0, "operatingExpenses": 31196000, "costAndExpenses": 86991000, "interestExpense": 0.0, "depreciationAndAmortization": 9682000.0, "ebitda": 28381000, "ebitdaratio": 0.35861310824983256, "operatingIncome": 18699000, "operatingIncomeRatio": 0.23627449741600434, "totalOtherIncomeExpensesNet": 0.0, "incomeBeforeTax": 19642000, "incomeBeforeTaxRatio": 0.24818993947511403, "incomeTaxExpense": 6678000.0, "netIncome": 12964000, "netIncomeRatio": 0.16380889804273385, "eps": 0.38, "epsdiluted": 0.37, "weightedAverageShsOut": 33821000, "weightedAverageShsOutDil": 35193000, "link": "https://www.sec.gov/Archives/edgar/data/874716/000087471603000079/0000874716-03-000079-index.htm", "finalLink": "https://www.sec.gov/Archives/edgar/data/874716/000087471603000079/form10q_june302003.htm"}, {"date": "2003-03-31", "symbol": "IDXX", "fillingDate": "2003-05-14", "acceptedDate": "2003-05-14 10:08:59", "period": "Q1", "revenue": 71567000, "costOfRevenue": 53490000, "grossProfit": 18077000, "grossProfitRatio": 0.2525884835189403, "researchAndDevelopmentExpenses": 7182000.0, "generalAndAdministrativeExpenses": 11865000, "sellingAndMarketingExpenses": 13698000, "otherExpenses": 0.0, "operatingExpenses": 32745000, "costAndExpenses": 86235000, "interestExpense": 0.0, "depreciationAndAmortization": 4674000.0, "ebitda": 14990000, "ebitdaratio": 0.20945407799684213, "operatingIncome": 10316000, "operatingIncomeRatio": 0.1441446476728101, "totalOtherIncomeExpensesNet": 0.0, "incomeBeforeTax": 10886000, "incomeBeforeTaxRatio": 0.15210921234647254, "incomeTaxExpense": 3701000.0, "netIncome": 7185000.0, "netIncomeRatio": 0.1003954336495871, "eps": 0.21, "epsdiluted": 0.21, "weightedAverageShsOut": 33883000, "weightedAverageShsOutDil": 35017000, "link": "https://www.sec.gov/Archives/edgar/data/874716/000087471603000050/0000874716-03-000050-index.htm", "finalLink": "https://www.sec.gov/Archives/edgar/data/874716/000087471603000050/form10q_march312003.htm"}, {"date": "2002-12-31", "symbol": "IDXX", "fillingDate": "2003-03-20", "acceptedDate": "2003-03-20 16:55:51", "period": "FY", "revenue": 280485000, "costOfRevenue": 190256000, "grossProfit": 90229000, "grossProfitRatio": 0.3216892168921689, "researchAndDevelopmentExpenses": 28292000, "generalAndAdministrativeExpenses": 40677000, "sellingAndMarketingExpenses": 54956000, "otherExpenses": 0.0, "operatingExpenses": 123925000, "costAndExpenses": 314181000, "interestExpense": 0.0, "depreciationAndAmortization": 4120000.0, "ebitda": 57371000, "ebitdaratio": 0.20454213237784552, "operatingIncome": 53251000, "operatingIncomeRatio": 0.1898532898372462, "totalOtherIncomeExpensesNet": 0.0, "incomeBeforeTax": 58247000, "incomeBeforeTaxRatio": 0.2076652940442448, "incomeTaxExpense": 21615000, "netIncome": 36632000, "netIncomeRatio": 0.1306023495017559, "eps": 1.06, "epsdiluted": 1.02, "weightedAverageShsOut": 34574000, "weightedAverageShsOutDil": 36081000, "link": "https://www.sec.gov/Archives/edgar/data/874716/000087471603000033/0000874716-03-000033-index.htm", "finalLink": "https://www.sec.gov/Archives/edgar/data/874716/000087471603000033/form10kmar15edgar.htm"}, {"date": "2002-09-30", "symbol": "IDXX", "fillingDate": "2002-11-14", "acceptedDate": "2002-11-14 16:42:33", "period": "Q3", "revenue": 201085000, "costOfRevenue": 107264000, "grossProfit": 93821000, "grossProfitRatio": 0.4665738369346296, "researchAndDevelopmentExpenses": 14521000, "generalAndAdministrativeExpenses": 22912000, "sellingAndMarketingExpenses": 27772000, "otherExpenses": 0.0, "operatingExpenses": 65205000, "costAndExpenses": 172469000, "interestExpense": 0.0, "depreciationAndAmortization": 5679000.0, "ebitda": 34295000, "ebitdaratio": 0.17054976751125145, "operatingIncome": 28616000, "operatingIncomeRatio": 0.14230797921277072, "totalOtherIncomeExpensesNet": 0.0, "incomeBeforeTax": 29800000, "incomeBeforeTaxRatio": 0.14819603650197677, "incomeTaxExpense": 10132000, "netIncome": 19668000, "netIncomeRatio": 0.09780938409130467, "eps": 0.97, "epsdiluted": 0.97, "weightedAverageShsOut": 33666000, "weightedAverageShsOutDil": 33666000, "link": "https://www.sec.gov/Archives/edgar/data/874716/000087471602000008/0000874716-02-000008-index.htm", "finalLink": "https://www.sec.gov/Archives/edgar/data/874716/000087471602000008/final10qthirdq02.htm"}, {"date": "2002-06-30", "symbol": "IDXX", "fillingDate": "2002-08-14", "acceptedDate": "2002-08-14 14:24:05", "period": "Q2", "revenue": 9139000.0, "costOfRevenue": 2305000.0, "grossProfit": 6834000.0, "grossProfitRatio": 0.747784221468432, "researchAndDevelopmentExpenses": 544000.0, "generalAndAdministrativeExpenses": -2787000.0, "sellingAndMarketingExpenses": 694000.0, "otherExpenses": 0.0, "operatingExpenses": -1549000.0, "costAndExpenses": 756000.0, "interestExpense": 0.0, "depreciationAndAmortization": 5008000.0, "ebitda": 13391000, "ebitdaratio": 1.4652587810482547, "operatingIncome": 8383000.0, "operatingIncomeRatio": 0.9172776014881278, "totalOtherIncomeExpensesNet": 0.0, "incomeBeforeTax": 8756000.0, "incomeBeforeTaxRatio": 0.9580916949338002, "incomeTaxExpense": 2977000.0, "netIncome": 5779000.0, "netIncomeRatio": 0.6323448955027903, "eps": 0.38, "epsdiluted": 0.38, "weightedAverageShsOut": 33821000, "weightedAverageShsOutDil": 33821000, "link": "https://www.sec.gov/Archives/edgar/data/874716/000087471602000007/0000874716-02-000007-index.htm", "finalLink": "https://www.sec.gov/Archives/edgar/data/874716/000087471602000007/q210q2002.htm"}, {"date": "2002-03-31", "symbol": "IDXX", "fillingDate": "2002-05-14", "acceptedDate": "2002-05-14 16:49:22", "period": "Q1", "revenue": 96551000, "costOfRevenue": 53490000, "grossProfit": 43061000, "grossProfitRatio": 0.4459922735134799, "researchAndDevelopmentExpenses": 7182000.0, "generalAndAdministrativeExpenses": 11865000, "sellingAndMarketingExpenses": 13698000, "otherExpenses": 0.0, "operatingExpenses": 32745000, "costAndExpenses": 86235000, "interestExpense": 0.0, "depreciationAndAmortization": 4674000.0, "ebitda": 14990000, "ebitdaratio": 0.15525473583909022, "operatingIncome": 10316000, "operatingIncomeRatio": 0.10684508705243861, "totalOtherIncomeExpensesNet": 0.0, "incomeBeforeTax": 10886000, "incomeBeforeTaxRatio": 0.11274870275812783, "incomeTaxExpense": 3701000.0, "netIncome": 7185000.0, "netIncomeRatio": 0.07441662955329308, "eps": 0.21, "epsdiluted": 0.21, "weightedAverageShsOut": 33883000, "weightedAverageShsOutDil": 33883000, "link": "https://www.sec.gov/Archives/edgar/data/874716/000087471602000006/0000874716-02-000006-index.htm", "finalLink": "https://www.sec.gov/Archives/edgar/data/874716/000087471602000006/final10q1st02.htm"}, {"date": "2001-12-31", "symbol": "IDXX", "fillingDate": "2002-03-21", "acceptedDate": "2002-03-21 00:00:00", "period": "FY", "revenue": 95132000, "costOfRevenue": 51600000, "grossProfit": 43532000, "grossProfitRatio": 0.45759576167850985, "researchAndDevelopmentExpenses": 6437000.0, "generalAndAdministrativeExpenses": 9445000.0, "sellingAndMarketingExpenses": 12781000, "otherExpenses": 0.0, "operatingExpenses": 28663000, "costAndExpenses": 80263000, "interestExpense": 0.0, "depreciationAndAmortization": 6825000.0, "ebitda": 21694000, "ebitdaratio": 0.22804103771601564, "operatingIncome": 14869000, "operatingIncomeRatio": 0.15629861665895808, "totalOtherIncomeExpensesNet": 0.0, "incomeBeforeTax": 15356000, "incomeBeforeTaxRatio": 0.16141781945086828, "incomeTaxExpense": 5528000.0, "netIncome": 9828000.0, "netIncomeRatio": 0.10330908632216289, "eps": 1.129967260385066, "epsdiluted": 1.086027713625866, "weightedAverageShsOut": 33293000, "weightedAverageShsOutDil": 34640000, "link": "https://www.sec.gov/Archives/edgar/data/874716/000087471602000001/0000874716-02-000001-index.htm", "finalLink": "https://www.sec.gov/Archives/edgar/data/874716/000087471602000001/final10k2001.htm"}, {"date": "2001-09-30", "symbol": "IDXX", "fillingDate": "2001-11-09", "acceptedDate": "2001-11-09 00:00:00", "period": "Q3", "revenue": 97522000, "costOfRevenue": 51101000, "grossProfit": 46421000, "grossProfitRatio": 0.4760054141629581, "researchAndDevelopmentExpenses": 6956000.0, "generalAndAdministrativeExpenses": 10569000, "sellingAndMarketingExpenses": 13449000, "otherExpenses": 0.0, "operatingExpenses": 30974000, "costAndExpenses": 82075000, "interestExpense": 0.0, "depreciationAndAmortization": 5082000.0, "ebitda": 20529000, "ebitdaratio": 0.21050634728574066, "operatingIncome": 15447000, "operatingIncomeRatio": 0.15839502881401119, "totalOtherIncomeExpensesNet": 0.0, "incomeBeforeTax": 15964000, "incomeBeforeTaxRatio": 0.16369639671048583, "incomeTaxExpense": 5747000.0, "netIncome": 10217000, "netIncomeRatio": 0.1047661040585714, "eps": 0.0, "epsdiluted": 0.0, "weightedAverageShsOut": 0.0, "weightedAverageShsOutDil": 0.0, "link": "https://www.sec.gov/Archives/edgar/data/874716/000087471601500012/0000874716-01-500012-index.htm", "finalLink": "https://www.sec.gov/Archives/edgar/data/874716/000087471601500012/q30110q.htm"}, {"date": "2001-06-30", "symbol": "IDXX", "fillingDate": "2001-08-14", "acceptedDate": "2001-08-14 00:00:00", "period": "Q2", "revenue": 102001000, "costOfRevenue": 52488000, "grossProfit": 49513000, "grossProfitRatio": 0.4854168096391212, "researchAndDevelopmentExpenses": 7608000.0, "generalAndAdministrativeExpenses": 10874000, "sellingAndMarketingExpenses": 15983000, "otherExpenses": 0.0, "operatingExpenses": 34465000, "costAndExpenses": 86953000, "interestExpense": 0.0, "depreciationAndAmortization": 5173000.0, "ebitda": 20221000, "ebitdaratio": 0.19824315447887766, "operatingIncome": 15048000, "operatingIncomeRatio": 0.1475279654121038, "totalOtherIncomeExpensesNet": 0.0, "incomeBeforeTax": 15572000, "incomeBeforeTaxRatio": 0.15266516994931423, "incomeTaxExpense": 5606000.0, "netIncome": 9966000.0, "netIncomeRatio": 0.09770492446152489, "eps": 0.0, "epsdiluted": 0.0, "weightedAverageShsOut": 0.0, "weightedAverageShsOutDil": 0.0, "link": "https://www.sec.gov/Archives/edgar/data/874716/000087471601500009/0000874716-01-500009-index.htm", "finalLink": "https://www.sec.gov/Archives/edgar/data/874716/000087471601500009/q20110qb.htm"}, {"date": "2001-03-31", "symbol": "IDXX", "fillingDate": "2001-05-15", "acceptedDate": "2001-05-15 00:00:00", "period": "Q1", "revenue": 91426000, "costOfRevenue": 47561000, "grossProfit": 43865000, "grossProfitRatio": 0.47978693150744867, "researchAndDevelopmentExpenses": 7425000.0, "generalAndAdministrativeExpenses": 10378000, "sellingAndMarketingExpenses": 14874000, "otherExpenses": 0.0, "operatingExpenses": 32677000, "costAndExpenses": 80238000, "interestExpense": 0.0, "depreciationAndAmortization": 5149000.0, "ebitda": 16337000, "ebitdaratio": 0.17869096318333952, "operatingIncome": 11188000, "operatingIncomeRatio": 0.12237219171789207, "totalOtherIncomeExpensesNet": 0.0, "incomeBeforeTax": 11889000, "incomeBeforeTaxRatio": 0.13003959486360553, "incomeTaxExpense": 4280000.0, "netIncome": 7609000.0, "netIncomeRatio": 0.08322577822501258, "eps": 0.0, "epsdiluted": 0.0, "weightedAverageShsOut": 34574000, "weightedAverageShsOutDil": 36081000, "link": "https://www.sec.gov/Archives/edgar/data/874716/000087471601500007/0000874716-01-500007-index.htm", "finalLink": "https://www.sec.gov/Archives/edgar/data/874716/000087471601500007/form10q101a.htm"}]