[{"date": "2020-03-31", "symbol": "ALXN", "fillingDate": "2020-05-06", "acceptedDate": "2020-05-06 07:23:44", "period": "Q1", "revenue": 1444800000, "costOfRevenue": 111700000, "grossProfit": 1333100000, "grossProfitRatio": 0.9226882613510521, "researchAndDevelopmentExpenses": 200900000, "generalAndAdministrativeExpenses": 319900000, "sellingAndMarketingExpenses": 0, "otherExpenses": 0, "operatingExpenses": 520800000, "costAndExpenses": 749300000, "interestExpense": 25800000, "depreciationAndAmortization": 89300000, "ebitda": 784800000, "ebitdaratio": 0.543189368771, "operatingIncome": 695500000, "operatingIncomeRatio": 0.481381506091, "totalOtherIncomeExpensesNet": 0, "incomeBeforeTax": 663600000, "incomeBeforeTaxRatio": 0.459302325581, "incomeTaxExpense": 106000000, "netIncome": 557600000, "netIncomeRatio": 0.385935769657, "eps": 2.52, "epsdiluted": 2.5, "weightedAverageShsOut": 221600000, "weightedAverageShsOutDil": 222600000, "link": "https://www.sec.gov/Archives/edgar/data/899866/000089986620000042/0000899866-20-000042-index.htm", "finalLink": "https://www.sec.gov/Archives/edgar/data/899866/000089986620000042/alxn331202010q.htm"}, {"date": "2019-12-31", "symbol": "ALXN", "fillingDate": "2020-02-04", "acceptedDate": "2020-02-04 06:30:53", "period": "FY", "revenue": 1384300000, "costOfRevenue": 114300000, "grossProfit": 1270000000, "grossProfitRatio": 0.9174311926605505, "researchAndDevelopmentExpenses": 269600000, "generalAndAdministrativeExpenses": 381000000, "sellingAndMarketingExpenses": 0, "otherExpenses": 78400000, "operatingExpenses": 729000000, "costAndExpenses": 843300000, "interestExpense": 21700000, "depreciationAndAmortization": 90600000, "ebitda": 631600000, "ebitdaratio": 0.456259481326, "operatingIncome": 541000000, "operatingIncomeRatio": 0.390811240338, "totalOtherIncomeExpensesNet": 33000000, "incomeBeforeTax": 602000000, "incomeBeforeTaxRatio": 0.43465703971119135, "incomeTaxExpense": -286000000, "netIncome": 889000000, "netIncomeRatio": 0.642201834862, "eps": 4, "epsdiluted": 3.98, "weightedAverageShsOut": 223200000, "weightedAverageShsOutDil": 224800000, "link": "https://www.sec.gov/Archives/edgar/data/899866/000089986620000012/0000899866-20-000012-index.htm", "finalLink": "https://www.sec.gov/Archives/edgar/data/899866/000089986620000012/alxn10k12312019.htm"}, {"date": "2019-09-30", "symbol": "ALXN", "fillingDate": "2019-10-23", "acceptedDate": "2019-10-23 07:56:30", "period": "Q3", "revenue": 1263100000, "costOfRevenue": 95200000, "grossProfit": 1167900000, "grossProfitRatio": 0.9246298788694481, "researchAndDevelopmentExpenses": 232900000, "generalAndAdministrativeExpenses": 299300000, "sellingAndMarketingExpenses": 0, "otherExpenses": 105700000, "operatingExpenses": 637900000, "costAndExpenses": 733100000, "interestExpense": 17900000, "depreciationAndAmortization": 92500000, "ebitda": 622500000, "ebitdaratio": 0.492835088275, "operatingIncome": 530000000, "operatingIncomeRatio": 0.419602565118, "totalOtherIncomeExpensesNet": 0, "incomeBeforeTax": 535500000, "incomeBeforeTaxRatio": 0.423956931359, "incomeTaxExpense": 67900000, "netIncome": 467600000, "netIncomeRatio": 0.370200300847, "eps": 2.09, "epsdiluted": 2.08, "weightedAverageShsOut": 223800000, "weightedAverageShsOutDil": 225400000, "link": "https://www.sec.gov/Archives/edgar/data/899866/000089986619000099/0000899866-19-000099-index.htm", "finalLink": "https://www.sec.gov/Archives/edgar/data/899866/000089986619000099/alxn930201910q.htm"}, {"date": "2019-06-30", "symbol": "ALXN", "fillingDate": "2019-07-24", "acceptedDate": "2019-07-24 08:00:01", "period": "Q2", "revenue": 1203300000, "costOfRevenue": 99200000, "grossProfit": 1104100000, "grossProfitRatio": 0.9175600432144935, "researchAndDevelopmentExpenses": 187600000, "generalAndAdministrativeExpenses": 299300000, "sellingAndMarketingExpenses": 0, "otherExpenses": 84600000, "operatingExpenses": 571500000, "costAndExpenses": 670700000, "interestExpense": 18300000, "depreciationAndAmortization": 96500000, "ebitda": 629100000, "ebitdaratio": 0.522812266268, "operatingIncome": 532600000, "operatingIncomeRatio": 0.442616138951, "totalOtherIncomeExpensesNet": 0, "incomeBeforeTax": 499500000, "incomeBeforeTaxRatio": 0.415108451758, "incomeTaxExpense": 39700000, "netIncome": 459800000, "netIncomeRatio": 0.382115848084, "eps": 2.05, "epsdiluted": 2.03, "weightedAverageShsOut": 224000000, "weightedAverageShsOutDil": 225700000, "link": "https://www.sec.gov/Archives/edgar/data/899866/000089986619000087/0000899866-19-000087-index.htm", "finalLink": "https://www.sec.gov/Archives/edgar/data/899866/000089986619000087/alxn630201910q.htm"}, {"date": "2019-03-31", "symbol": "ALXN", "fillingDate": "2019-04-25", "acceptedDate": "2019-04-25 08:51:04", "period": "Q1", "revenue": 1140400000, "costOfRevenue": 85800000, "grossProfit": 1054600000, "grossProfitRatio": 0.9247632409680814, "researchAndDevelopmentExpenses": 195900000, "generalAndAdministrativeExpenses": 281500000, "sellingAndMarketingExpenses": 0, "otherExpenses": 60400000, "operatingExpenses": 537800000, "costAndExpenses": 623600000, "interestExpense": 19900000, "depreciationAndAmortization": 97200000, "ebitda": 614000000, "ebitdaratio": 0.538407576289, "operatingIncome": 516800000, "operatingIncomeRatio": 0.453174324798, "totalOtherIncomeExpensesNet": 2000000, "incomeBeforeTax": 541800000, "incomeBeforeTaxRatio": 0.475096457383, "incomeTaxExpense": -46000000, "netIncome": 587900000, "netIncomeRatio": 0.51552086987, "eps": 2.63, "epsdiluted": 2.61, "weightedAverageShsOut": 223800000, "weightedAverageShsOutDil": 225500000, "link": "https://www.sec.gov/Archives/edgar/data/899866/000089986619000061/0000899866-19-000061-index.htm", "finalLink": "https://www.sec.gov/Archives/edgar/data/899866/000089986619000061/alxn3311910q.htm"}, {"date": "2018-12-31", "symbol": "ALXN", "fillingDate": "2019-02-06", "acceptedDate": "2019-02-06 09:03:21", "period": "FY", "revenue": 1128800000, "costOfRevenue": 96800000, "grossProfit": 1032000000, "grossProfitRatio": 0.9142452161587526, "researchAndDevelopmentExpenses": 205600000, "generalAndAdministrativeExpenses": 318700000, "sellingAndMarketingExpenses": 0, "otherExpenses": 464000000, "operatingExpenses": 988300000, "costAndExpenses": 1085100000, "interestExpense": 24500000, "depreciationAndAmortization": 98400000, "ebitda": 142100000, "ebitdaratio": 0.125885896527, "operatingIncome": 43700000, "operatingIncomeRatio": 0.0387136782424, "totalOtherIncomeExpensesNet": 2000000, "incomeBeforeTax": -33000000, "incomeBeforeTaxRatio": -0.029229406554472984, "incomeTaxExpense": 12100000, "netIncome": -45000000, "netIncomeRatio": -0.03985828166519043, "eps": -0.2, "epsdiluted": -0.2, "weightedAverageShsOut": 222700000, "weightedAverageShsOutDil": 224500000, "link": "https://www.sec.gov/Archives/edgar/data/899866/000089986619000010/0000899866-19-000010-index.htm", "finalLink": "https://www.sec.gov/Archives/edgar/data/899866/000089986619000010/alxn10k12312018.htm"}, {"date": "2018-09-30", "symbol": "ALXN", "fillingDate": "2018-10-24", "acceptedDate": "2018-10-24 16:27:34", "period": "Q3", "revenue": 1026500000, "costOfRevenue": 90600000, "grossProfit": 935900000, "grossProfitRatio": 0.911738918655626, "researchAndDevelopmentExpenses": 174800000, "generalAndAdministrativeExpenses": 258700000, "sellingAndMarketingExpenses": 0, "otherExpenses": 143800000, "operatingExpenses": 577300000, "costAndExpenses": 667900000, "interestExpense": 24600000, "depreciationAndAmortization": 104900000, "ebitda": 463500000, "ebitdaratio": 0.45153433999, "operatingIncome": 358600000, "operatingIncomeRatio": 0.349342425718, "totalOtherIncomeExpensesNet": 2000000, "incomeBeforeTax": 342100000, "incomeBeforeTaxRatio": 0.333268387725, "incomeTaxExpense": 11200000, "netIncome": 330900000, "netIncomeRatio": 0.322357525572, "eps": 1.49, "epsdiluted": 1.49, "weightedAverageShsOut": 222500000, "weightedAverageShsOutDil": 224200000, "link": "https://www.sec.gov/Archives/edgar/data/899866/000089986618000131/0000899866-18-000131-index.htm", "finalLink": "https://www.sec.gov/Archives/edgar/data/899866/000089986618000131/alxn9301810q.htm"}, {"date": "2018-06-30", "symbol": "ALXN", "fillingDate": "2018-07-26", "acceptedDate": "2018-07-26 16:40:18", "period": "Q2", "revenue": 1045000000, "costOfRevenue": 95300000, "grossProfit": 949700000, "grossProfitRatio": 0.9088038277511962, "researchAndDevelopmentExpenses": 173400000, "generalAndAdministrativeExpenses": 277300000, "sellingAndMarketingExpenses": 0, "otherExpenses": 899100000, "operatingExpenses": 1349800000, "costAndExpenses": 1445100000, "interestExpense": 25000000, "depreciationAndAmortization": 100500000, "ebitda": -298500000, "ebitdaratio": -0.2856459330143541, "operatingIncome": -399000000, "operatingIncomeRatio": -0.38181818181818183, "totalOtherIncomeExpensesNet": -1000000, "incomeBeforeTax": -418000000, "incomeBeforeTaxRatio": -0.4, "incomeTaxExpense": 38800000, "netIncome": -457000000, "netIncomeRatio": -0.43732057416267944, "eps": -2.06, "epsdiluted": -2.05, "weightedAverageShsOut": 222300000, "weightedAverageShsOutDil": 222300000, "link": "https://www.sec.gov/Archives/edgar/data/899866/000089986618000121/0000899866-18-000121-index.htm", "finalLink": "https://www.sec.gov/Archives/edgar/data/899866/000089986618000121/alxn6301810q.htm"}, {"date": "2018-03-31", "symbol": "ALXN", "fillingDate": "2018-04-26", "acceptedDate": "2018-04-26 16:05:12", "period": "Q1", "revenue": 930900000, "costOfRevenue": 91600000, "grossProfit": 839300000, "grossProfitRatio": 0.9016006015683747, "researchAndDevelopmentExpenses": 176600000, "generalAndAdministrativeExpenses": 257100000, "sellingAndMarketingExpenses": 0, "otherExpenses": 138200000, "operatingExpenses": 571900000, "costAndExpenses": 663500000, "interestExpense": 24100000, "depreciationAndAmortization": 101500000, "ebitda": 368900000, "ebitdaratio": 0.396283166828, "operatingIncome": 267400000, "operatingIncomeRatio": 0.287248898915, "totalOtherIncomeExpensesNet": 2000000, "incomeBeforeTax": 351600000, "incomeBeforeTaxRatio": 0.377699000967, "incomeTaxExpense": 102500000, "netIncome": 249100000, "netIncomeRatio": 0.267590503814, "eps": 1.12, "epsdiluted": 1.11, "weightedAverageShsOut": 222100000, "weightedAverageShsOutDil": 223700000, "link": "https://www.sec.gov/Archives/edgar/data/899866/000089986618000076/0000899866-18-000076-index.htm", "finalLink": "https://www.sec.gov/Archives/edgar/data/899866/000089986618000076/alxn3311810q.htm"}, {"date": "2017-12-31", "symbol": "ALXN", "fillingDate": "2018-02-08", "acceptedDate": "2018-02-08 16:26:33", "period": "FY", "revenue": 910100000, "costOfRevenue": 144200000, "grossProfit": 765900000, "grossProfitRatio": 0.8415558729809911, "researchAndDevelopmentExpenses": 265400000, "generalAndAdministrativeExpenses": 296400000, "sellingAndMarketingExpenses": 0, "otherExpenses": 94700000, "operatingExpenses": 656500000, "costAndExpenses": 800700000, "interestExpense": 25400000, "depreciationAndAmortization": 185700000, "ebitda": 295100000, "ebitdaratio": 0.324250082409, "operatingIncome": 109400000, "operatingIncomeRatio": 0.120206570707, "totalOtherIncomeExpensesNet": 0, "incomeBeforeTax": 89800000, "incomeBeforeTaxRatio": 0.0986704757719, "incomeTaxExpense": 59500000, "netIncome": 30300000, "netIncomeRatio": 0.0332930447204, "eps": 0.14, "epsdiluted": 0.14, "weightedAverageShsOut": 223900000, "weightedAverageShsOutDil": 225400000, "link": "https://www.sec.gov/Archives/edgar/data/899866/000089986618000022/0000899866-18-000022-index.htm", "finalLink": "https://www.sec.gov/Archives/edgar/data/899866/000089986618000022/alxn10k12312017.htm"}, {"date": "2017-09-30", "symbol": "ALXN", "fillingDate": "2017-10-26", "acceptedDate": "2017-10-26 16:06:12", "period": "Q3", "revenue": 859000000, "costOfRevenue": 157000000, "grossProfit": 702000000, "grossProfitRatio": 0.8172293364377182, "researchAndDevelopmentExpenses": 195000000, "generalAndAdministrativeExpenses": 271000000, "sellingAndMarketingExpenses": 0, "otherExpenses": 156000000, "operatingExpenses": 622000000, "costAndExpenses": 779000000, "interestExpense": 25000000, "depreciationAndAmortization": 110000000, "ebitda": 190000000, "ebitdaratio": 0.221187427241, "operatingIncome": 80000000, "operatingIncomeRatio": 0.093131548312, "totalOtherIncomeExpensesNet": -2000000, "incomeBeforeTax": 58000000, "incomeBeforeTaxRatio": 0.0675203725262, "incomeTaxExpense": -20000000, "netIncome": 78000000, "netIncomeRatio": 0.0908032596042, "eps": 0.35, "epsdiluted": 0.34, "weightedAverageShsOut": 224000000, "weightedAverageShsOutDil": 226000000, "link": "https://www.sec.gov/Archives/edgar/data/899866/000089986617000174/0000899866-17-000174-index.htm", "finalLink": "https://www.sec.gov/Archives/edgar/data/899866/000089986617000174/alxn9301710q.htm"}, {"date": "2017-06-30", "symbol": "ALXN", "fillingDate": "2017-07-27", "acceptedDate": "2017-07-27 16:10:01", "period": "Q2", "revenue": 912000000, "costOfRevenue": 84000000, "grossProfit": 828000000, "grossProfitRatio": 0.9078947368421053, "researchAndDevelopmentExpenses": 199000000, "generalAndAdministrativeExpenses": 265000000, "sellingAndMarketingExpenses": 0, "otherExpenses": 138000000, "operatingExpenses": 602000000, "costAndExpenses": 686000000, "interestExpense": 24000000, "depreciationAndAmortization": 102000000, "ebitda": 328000000, "ebitdaratio": 0.359649122807, "operatingIncome": 226000000, "operatingIncomeRatio": 0.247807017544, "totalOtherIncomeExpensesNet": 0, "incomeBeforeTax": 206000000, "incomeBeforeTaxRatio": 0.225877192982, "incomeTaxExpense": 41000000, "netIncome": 165000000, "netIncomeRatio": 0.180921052632, "eps": 0.73, "epsdiluted": 0.74, "weightedAverageShsOut": 225000000, "weightedAverageShsOutDil": 225000000, "link": "https://www.sec.gov/Archives/edgar/data/899866/000089986617000153/0000899866-17-000153-index.htm", "finalLink": "https://www.sec.gov/Archives/edgar/data/899866/000089986617000153/alxn6301710q.htm"}, {"date": "2017-03-31", "symbol": "ALXN", "fillingDate": "2017-04-27", "acceptedDate": "2017-04-27 16:07:26", "period": "Q1", "revenue": 870000000, "costOfRevenue": 69000000, "grossProfit": 801000000, "grossProfitRatio": 0.9206896551724137, "researchAndDevelopmentExpenses": 219000000, "generalAndAdministrativeExpenses": 262000000, "sellingAndMarketingExpenses": 0, "otherExpenses": 108000000, "operatingExpenses": 589000000, "costAndExpenses": 658000000, "interestExpense": 24000000, "depreciationAndAmortization": 99000000, "ebitda": 311000000, "ebitdaratio": 0.357471264368, "operatingIncome": 212000000, "operatingIncomeRatio": 0.24367816092, "totalOtherIncomeExpensesNet": 2000000, "incomeBeforeTax": 194000000, "incomeBeforeTaxRatio": 0.222988505747, "incomeTaxExpense": 24000000, "netIncome": 170000000, "netIncomeRatio": 0.195402298851, "eps": 0.76, "epsdiluted": 0.75, "weightedAverageShsOut": 224000000, "weightedAverageShsOutDil": 226000000, "link": "https://www.sec.gov/Archives/edgar/data/899866/000089986617000084/0000899866-17-000084-index.htm", "finalLink": "https://www.sec.gov/Archives/edgar/data/899866/000089986617000084/alxn3311710q.htm"}, {"date": "2016-12-31", "symbol": "ALXN", "fillingDate": "2017-02-16", "acceptedDate": "2017-02-16 17:22:36", "period": "FY", "revenue": 830740000, "costOfRevenue": 67292000, "grossProfit": 763448000, "grossProfitRatio": 0.9189975202831211, "researchAndDevelopmentExpenses": 205712000, "generalAndAdministrativeExpenses": 259509000, "sellingAndMarketingExpenses": 0, "otherExpenses": 171085000, "operatingExpenses": 636306000, "costAndExpenses": 703598000, "interestExpense": 24510000, "depreciationAndAmortization": 100741000, "ebitda": 227883000, "ebitdaratio": 0.274313262874, "operatingIncome": 127142000, "operatingIncomeRatio": 0.153046681272, "totalOtherIncomeExpensesNet": 0, "incomeBeforeTax": 104323000, "incomeBeforeTaxRatio": 0.125578399981, "incomeTaxExpense": 11887000, "netIncome": 92436000, "netIncomeRatio": 0.111269470592, "eps": 0.41, "epsdiluted": 0.41, "weightedAverageShsOut": 224000000, "weightedAverageShsOutDil": 227000000, "link": "https://www.sec.gov/Archives/edgar/data/899866/000089986617000044/0000899866-17-000044-index.htm", "finalLink": "https://www.sec.gov/Archives/edgar/data/899866/000089986617000044/alxn10k12312016.htm"}, {"date": "2016-09-30", "symbol": "ALXN", "fillingDate": "2017-01-04", "acceptedDate": "2017-01-04 17:16:37", "period": "Q3", "revenue": 799106000, "costOfRevenue": 71095000, "grossProfit": 728011000, "grossProfitRatio": 0.9110318280678659, "researchAndDevelopmentExpenses": 195687000, "generalAndAdministrativeExpenses": 230128000, "sellingAndMarketingExpenses": 0, "otherExpenses": 122890000, "operatingExpenses": 548705000, "costAndExpenses": 619800000, "interestExpense": 24807000, "depreciationAndAmortization": 100680000, "ebitda": 279986000, "ebitdaratio": 0.350374042993, "operatingIncome": 179306000, "operatingIncomeRatio": 0.22438324828, "totalOtherIncomeExpensesNet": 0, "incomeBeforeTax": 158114000, "incomeBeforeTaxRatio": 0.197863612587, "incomeTaxExpense": 58659000, "netIncome": 99455000, "netIncomeRatio": 0.124457831627, "eps": 0.45, "epsdiluted": 0.43, "weightedAverageShsOut": 224454000, "weightedAverageShsOutDil": 226560000, "link": "https://www.sec.gov/Archives/edgar/data/899866/000089986617000002/0000899866-17-000002-index.htm", "finalLink": "https://www.sec.gov/Archives/edgar/data/899866/000089986617000002/alxn9301610q.htm"}, {"date": "2016-06-30", "symbol": "ALXN", "fillingDate": "2016-07-29", "acceptedDate": "2016-07-29 16:11:04", "period": "Q2", "revenue": 753116000, "costOfRevenue": 60627000, "grossProfit": 692489000, "grossProfitRatio": 0.9194984570769974, "researchAndDevelopmentExpenses": 179311000, "generalAndAdministrativeExpenses": 231802000, "sellingAndMarketingExpenses": 0, "otherExpenses": 86670000, "operatingExpenses": 497783000, "costAndExpenses": 558410000, "interestExpense": 23793000, "depreciationAndAmortization": 98311000, "ebitda": 293017000, "ebitdaratio": 0.389072865269, "operatingIncome": 194706000, "operatingIncomeRatio": 0.258533877915, "totalOtherIncomeExpensesNet": 0, "incomeBeforeTax": 169965000, "incomeBeforeTaxRatio": 0.225682365001, "incomeTaxExpense": 55022000, "netIncome": 114943000, "netIncomeRatio": 0.152623234668, "eps": 0.51, "epsdiluted": 0.51, "weightedAverageShsOut": 224593000, "weightedAverageShsOutDil": 226328000, "link": "https://www.sec.gov/Archives/edgar/data/899866/000089986616000328/0000899866-16-000328-index.htm", "finalLink": "https://www.sec.gov/Archives/edgar/data/899866/000089986616000328/alxn6301610q.htm"}, {"date": "2016-03-31", "symbol": "ALXN", "fillingDate": "2016-04-29", "acceptedDate": "2016-04-29 16:29:38", "period": "Q1", "revenue": 701038000, "costOfRevenue": 58986000, "grossProfit": 642052000, "grossProfitRatio": 0.9158590547160068, "researchAndDevelopmentExpenses": 176290000, "generalAndAdministrativeExpenses": 232561000, "sellingAndMarketingExpenses": 0, "otherExpenses": 67355000, "operatingExpenses": 476206000, "costAndExpenses": 535192000, "interestExpense": 23890000, "depreciationAndAmortization": 96268000, "ebitda": 262114000, "ebitdaratio": 0.373894139833, "operatingIncome": 165846000, "operatingIncomeRatio": 0.236572054582, "totalOtherIncomeExpensesNet": 0, "incomeBeforeTax": 143598000, "incomeBeforeTaxRatio": 0.204836257093, "incomeTaxExpense": 51432000, "netIncome": 92166000, "netIncomeRatio": 0.131470761927, "eps": 0.41, "epsdiluted": 0.41, "weightedAverageShsOut": 225060000, "weightedAverageShsOutDil": 226873000, "link": "https://www.sec.gov/Archives/edgar/data/899866/000089986616000290/0000899866-16-000290-index.htm", "finalLink": "https://www.sec.gov/Archives/edgar/data/899866/000089986616000290/alxn3311610q.htm"}, {"date": "2015-12-31", "symbol": "ALXN", "fillingDate": "2016-02-08", "acceptedDate": "2016-02-08 14:30:17", "period": "FY", "revenue": 700867000, "costOfRevenue": 57626000, "grossProfit": 643241000, "grossProfitRatio": 0.9177789794640068, "researchAndDevelopmentExpenses": 191035000, "generalAndAdministrativeExpenses": 241576000, "sellingAndMarketingExpenses": 0, "otherExpenses": 113316000, "operatingExpenses": 545927000, "costAndExpenses": 603553000, "interestExpense": 23151000, "depreciationAndAmortization": 93132000, "ebitda": 190446000, "ebitdaratio": 0.271729158314, "operatingIncome": 97314000, "operatingIncomeRatio": 0.138848026801, "totalOtherIncomeExpensesNet": 0, "incomeBeforeTax": 74546000, "incomeBeforeTaxRatio": 0.106362548101, "incomeTaxExpense": 7942000, "netIncome": 66604000, "netIncomeRatio": 0.0950308689095, "eps": 0.31, "epsdiluted": 0.3, "weightedAverageShsOut": 213431000, "weightedAverageShsOutDil": 215933000, "link": "https://www.sec.gov/Archives/edgar/data/899866/000089986616000226/0000899866-16-000226-index.htm", "finalLink": "https://www.sec.gov/Archives/edgar/data/899866/000089986616000226/alxn10k12312015.htm"}, {"date": "2015-09-30", "symbol": "ALXN", "fillingDate": "2015-11-02", "acceptedDate": "2015-11-02 16:41:31", "period": "Q3", "revenue": 666637000, "costOfRevenue": 54057000, "grossProfit": 612580000, "grossProfitRatio": 0.9189108915346733, "researchAndDevelopmentExpenses": 165664000, "generalAndAdministrativeExpenses": 212520000, "sellingAndMarketingExpenses": 0, "otherExpenses": 79828000, "operatingExpenses": 458012000, "costAndExpenses": 512069000, "interestExpense": 19971000, "depreciationAndAmortization": 49256000, "ebitda": 203824000, "ebitdaratio": 0.305749605857, "operatingIncome": 154568000, "operatingIncomeRatio": 0.231862317873, "totalOtherIncomeExpensesNet": 0, "incomeBeforeTax": 139359000, "incomeBeforeTaxRatio": 0.209047802627, "incomeTaxExpense": 323116000, "netIncome": -183757000, "netIncomeRatio": -0.2756477663256015, "eps": -0.93, "epsdiluted": -0.92, "weightedAverageShsOut": 209373000, "weightedAverageShsOutDil": 211808000, "link": "https://www.sec.gov/Archives/edgar/data/899866/000089986615000189/0000899866-15-000189-index.htm", "finalLink": "https://www.sec.gov/Archives/edgar/data/899866/000089986615000189/alxn9301510q.htm"}, {"date": "2015-06-30", "symbol": "ALXN", "fillingDate": "2015-07-31", "acceptedDate": "2015-07-31 13:50:45", "period": "Q2", "revenue": 636210000, "costOfRevenue": 52007000, "grossProfit": 584203000, "grossProfitRatio": 0.9182549787020009, "researchAndDevelopmentExpenses": 131693000, "generalAndAdministrativeExpenses": 221383000, "sellingAndMarketingExpenses": 0, "otherExpenses": 50045000, "operatingExpenses": 403121000, "costAndExpenses": 455128000, "interestExpense": 3971000, "depreciationAndAmortization": 10051000, "ebitda": 191133000, "ebitdaratio": 0.300424388174, "operatingIncome": 181082000, "operatingIncomeRatio": 0.284626145455, "totalOtherIncomeExpensesNet": 0, "incomeBeforeTax": 177292000, "incomeBeforeTaxRatio": 0.278668992943, "incomeTaxExpense": 7077000, "netIncome": 170215000, "netIncomeRatio": 0.267545307367, "eps": 0.84, "epsdiluted": 0.84, "weightedAverageShsOut": 200806000, "weightedAverageShsOutDil": 203302000, "link": "https://www.sec.gov/Archives/edgar/data/899866/000089986615000135/0000899866-15-000135-index.htm", "finalLink": "https://www.sec.gov/Archives/edgar/data/899866/000089986615000135/alxn6301510q.htm"}, {"date": "2015-03-31", "symbol": "ALXN", "fillingDate": "2015-04-24", "acceptedDate": "2015-04-24 16:06:38", "period": "Q1", "revenue": 600333000, "costOfRevenue": 69399000, "grossProfit": 530934000, "grossProfitRatio": 0.8843991584670507, "researchAndDevelopmentExpenses": 221080000, "generalAndAdministrativeExpenses": 187116000, "sellingAndMarketingExpenses": 0, "otherExpenses": 19031000, "operatingExpenses": 427227000, "costAndExpenses": 496626000, "interestExpense": 651000, "depreciationAndAmortization": 7400000, "ebitda": 111107000, "ebitdaratio": 0.185075616366, "operatingIncome": 103707000, "operatingIncomeRatio": 0.172749124236, "totalOtherIncomeExpensesNet": 0, "incomeBeforeTax": 106945000, "incomeBeforeTaxRatio": 0.178142797414, "incomeTaxExpense": 15622000, "netIncome": 91323000, "netIncomeRatio": 0.152120573082, "eps": 0.46, "epsdiluted": 0.45, "weightedAverageShsOut": 199361000, "weightedAverageShsOutDil": 202034000, "link": "https://www.sec.gov/Archives/edgar/data/899866/000089986615000097/0000899866-15-000097-index.htm", "finalLink": "https://www.sec.gov/Archives/edgar/data/899866/000089986615000097/alxn3311510q.htm"}, {"date": "2014-12-31", "symbol": "ALXN", "fillingDate": "2015-02-06", "acceptedDate": "2015-02-06 16:37:46", "period": "FY", "revenue": 599476000, "costOfRevenue": 49439000, "grossProfit": 550037000, "grossProfitRatio": 0.9175296425544976, "researchAndDevelopmentExpenses": 129110000, "generalAndAdministrativeExpenses": 183776000, "sellingAndMarketingExpenses": 0, "otherExpenses": 33456000, "operatingExpenses": 346342000, "costAndExpenses": 395781000, "interestExpense": 549000, "depreciationAndAmortization": 3025000, "ebitda": 206720000, "ebitdaratio": 0.344834488787, "operatingIncome": 203695000, "operatingIncomeRatio": 0.339788415216, "totalOtherIncomeExpensesNet": 0, "incomeBeforeTax": 205341000, "incomeBeforeTaxRatio": 0.342534146488, "incomeTaxExpense": 52009000, "netIncome": 153332000, "netIncomeRatio": 0.255776711662, "eps": 0.78, "epsdiluted": 0.76, "weightedAverageShsOut": 198103000, "weightedAverageShsOutDil": 201623000, "link": "https://www.sec.gov/Archives/edgar/data/899866/000089986615000016/0000899866-15-000016-index.htm", "finalLink": "https://www.sec.gov/Archives/edgar/data/899866/000089986615000016/alxn10k12312014.htm"}, {"date": "2014-09-30", "symbol": "ALXN", "fillingDate": "2014-10-24", "acceptedDate": "2014-10-24 16:52:52", "period": "Q3", "revenue": 555146000, "costOfRevenue": 51858000, "grossProfit": 503288000, "grossProfitRatio": 0.9065867357415887, "researchAndDevelopmentExpenses": 100661000, "generalAndAdministrativeExpenses": 157665000, "sellingAndMarketingExpenses": 0, "otherExpenses": 8303000, "operatingExpenses": 266629000, "costAndExpenses": 318487000, "interestExpense": 655000, "depreciationAndAmortization": 9353000, "ebitda": 246012000, "ebitdaratio": 0.443148288919, "operatingIncome": 236659000, "operatingIncomeRatio": 0.426300468706, "totalOtherIncomeExpensesNet": 0, "incomeBeforeTax": 236209000, "incomeBeforeTaxRatio": 0.425489871133, "incomeTaxExpense": 58478000, "netIncome": 177731000, "netIncomeRatio": 0.320151815919, "eps": 0.89, "epsdiluted": 0.88, "weightedAverageShsOut": 197910000, "weightedAverageShsOutDil": 201528000, "link": "https://www.sec.gov/Archives/edgar/data/899866/000089986614000225/0000899866-14-000225-index.htm", "finalLink": "https://www.sec.gov/Archives/edgar/data/899866/000089986614000225/alxn9301410q.htm"}, {"date": "2014-06-30", "symbol": "ALXN", "fillingDate": "2014-07-25", "acceptedDate": "2014-07-25 12:19:23", "period": "Q2", "revenue": 512495000, "costOfRevenue": 39626000, "grossProfit": 472869000, "grossProfitRatio": 0.9226802212704515, "researchAndDevelopmentExpenses": 92554000, "generalAndAdministrativeExpenses": 159477000, "sellingAndMarketingExpenses": 0, "otherExpenses": 1989000, "operatingExpenses": 254020000, "costAndExpenses": 293646000, "interestExpense": 715000, "depreciationAndAmortization": 9774000, "ebitda": 228623000, "ebitdaratio": 0.446098010712, "operatingIncome": 218849000, "operatingIncomeRatio": 0.427026605138, "totalOtherIncomeExpensesNet": 0, "incomeBeforeTax": 218646000, "incomeBeforeTaxRatio": 0.426630503712, "incomeTaxExpense": 52151000, "netIncome": 166495000, "netIncomeRatio": 0.324871462161, "eps": 0.84, "epsdiluted": 0.83, "weightedAverageShsOut": 197838000, "weightedAverageShsOutDil": 201715000, "link": "https://www.sec.gov/Archives/edgar/data/899866/000089986614000166/0000899866-14-000166-index.htm", "finalLink": "https://www.sec.gov/Archives/edgar/data/899866/000089986614000166/alxn6301410q.htm"}, {"date": "2014-03-31", "symbol": "ALXN", "fillingDate": "2014-04-25", "acceptedDate": "2014-04-25 15:32:26", "period": "Q1", "revenue": 566616000, "costOfRevenue": 32939000, "grossProfit": 533677000, "grossProfitRatio": 0.9418671551809338, "researchAndDevelopmentExpenses": 191457000, "generalAndAdministrativeExpenses": 129291000, "sellingAndMarketingExpenses": 0, "otherExpenses": 3426000, "operatingExpenses": 324174000, "costAndExpenses": 357113000, "interestExpense": 1063000, "depreciationAndAmortization": 9268000, "ebitda": 218771000, "ebitdaratio": 0.386100992559, "operatingIncome": 209503000, "operatingIncomeRatio": 0.369744235955, "totalOtherIncomeExpensesNet": 0, "incomeBeforeTax": 211911000, "incomeBeforeTaxRatio": 0.37399402770130036, "incomeTaxExpense": 52557000, "netIncome": 159354000, "netIncomeRatio": 0.28123808717, "eps": 0.81, "epsdiluted": 0.79, "weightedAverageShsOut": 197797000, "weightedAverageShsOutDil": 201804000, "link": "https://www.sec.gov/Archives/edgar/data/899866/000089986614000103/0000899866-14-000103-index.htm", "finalLink": "https://www.sec.gov/Archives/edgar/data/899866/000089986614000103/alxn3311410q.htm"}, {"date": "2013-12-31", "symbol": "ALXN", "fillingDate": "2014-02-10", "acceptedDate": "2014-02-10 16:43:11", "period": "FY", "revenue": 441909000, "costOfRevenue": 51552000, "grossProfit": 390357000, "grossProfitRatio": 0.883342498116128, "researchAndDevelopmentExpenses": 85785000, "generalAndAdministrativeExpenses": 134819000, "sellingAndMarketingExpenses": 0, "otherExpenses": 31681000, "operatingExpenses": 252285000, "costAndExpenses": 303837000, "interestExpense": 807000, "depreciationAndAmortization": 9033000, "ebitda": 147105000, "ebitdaratio": 0.332885277286, "operatingIncome": 138072000, "operatingIncomeRatio": 0.31244441729, "totalOtherIncomeExpensesNet": 0, "incomeBeforeTax": 137977000, "incomeBeforeTaxRatio": 2.6764626008690255, "incomeTaxExpense": 156969000, "netIncome": -18992000, "netIncomeRatio": -0.3684047175667287, "eps": -0.11, "epsdiluted": -0.1, "weightedAverageShsOut": 195532000, "weightedAverageShsOutDil": 199712000, "link": "https://www.sec.gov/Archives/edgar/data/899866/000089986614000034/0000899866-14-000034-index.htm", "finalLink": "https://www.sec.gov/Archives/edgar/data/899866/000089986614000034/alxn10k12312013.htm"}, {"date": "2013-09-30", "symbol": "ALXN", "fillingDate": "2013-10-25", "acceptedDate": "2013-10-25 16:53:43", "period": "Q3", "revenue": 400405000, "costOfRevenue": 51358000, "grossProfit": 349047000, "grossProfitRatio": 0.8717348684456987, "researchAndDevelopmentExpenses": 88209000, "generalAndAdministrativeExpenses": 122886000, "sellingAndMarketingExpenses": 0, "otherExpenses": 2677000, "operatingExpenses": 213772000, "costAndExpenses": 265130000, "interestExpense": 1078000, "depreciationAndAmortization": 6671000, "ebitda": 141946000, "ebitdaratio": 0.354506062612, "operatingIncome": 135275000, "operatingIncomeRatio": 0.337845431501, "totalOtherIncomeExpensesNet": 0, "incomeBeforeTax": 134288000, "incomeBeforeTaxRatio": 0.335380427317, "incomeTaxExpense": 40503000, "netIncome": 93785000, "netIncomeRatio": 0.234225346836, "eps": 0.48, "epsdiluted": 0.47, "weightedAverageShsOut": 194520000, "weightedAverageShsOutDil": 198655000, "link": "https://www.sec.gov/Archives/edgar/data/899866/000089986613000178/0000899866-13-000178-index.htm", "finalLink": "https://www.sec.gov/Archives/edgar/data/899866/000089986613000178/alxn9301310q.htm"}, {"date": "2013-06-30", "symbol": "ALXN", "fillingDate": "2013-07-26", "acceptedDate": "2013-07-26 16:21:02", "period": "Q2", "revenue": 370091000, "costOfRevenue": 39377000, "grossProfit": 330714000, "grossProfitRatio": 0.8936018438708317, "researchAndDevelopmentExpenses": 68563000, "generalAndAdministrativeExpenses": 123189000, "sellingAndMarketingExpenses": 0, "otherExpenses": 1271000, "operatingExpenses": 193023000, "costAndExpenses": 232400000, "interestExpense": 1056000, "depreciationAndAmortization": 6723000, "ebitda": 144414000, "ebitdaratio": 0.390212137015, "operatingIncome": 137691000, "operatingIncomeRatio": 0.37204633455, "totalOtherIncomeExpensesNet": 0, "incomeBeforeTax": 137263000, "incomeBeforeTaxRatio": 0.370889862223, "incomeTaxExpense": 41378000, "netIncome": 95885000, "netIncomeRatio": 0.259084927761, "eps": 0.5, "epsdiluted": 0.49, "weightedAverageShsOut": 193944000, "weightedAverageShsOutDil": 198096000, "link": "https://www.sec.gov/Archives/edgar/data/899866/000089986613000136/0000899866-13-000136-index.htm", "finalLink": "https://www.sec.gov/Archives/edgar/data/899866/000089986613000136/alxn6301310q.htm"}, {"date": "2013-03-31", "symbol": "ALXN", "fillingDate": "2013-04-30", "acceptedDate": "2013-04-30 14:32:58", "period": "Q1", "revenue": 338941000, "costOfRevenue": 35269000, "grossProfit": 303672000, "grossProfitRatio": 0.8959435417963598, "researchAndDevelopmentExpenses": 74536000, "generalAndAdministrativeExpenses": 108826000, "sellingAndMarketingExpenses": 0, "otherExpenses": 3338000, "operatingExpenses": 186700000, "costAndExpenses": 221969000, "interestExpense": 1171000, "depreciationAndAmortization": 6266000, "ebitda": 123238000, "ebitdaratio": 0.363597204233, "operatingIncome": 116972000, "operatingIncomeRatio": 0.345110210922, "totalOtherIncomeExpensesNet": 0, "incomeBeforeTax": 116741000, "incomeBeforeTaxRatio": 0.344428676377, "incomeTaxExpense": 34524000, "netIncome": 82217000, "netIncomeRatio": 0.242570240838, "eps": 0.42, "epsdiluted": 0.41, "weightedAverageShsOut": 194771000, "weightedAverageShsOutDil": 199057000, "link": "https://www.sec.gov/Archives/edgar/data/899866/000089986613000086/0000899866-13-000086-index.htm", "finalLink": "https://www.sec.gov/Archives/edgar/data/899866/000089986613000086/alxn3311310q.htm"}, {"date": "2012-12-31", "symbol": "ALXN", "fillingDate": "2013-02-19", "acceptedDate": "2013-02-19 10:05:39", "period": "FY", "revenue": 320526000, "costOfRevenue": 33147000, "grossProfit": 287379000, "grossProfitRatio": 0.8965856123996181, "researchAndDevelopmentExpenses": 63409000, "generalAndAdministrativeExpenses": 112624000, "sellingAndMarketingExpenses": 0, "otherExpenses": 3470000, "operatingExpenses": 179503000, "costAndExpenses": 212650000, "interestExpense": 1182000, "depreciationAndAmortization": 6274000, "ebitda": 114150000, "ebitdaratio": 0.356133355796, "operatingIncome": 107876000, "operatingIncomeRatio": 0.336559280682, "totalOtherIncomeExpensesNet": -6772000, "incomeBeforeTax": 107269000, "incomeBeforeTaxRatio": 0.334665518554, "incomeTaxExpense": 26298000, "netIncome": 80971000, "netIncomeRatio": 0.252619132301, "eps": 0.42, "epsdiluted": 0.4, "weightedAverageShsOut": 190461000, "weightedAverageShsOutDil": 198501000, "link": "https://www.sec.gov/Archives/edgar/data/899866/000089986613000060/0000899866-13-000060-index.htm", "finalLink": "https://www.sec.gov/Archives/edgar/data/899866/000089986613000060/alxn10k12312012.htm"}, {"date": "2012-09-30", "symbol": "ALXN", "fillingDate": "2012-10-29", "acceptedDate": "2012-10-29 13:26:34", "period": "Q3", "revenue": 294136000, "costOfRevenue": 132757000, "grossProfit": 161379000, "grossProfitRatio": 0.5486543639676884, "researchAndDevelopmentExpenses": 54280000, "generalAndAdministrativeExpenses": 89957000, "sellingAndMarketingExpenses": 0, "otherExpenses": 27371000, "operatingExpenses": 171608000, "costAndExpenses": 151417000, "interestExpense": 1854000, "depreciationAndAmortization": 6194000, "ebitda": 148913000, "ebitdaratio": 0.506272608589, "operatingIncome": 142719000, "operatingIncomeRatio": 0.485214322626, "totalOtherIncomeExpensesNet": 0, "incomeBeforeTax": 140766000, "incomeBeforeTaxRatio": 0.478574536949, "incomeTaxExpense": 48586000, "netIncome": 92180000, "netIncomeRatio": 0.313392444311, "eps": 0.48, "epsdiluted": 0.46, "weightedAverageShsOut": 189219000, "weightedAverageShsOutDil": 197635000, "link": "https://www.sec.gov/Archives/edgar/data/899866/000089986612000006/0000899866-12-000006-index.htm", "finalLink": "https://www.sec.gov/Archives/edgar/data/899866/000089986612000006/alxn9301210q.htm"}, {"date": "2012-06-30", "symbol": "ALXN", "fillingDate": "2012-07-27", "acceptedDate": "2012-07-27 13:45:17", "period": "Q2", "revenue": 274719000, "costOfRevenue": 31613000, "grossProfit": 243106000, "grossProfitRatio": 0.8849260517110211, "researchAndDevelopmentExpenses": 59635000, "generalAndAdministrativeExpenses": 94855000, "sellingAndMarketingExpenses": 0, "otherExpenses": 4911000, "operatingExpenses": 159401000, "costAndExpenses": 191014000, "interestExpense": 2079000, "depreciationAndAmortization": 5544000, "ebitda": 89249000, "ebitdaratio": 0.324873780117, "operatingIncome": 83705000, "operatingIncomeRatio": 0.304693159192, "totalOtherIncomeExpensesNet": 0, "incomeBeforeTax": 81722000, "incomeBeforeTaxRatio": 0.297474874326, "incomeTaxExpense": 45464000, "netIncome": 36258000, "netIncomeRatio": 0.131982134472, "eps": 0.2, "epsdiluted": 0.19, "weightedAverageShsOut": 16000, "weightedAverageShsOutDil": 195832000, "link": "https://www.sec.gov/Archives/edgar/data/899866/000144530512002315/0001445305-12-002315-index.htm", "finalLink": "https://www.sec.gov/Archives/edgar/data/899866/000144530512002315/alxn6301210q.htm"}, {"date": "2012-03-31", "symbol": "ALXN", "fillingDate": "2012-05-02", "acceptedDate": "2012-05-02 16:14:16", "period": "Q1", "revenue": 244733000, "costOfRevenue": 28268000, "grossProfit": 216465000, "grossProfitRatio": 0.8844945307743541, "researchAndDevelopmentExpenses": 45408000, "generalAndAdministrativeExpenses": 87242000, "sellingAndMarketingExpenses": 0, "otherExpenses": 13777000, "operatingExpenses": 146427000, "costAndExpenses": 174695000, "interestExpense": 2287000, "depreciationAndAmortization": 5875000, "ebitda": 75913000, "ebitdaratio": 0.31018702014, "operatingIncome": 70038000, "operatingIncomeRatio": 0.286181266932, "totalOtherIncomeExpensesNet": 0, "incomeBeforeTax": 67809000, "incomeBeforeTaxRatio": 0.277073382012, "incomeTaxExpense": 22396000, "netIncome": 45413000, "netIncomeRatio": 0.185561407738, "eps": 0.24, "epsdiluted": 0.23, "weightedAverageShsOut": 194560000, "weightedAverageShsOutDil": 194560000, "link": "https://www.sec.gov/Archives/edgar/data/899866/000144530512001342/0001445305-12-001342-index.htm", "finalLink": "https://www.sec.gov/Archives/edgar/data/899866/000144530512001342/alxn3311210q.htm"}, {"date": "2011-12-31", "symbol": "ALXN", "fillingDate": "2012-02-17", "acceptedDate": "2012-02-17 17:29:44", "period": "FY", "revenue": 227559000, "costOfRevenue": 28798000, "grossProfit": 198761000, "grossProfitRatio": 0.8734482046414337, "researchAndDevelopmentExpenses": 34398000, "generalAndAdministrativeExpenses": 86567000, "sellingAndMarketingExpenses": 0, "otherExpenses": 2426000, "operatingExpenses": 123391000, "costAndExpenses": 152189000, "interestExpense": 183000, "depreciationAndAmortization": 4727000, "ebitda": 80097000, "ebitdaratio": 0.351983441657, "operatingIncome": 75370000, "operatingIncomeRatio": 0.331210806868, "totalOtherIncomeExpensesNet": -1158000, "incomeBeforeTax": 74078000, "incomeBeforeTaxRatio": 0.325533158434, "incomeTaxExpense": 25908000, "netIncome": 48170000, "netIncomeRatio": 0.211681366151, "eps": 0.26, "epsdiluted": 0.25, "weightedAverageShsOut": 198000, "weightedAverageShsOutDil": 191806000, "link": "https://www.sec.gov/Archives/edgar/data/899866/000144530512000363/0001445305-12-000363-index.htm", "finalLink": "https://www.sec.gov/Archives/edgar/data/899866/000144530512000363/alxn10k.htm"}, {"date": "2011-09-30", "symbol": "ALXN", "fillingDate": "2011-10-31", "acceptedDate": "2011-10-31 16:22:44", "period": "Q3", "revenue": 204047000, "costOfRevenue": 23369000, "grossProfit": 180678000, "grossProfitRatio": 0.8854724646772557, "researchAndDevelopmentExpenses": 36567000, "generalAndAdministrativeExpenses": 77572000, "sellingAndMarketingExpenses": 0, "otherExpenses": 340000, "operatingExpenses": 114479000, "costAndExpenses": 137848000, "interestExpense": 204000, "depreciationAndAmortization": 4408000, "ebitda": 70607000, "ebitdaratio": 0.346033021804, "operatingIncome": 66199000, "operatingIncomeRatio": 0.324430155797, "totalOtherIncomeExpensesNet": 0, "incomeBeforeTax": 65677000, "incomeBeforeTaxRatio": 0.321871921665, "incomeTaxExpense": 107000, "netIncome": 65570000, "netIncomeRatio": 0.321347532676, "eps": 0.36, "epsdiluted": 0.34, "weightedAverageShsOut": 234000, "weightedAverageShsOutDil": 191267000, "link": "https://www.sec.gov/Archives/edgar/data/899866/000119312511288721/0001193125-11-288721-index.htm", "finalLink": "https://www.sec.gov/Archives/edgar/data/899866/000119312511288721/d234345d10q.htm"}, {"date": "2011-06-30", "symbol": "ALXN", "fillingDate": "2011-08-03", "acceptedDate": "2011-08-03 15:07:28", "period": "Q2", "revenue": 185699000, "costOfRevenue": 21745000, "grossProfit": 163954000, "grossProfitRatio": 0.8829019003871857, "researchAndDevelopmentExpenses": 35646000, "generalAndAdministrativeExpenses": 78179000, "sellingAndMarketingExpenses": 0, "otherExpenses": 1105000, "operatingExpenses": 114930000, "costAndExpenses": 136675000, "interestExpense": 203000, "depreciationAndAmortization": 4298000, "ebitda": 53322000, "ebitdaratio": 0.287142095542, "operatingIncome": 49024000, "operatingIncomeRatio": 0.263997113609, "totalOtherIncomeExpensesNet": 0, "incomeBeforeTax": 49087000, "incomeBeforeTaxRatio": 0.264336372301, "incomeTaxExpense": 14342000, "netIncome": 34745000, "netIncomeRatio": 0.187103861626, "eps": 0.04, "epsdiluted": 0.04, "weightedAverageShsOut": 305000, "weightedAverageShsOutDil": 190790000, "link": "https://www.sec.gov/Archives/edgar/data/899866/000119312511207999/0001193125-11-207999-index.htm", "finalLink": "https://www.sec.gov/Archives/edgar/data/899866/000119312511207999/d10q.htm"}, {"date": "2011-03-31", "symbol": "ALXN", "fillingDate": "2011-05-04", "acceptedDate": "2011-05-04 17:21:24", "period": "Q1", "revenue": 166126000, "costOfRevenue": 19228000, "grossProfit": 146898000, "grossProfitRatio": 0.8842565281774075, "researchAndDevelopmentExpenses": 30810000, "generalAndAdministrativeExpenses": 65858000, "sellingAndMarketingExpenses": 0, "otherExpenses": 9997000, "operatingExpenses": 106665000, "costAndExpenses": 125893000, "interestExpense": 198000, "depreciationAndAmortization": 4207000, "ebitda": 44440000, "ebitdaratio": 0.267507795288, "operatingIncome": 40233000, "operatingIncomeRatio": 0.24218364374, "totalOtherIncomeExpensesNet": 0, "incomeBeforeTax": 40826000, "incomeBeforeTaxRatio": 0.245753223457, "incomeTaxExpense": 13996000, "netIncome": 26830000, "netIncomeRatio": 0.161503918712, "eps": 0.3, "epsdiluted": 0.28, "weightedAverageShsOut": 90862000, "weightedAverageShsOutDil": 95183000, "link": "https://www.sec.gov/Archives/edgar/data/899866/000119312511126383/0001193125-11-126383-index.htm", "finalLink": "https://www.sec.gov/Archives/edgar/data/899866/000119312511126383/d10q.htm"}, {"date": "2010-12-31", "symbol": "ALXN", "fillingDate": "2011-02-17", "acceptedDate": "2011-02-17 17:17:01", "period": "FY", "revenue": 155975000, "costOfRevenue": 20222000, "grossProfit": 135753000, "grossProfitRatio": 0.8703510177913127, "researchAndDevelopmentExpenses": 27177000, "generalAndAdministrativeExpenses": 63547000, "sellingAndMarketingExpenses": 0, "otherExpenses": 0, "operatingExpenses": 90724000, "costAndExpenses": 110946000, "interestExpense": 174000, "depreciationAndAmortization": -12622000, "ebitda": 32407000, "ebitdaratio": 0.207770476038, "operatingIncome": 45029000, "operatingIncomeRatio": 0.288693700914, "totalOtherIncomeExpensesNet": 0, "incomeBeforeTax": 44247000, "incomeBeforeTaxRatio": 0.283680076935, "incomeTaxExpense": 17797000, "netIncome": 26450000, "netIncomeRatio": 0.169578458086, "eps": 0.3, "epsdiluted": 0.28, "weightedAverageShsOut": 89271000, "weightedAverageShsOutDil": 93037000, "link": "https://www.sec.gov/Archives/edgar/data/899866/000119312511039250/0001193125-11-039250-index.htm", "finalLink": "https://www.sec.gov/Archives/edgar/data/899866/000119312511039250/d10k.htm"}, {"date": "2010-09-30", "symbol": "ALXN", "fillingDate": "2010-11-02", "acceptedDate": "2010-11-02 15:45:35", "period": "Q3", "revenue": 384982000, "costOfRevenue": 44215000, "grossProfit": 340767000, "grossProfitRatio": 0.8851504745676422, "researchAndDevelopmentExpenses": 25153000, "generalAndAdministrativeExpenses": 57208000, "sellingAndMarketingExpenses": 0, "otherExpenses": 0, "operatingExpenses": 82361000, "costAndExpenses": 126576000, "interestExpense": 162000, "depreciationAndAmortization": 4192000, "ebitda": 46906000, "ebitdaratio": 0.121839462624, "operatingIncome": 42714000, "operatingIncomeRatio": 0.110950641848, "totalOtherIncomeExpensesNet": 0, "incomeBeforeTax": 42608000, "incomeBeforeTaxRatio": 0.1106753043, "incomeTaxExpense": 14735000, "netIncome": 27873000, "netIncomeRatio": 0.0724007875693, "eps": 0.31, "epsdiluted": 0.3, "weightedAverageShsOut": 89003000, "weightedAverageShsOutDil": 92580000, "link": "https://www.sec.gov/Archives/edgar/data/899866/000119312510244262/0001193125-10-244262-index.htm", "finalLink": "https://www.sec.gov/Archives/edgar/data/899866/000119312510244262/d10q.htm"}, {"date": "2010-06-30", "symbol": "ALXN", "fillingDate": "2010-07-30", "acceptedDate": "2010-07-30 17:04:46", "period": "Q2", "revenue": 125834000, "costOfRevenue": 13721000, "grossProfit": 112113000, "grossProfitRatio": 0.8909595180952684, "researchAndDevelopmentExpenses": 46064000, "generalAndAdministrativeExpenses": 106733000, "sellingAndMarketingExpenses": 0, "otherExpenses": 0, "operatingExpenses": 152797000, "costAndExpenses": 152797000, "interestExpense": 368000, "depreciationAndAmortization": 8430000, "ebitda": 71325000, "ebitdaratio": 0.32387907878633754, "operatingIncome": 62895000, "operatingIncomeRatio": 0.2568860562328147, "totalOtherIncomeExpensesNet": 0, "incomeBeforeTax": 62156000, "incomeBeforeTaxRatio": 0.25496288761384045, "incomeTaxExpense": 19449000, "netIncome": 42707000, "netIncomeRatio": 0.1730295468633279, "eps": 0.48, "epsdiluted": 0.46, "weightedAverageShsOut": 88755000, "weightedAverageShsOutDil": 92340000, "link": "https://www.sec.gov/Archives/edgar/data/899866/000119312510172323/0001193125-10-172323-index.htm", "finalLink": "https://www.sec.gov/Archives/edgar/data/899866/000119312510172323/d10q.htm"}, {"date": "2010-03-31", "symbol": "ALXN", "fillingDate": "2010-05-05", "acceptedDate": "2010-05-05 14:32:19", "period": "Q1", "revenue": 117578000, "costOfRevenue": 13999000, "grossProfit": 103579000, "grossProfitRatio": 0.8809386109646362, "researchAndDevelopmentExpenses": 22374000, "generalAndAdministrativeExpenses": 50635000, "sellingAndMarketingExpenses": 0, "otherExpenses": 0, "operatingExpenses": 73009000, "costAndExpenses": 87008000, "interestExpense": 210000, "depreciationAndAmortization": 3842000, "ebitda": 34412000, "ebitdaratio": 0.2926737995203184, "operatingIncome": 30570000, "operatingIncomeRatio": 0.25999761860211945, "totalOtherIncomeExpensesNet": 0, "incomeBeforeTax": 30073000, "incomeBeforeTaxRatio": 0.25577063736413275, "incomeTaxExpense": 9139000, "netIncome": 20934000, "netIncomeRatio": 0.17804351154127473, "eps": 0.24, "epsdiluted": 0.23, "weightedAverageShsOut": 88506000, "weightedAverageShsOutDil": 92090000, "link": "https://www.sec.gov/Archives/edgar/data/899866/000119312510108559/0001193125-10-108559-index.htm", "finalLink": "https://www.sec.gov/Archives/edgar/data/899866/000119312510108559/d10q.htm"}, {"date": "2009-12-31", "symbol": "ALXN", "fillingDate": "2010-02-23", "acceptedDate": "2010-02-23 17:22:39", "period": "FY", "revenue": 110649000, "costOfRevenue": 12892000, "grossProfit": 97757000, "grossProfitRatio": 0.8834874241972364, "researchAndDevelopmentExpenses": 23215000, "generalAndAdministrativeExpenses": 51887000, "sellingAndMarketingExpenses": 0, "otherExpenses": -3745000, "operatingExpenses": 75102000, "costAndExpenses": 87994000, "interestExpense": -522000, "depreciationAndAmortization": 3538000, "ebitda": 26193000, "ebitdaratio": 0.2367215248217336, "operatingIncome": 22655000, "operatingIncomeRatio": 0.2047465408634511, "totalOtherIncomeExpensesNet": -3745000, "incomeBeforeTax": 22594000, "incomeBeforeTaxRatio": 0.20419524803658415, "incomeTaxExpense": -214533000, "netIncome": 237127000, "netIncomeRatio": 2.143055969778308, "eps": 3.46, "epsdiluted": 3.26, "weightedAverageShsOut": 85326000, "weightedAverageShsOutDil": 90582000, "link": "https://www.sec.gov/Archives/edgar/data/899866/000119312510037748/0001193125-10-037748-index.htm", "finalLink": "https://www.sec.gov/Archives/edgar/data/899866/000119312510037748/d10k.htm"}, {"date": "2009-09-30", "symbol": "ALXN", "fillingDate": "2009-11-05", "acceptedDate": "2009-11-05 17:19:01", "period": "Q3", "revenue": 102628000, "costOfRevenue": 11895000, "grossProfit": 90733000, "grossProfitRatio": 0.8840959582180302, "researchAndDevelopmentExpenses": 21323000, "generalAndAdministrativeExpenses": 41523000, "sellingAndMarketingExpenses": 0, "otherExpenses": 0, "operatingExpenses": 62846000, "costAndExpenses": 74741000, "interestExpense": 80000, "depreciationAndAmortization": 2971000, "ebitda": 30858000, "ebitdaratio": 0.30067817749542036, "operatingIncome": 27887000, "operatingIncomeRatio": 0.2717289628561406, "totalOtherIncomeExpensesNet": 0, "incomeBeforeTax": 27682000, "incomeBeforeTaxRatio": 0.2697314573021008, "incomeTaxExpense": 951000, "netIncome": 26731000, "netIncomeRatio": 0.26046498031726234, "eps": 0.69, "epsdiluted": 0.65, "weightedAverageShsOut": 84464000, "weightedAverageShsOutDil": 90246000, "link": "https://www.sec.gov/Archives/edgar/data/899866/000119312509225762/0001193125-09-225762-index.htm", "finalLink": "https://www.sec.gov/Archives/edgar/data/899866/000119312509225762/d10q.htm"}, {"date": "2009-06-30", "symbol": "ALXN", "fillingDate": "2009-07-24", "acceptedDate": "2009-07-24 17:07:32", "period": "Q2", "revenue": 92256000, "costOfRevenue": 10313000, "grossProfit": 81943000, "grossProfitRatio": 0.8882132327436698, "researchAndDevelopmentExpenses": 18288000, "generalAndAdministrativeExpenses": 42705000, "sellingAndMarketingExpenses": 0, "otherExpenses": 0, "operatingExpenses": 60993000, "costAndExpenses": 71306000, "interestExpense": 109000, "depreciationAndAmortization": 2940000, "ebitda": 23890000, "ebitdaratio": 0.2589533472077697, "operatingIncome": 20950000, "operatingIncomeRatio": 0.2270855012140132, "totalOtherIncomeExpensesNet": 0, "incomeBeforeTax": 17894000, "incomeBeforeTaxRatio": 0.1939602844259452, "incomeTaxExpense": 1092000, "netIncome": 16802000, "netIncomeRatio": 0.1821236559139785, "eps": 0.38, "epsdiluted": 0.35, "weightedAverageShsOut": 82948000, "weightedAverageShsOutDil": 89975000, "link": "https://www.sec.gov/Archives/edgar/data/899866/000119312509155013/0001193125-09-155013-index.htm", "finalLink": "https://www.sec.gov/Archives/edgar/data/899866/000119312509155013/d10q.htm"}, {"date": "2009-03-31", "symbol": "ALXN", "fillingDate": "2009-05-08", "acceptedDate": "2009-05-08 15:21:57", "period": "Q1", "revenue": 81267000, "costOfRevenue": 9959000, "grossProfit": 71308000, "grossProfitRatio": 0.8774533328411286, "researchAndDevelopmentExpenses": 19089000, "generalAndAdministrativeExpenses": 36652000, "sellingAndMarketingExpenses": 0, "otherExpenses": 0, "operatingExpenses": 55741000, "costAndExpenses": 65700000, "interestExpense": 333000, "depreciationAndAmortization": 3024000, "ebitda": 18591000, "ebitdaratio": 0.22876444313189856, "operatingIncome": 15567000, "operatingIncomeRatio": 0.19155376721178338, "totalOtherIncomeExpensesNet": 0, "incomeBeforeTax": 15144000, "incomeBeforeTaxRatio": 0.18634870242533869, "incomeTaxExpense": 638000, "netIncome": 14506000, "netIncomeRatio": 0.1784980373337271, "eps": 0.18, "epsdiluted": 0.16, "weightedAverageShsOut": 81698000, "weightedAverageShsOutDil": 90645000, "link": "https://www.sec.gov/Archives/edgar/data/899866/000119312509105229/0001193125-09-105229-index.htm", "finalLink": "https://www.sec.gov/Archives/edgar/data/899866/000119312509105229/d10q.htm"}, {"date": "2008-12-31", "symbol": "ALXN", "fillingDate": "2009-02-23", "acceptedDate": "2009-02-23 17:28:09", "period": "FY", "revenue": 77399000, "costOfRevenue": 6812000, "grossProfit": 70587000, "grossProfitRatio": 0.9119885269835527, "researchAndDevelopmentExpenses": 15275000, "generalAndAdministrativeExpenses": 38789000, "sellingAndMarketingExpenses": 0, "otherExpenses": 0, "operatingExpenses": 54064000, "costAndExpenses": 60876000, "interestExpense": 432000, "depreciationAndAmortization": 2079000, "ebitda": 18602000, "ebitdaratio": 0.24033902246799055, "operatingIncome": 16523000, "operatingIncomeRatio": 0.21347821031279474, "totalOtherIncomeExpensesNet": 0, "incomeBeforeTax": 16748000, "incomeBeforeTaxRatio": 0.2163852246153051, "incomeTaxExpense": 1412000, "netIncome": 15336000, "netIncomeRatio": 0.1981420948591067, "eps": 0.43, "epsdiluted": 0.39, "weightedAverageShsOut": 77680000, "weightedAverageShsOutDil": 89967000, "link": "https://www.sec.gov/Archives/edgar/data/899866/000119312509035223/0001193125-09-035223-index.htm", "finalLink": "https://www.sec.gov/Archives/edgar/data/899866/000119312509035223/d10k.htm"}, {"date": "2008-09-30", "symbol": "ALXN", "fillingDate": "2008-10-30", "acceptedDate": "2008-10-30 16:20:10", "period": "Q3", "revenue": 76500000, "costOfRevenue": 8948000, "grossProfit": 67552000, "grossProfitRatio": 0.8830326797385621, "researchAndDevelopmentExpenses": 14872000, "generalAndAdministrativeExpenses": 32066000, "sellingAndMarketingExpenses": 0, "otherExpenses": 0, "operatingExpenses": 46938000, "costAndExpenses": 55886000, "interestExpense": 643000, "depreciationAndAmortization": 1960000, "ebitda": 22574000, "ebitdaratio": 0.29508496732026146, "operatingIncome": 20614000, "operatingIncomeRatio": 0.2694640522875817, "totalOtherIncomeExpensesNet": 0, "incomeBeforeTax": 20103000, "incomeBeforeTaxRatio": 0.2627843137254902, "incomeTaxExpense": 169000, "netIncome": 19688000, "netIncomeRatio": 0.257359477124183, "eps": 0.24, "epsdiluted": 0.22, "weightedAverageShsOut": 75794000, "weightedAverageShsOutDil": 88797000, "link": "https://www.sec.gov/Archives/edgar/data/899866/000119312508220304/0001193125-08-220304-index.htm", "finalLink": "https://www.sec.gov/Archives/edgar/data/899866/000119312508220304/d10q.htm"}, {"date": "2008-06-30", "symbol": "ALXN", "fillingDate": "2008-08-07", "acceptedDate": "2008-08-07 13:25:41", "period": "Q2", "revenue": 59559000, "costOfRevenue": 7142000, "grossProfit": 52417000, "grossProfitRatio": 0.8800852935744388, "researchAndDevelopmentExpenses": 16825000, "generalAndAdministrativeExpenses": 32907000, "sellingAndMarketingExpenses": 0, "otherExpenses": 0, "operatingExpenses": 49732000, "costAndExpenses": 56874000, "interestExpense": 736000, "depreciationAndAmortization": 2280000, "ebitda": 4091000, "ebitdaratio": 0.06868819154116086, "operatingIncome": 1811000, "operatingIncomeRatio": 0.030406823485955102, "totalOtherIncomeExpensesNet": 0, "incomeBeforeTax": 2218000, "incomeBeforeTaxRatio": 0.0372403834852835, "incomeTaxExpense": 0, "netIncome": 2374000, "netIncomeRatio": 0.039859634983797576, "eps": -0.05, "epsdiluted": -0.05, "weightedAverageShsOut": 37679000, "weightedAverageShsOutDil": 37679000, "link": "https://www.sec.gov/Archives/edgar/data/899866/000119312508169811/0001193125-08-169811-index.htm", "finalLink": "https://www.sec.gov/Archives/edgar/data/899866/000119312508169811/d10q.htm"}, {"date": "2008-03-31", "symbol": "ALXN", "fillingDate": "2008-05-12", "acceptedDate": "2008-05-12 17:15:35", "period": "Q1", "revenue": 45641000, "costOfRevenue": 5464000, "grossProfit": 40177000, "grossProfitRatio": 0.8802830788107184, "researchAndDevelopmentExpenses": 15609000, "generalAndAdministrativeExpenses": 29781000, "sellingAndMarketingExpenses": 0, "otherExpenses": 0, "operatingExpenses": 45390000, "costAndExpenses": 50854000, "interestExpense": 596000, "depreciationAndAmortization": 1289000, "ebitda": -3050000, "ebitdaratio": -0.06682588023925856, "operatingIncome": -4339000, "operatingIncomeRatio": -0.09506803093709604, "totalOtherIncomeExpensesNet": 0, "incomeBeforeTax": -4339000, "incomeBeforeTaxRatio": -0.09506803093709604, "incomeTaxExpense": 0, "netIncome": -4249000, "netIncomeRatio": -0.0930961197169212, "eps": -0.11, "epsdiluted": -0.11, "weightedAverageShsOut": 37514000, "weightedAverageShsOutDil": 37514000, "link": "https://www.sec.gov/Archives/edgar/data/899866/000119312508111779/0001193125-08-111779-index.htm", "finalLink": "https://www.sec.gov/Archives/edgar/data/899866/000119312508111779/d10q.htm"}, {"date": "2007-12-31", "symbol": "ALXN", "fillingDate": "2008-02-29", "acceptedDate": "2008-02-29 15:41:20", "period": "FY", "revenue": 33857000, "costOfRevenue": 3391000, "grossProfit": 30466000, "grossProfitRatio": 0.8998434592551023, "researchAndDevelopmentExpenses": 15643000, "generalAndAdministrativeExpenses": 28571000, "sellingAndMarketingExpenses": 0, "otherExpenses": 6723000, "operatingExpenses": 44214000, "costAndExpenses": 47605000, "interestExpense": 635000, "depreciationAndAmortization": 1721000, "ebitda": -10353000, "ebitdaratio": -0.3057861003632927, "operatingIncome": -12074000, "operatingIncomeRatio": -0.35661753847062644, "totalOtherIncomeExpensesNet": 6723000, "incomeBeforeTax": -12074000, "incomeBeforeTaxRatio": -0.35661753847062644, "incomeTaxExpense": 0, "netIncome": -12332000, "netIncomeRatio": -0.364237823788286, "eps": -2.54, "epsdiluted": -2.54, "weightedAverageShsOut": 36334645, "weightedAverageShsOutDil": 36334645, "link": "https://www.sec.gov/Archives/edgar/data/899866/000119312508043592/0001193125-08-043592-index.htm", "finalLink": "https://www.sec.gov/Archives/edgar/data/899866/000119312508043592/d10k.htm"}, {"date": "2007-09-30", "symbol": "ALXN", "fillingDate": "2007-11-09", "acceptedDate": "2007-11-09 11:16:24", "period": "Q3", "revenue": 22110000, "costOfRevenue": 2153000, "grossProfit": 19957000, "grossProfitRatio": 0.9026232473993668, "researchAndDevelopmentExpenses": 16903000, "generalAndAdministrativeExpenses": 24944000, "sellingAndMarketingExpenses": 0, "otherExpenses": 0, "operatingExpenses": 41847000, "costAndExpenses": 44000000, "interestExpense": 643000, "depreciationAndAmortization": 1260000, "ebitda": -18899000, "ebitdaratio": -0.8547715965626413, "operatingIncome": -20159000, "operatingIncomeRatio": -0.9117593848937132, "totalOtherIncomeExpensesNet": 0, "incomeBeforeTax": -20159000, "incomeBeforeTaxRatio": -0.9117593848937132, "incomeTaxExpense": 0, "netIncome": -20081000, "netIncomeRatio": -0.9082315694255992, "eps": -2.22, "epsdiluted": -2.22, "weightedAverageShsOut": 36023000, "weightedAverageShsOutDil": 36023000, "link": "https://www.sec.gov/Archives/edgar/data/899866/000119312507241721/0001193125-07-241721-index.htm", "finalLink": "https://www.sec.gov/Archives/edgar/data/899866/000119312507241721/d10q.htm"}, {"date": "2007-06-30", "symbol": "ALXN", "fillingDate": "2007-08-07", "acceptedDate": "2007-08-07 16:32:44", "period": "Q2", "revenue": 9757000, "costOfRevenue": 1067000, "grossProfit": 8690000, "grossProfitRatio": 0.8906426155580609, "researchAndDevelopmentExpenses": 15196000, "generalAndAdministrativeExpenses": 22789000, "sellingAndMarketingExpenses": 0, "otherExpenses": 27000, "operatingExpenses": 37985000, "costAndExpenses": 39052000, "interestExpense": 511000, "depreciationAndAmortization": 1073000, "ebitda": -26291000, "ebitdaratio": -2.6945782515117354, "operatingIncome": -27364000, "operatingIncomeRatio": -2.804550579071436, "totalOtherIncomeExpensesNet": 0, "incomeBeforeTax": -27364000, "incomeBeforeTaxRatio": -2.804550579071436, "incomeTaxExpense": 0, "netIncome": -27184000, "netIncomeRatio": -2.7861022855385875, "eps": -1.68, "epsdiluted": -1.68, "weightedAverageShsOut": 35698000, "weightedAverageShsOutDil": 35698000, "link": "https://www.sec.gov/Archives/edgar/data/899866/000119312507173760/0001193125-07-173760-index.htm", "finalLink": "https://www.sec.gov/Archives/edgar/data/899866/000119312507173760/d10q.htm"}, {"date": "2007-03-31", "symbol": "ALXN", "fillingDate": "2007-05-10", "acceptedDate": "2007-05-09 17:42:44", "period": "Q1", "revenue": 6317000, "costOfRevenue": 85000, "grossProfit": 6232000, "grossProfitRatio": 0.9865442456862434, "researchAndDevelopmentExpenses": 21219000, "generalAndAdministrativeExpenses": 19838000, "sellingAndMarketingExpenses": 0, "otherExpenses": -27000, "operatingExpenses": 41057000, "costAndExpenses": 41142000, "interestExpense": 700000, "depreciationAndAmortization": 873000, "ebitda": -31820000, "ebitdaratio": -5.037201203102739, "operatingIncome": -32693000, "operatingIncomeRatio": -5.175399715054614, "totalOtherIncomeExpensesNet": 0, "incomeBeforeTax": -32693000, "incomeBeforeTaxRatio": -5.175399715054614, "incomeTaxExpense": 0, "netIncome": -32693000, "netIncomeRatio": -5.175399715054614, "eps": -0.92, "epsdiluted": -0.92, "weightedAverageShsOut": 35361000, "weightedAverageShsOutDil": 35361000, "link": "https://www.sec.gov/Archives/edgar/data/899866/000119312507108462/0001193125-07-108462-index.htm", "finalLink": "https://www.sec.gov/Archives/edgar/data/899866/000119312507108462/d10q.htm"}, {"date": "2006-12-31", "symbol": "ALXN", "fillingDate": "2007-02-23", "acceptedDate": "2007-02-23 16:18:12", "period": "FY", "revenue": 188000, "costOfRevenue": 0, "grossProfit": 188000, "grossProfitRatio": 1, "researchAndDevelopmentExpenses": 17344000, "generalAndAdministrativeExpenses": 23191000, "sellingAndMarketingExpenses": 0, "otherExpenses": 552000, "operatingExpenses": 41074000, "costAndExpenses": 41074000, "interestExpense": 775000, "depreciationAndAmortization": 1055000, "ebitda": -38195000, "ebitdaratio": -203.16489361702128, "operatingIncome": -39250000, "operatingIncomeRatio": -208.77659574468086, "totalOtherIncomeExpensesNet": 0, "incomeBeforeTax": -39250000, "incomeBeforeTaxRatio": -208.77659574468086, "incomeTaxExpense": 0, "netIncome": -39250000, "netIncomeRatio": -208.77659574468086, "eps": -4.15, "epsdiluted": 31701, "weightedAverageShsOut": 31701000, "weightedAverageShsOutDil": 31701000, "link": "https://www.sec.gov/Archives/edgar/data/899866/000119312507038366/0001193125-07-038366-index.htm", "finalLink": "https://www.sec.gov/Archives/edgar/data/899866/000119312507038366/d10k.htm"}, {"date": "2006-09-30", "symbol": "ALXN", "fillingDate": "2006-11-09", "acceptedDate": "2006-11-09 16:42:46", "period": "Q3", "revenue": 263000, "costOfRevenue": 0, "grossProfit": 263000, "grossProfitRatio": 1, "researchAndDevelopmentExpenses": 21205000, "generalAndAdministrativeExpenses": 12121000, "sellingAndMarketingExpenses": 0, "otherExpenses": -13000, "operatingExpenses": 33326000, "costAndExpenses": 33326000, "interestExpense": 687000, "depreciationAndAmortization": 899000, "ebitda": -30973000, "ebitdaratio": -117.7680608365019, "operatingIncome": -31872000, "operatingIncomeRatio": -121.18631178707224, "totalOtherIncomeExpensesNet": 0, "incomeBeforeTax": -31872000, "incomeBeforeTaxRatio": -121.18631178707224, "incomeTaxExpense": 0, "netIncome": -31872000, "netIncomeRatio": -121.18631178707224, "eps": -2.96, "epsdiluted": 31154, "weightedAverageShsOut": 31154000, "weightedAverageShsOutDil": 31154000, "link": "https://www.sec.gov/Archives/edgar/data/899866/000119312506230487/0001193125-06-230487-index.htm", "finalLink": "https://www.sec.gov/Archives/edgar/data/899866/000119312506230487/d10q.htm"}, {"date": "2006-06-30", "symbol": "ALXN", "fillingDate": "2006-08-08", "acceptedDate": "2006-08-08 16:05:15", "period": "Q2", "revenue": 339000, "costOfRevenue": 0, "grossProfit": 339000, "grossProfitRatio": 1, "researchAndDevelopmentExpenses": 23462000, "generalAndAdministrativeExpenses": 11421000, "sellingAndMarketingExpenses": 0, "otherExpenses": 0, "operatingExpenses": 34883000, "costAndExpenses": 34883000, "interestExpense": 687000, "depreciationAndAmortization": 871000, "ebitda": -32294000, "ebitdaratio": -95.26253687315634, "operatingIncome": -33165000, "operatingIncomeRatio": -97.83185840707965, "totalOtherIncomeExpensesNet": 0, "incomeBeforeTax": -33165000, "incomeBeforeTaxRatio": -97.83185840707965, "incomeTaxExpense": 0, "netIncome": -33165000, "netIncomeRatio": -97.83185840707965, "eps": -1.94, "epsdiluted": 31098, "weightedAverageShsOut": 31098000, "weightedAverageShsOutDil": 31098000, "link": "https://www.sec.gov/Archives/edgar/data/899866/000119312506165676/0001193125-06-165676-index.htm", "finalLink": "https://www.sec.gov/Archives/edgar/data/899866/000119312506165676/d10q.htm"}, {"date": "2006-03-31", "symbol": "ALXN", "fillingDate": "2006-05-05", "acceptedDate": "2006-05-05 12:50:27", "period": "Q1", "revenue": 768000, "costOfRevenue": 0, "grossProfit": 768000, "grossProfitRatio": 1, "researchAndDevelopmentExpenses": 21214000, "generalAndAdministrativeExpenses": 8146000, "sellingAndMarketingExpenses": 0, "otherExpenses": 0, "operatingExpenses": 29360000, "costAndExpenses": 29360000, "interestExpense": 688000, "depreciationAndAmortization": 881000, "ebitda": -26346000, "ebitdaratio": -34.3046875, "operatingIncome": -27227000, "operatingIncomeRatio": -35.451822916666664, "totalOtherIncomeExpensesNet": 0, "incomeBeforeTax": -27227000, "incomeBeforeTaxRatio": -35.451822916666664, "incomeTaxExpense": 0, "netIncome": -27227000, "netIncomeRatio": -35.451822916666664, "eps": -0.88, "epsdiluted": 30991, "weightedAverageShsOut": 30991000, "weightedAverageShsOutDil": 30991000, "link": "https://www.sec.gov/Archives/edgar/data/899866/000119312506101696/0001193125-06-101696-index.htm", "finalLink": "https://www.sec.gov/Archives/edgar/data/899866/000119312506101696/d10q.htm"}, {"date": "2005-12-31", "symbol": "ALXN", "fillingDate": "2006-03-07", "acceptedDate": "2006-03-07 16:33:54", "period": "FY", "revenue": 204000, "costOfRevenue": 0, "grossProfit": 204000, "grossProfitRatio": 1, "researchAndDevelopmentExpenses": 17964000, "generalAndAdministrativeExpenses": 6279000, "sellingAndMarketingExpenses": 0, "otherExpenses": 1931000, "operatingExpenses": 24243000, "costAndExpenses": 24243000, "interestExpense": 459000, "depreciationAndAmortization": 653000, "ebitda": -22229000, "ebitdaratio": -108.9656862745098, "operatingIncome": -22882000, "operatingIncomeRatio": -112.16666666666667, "totalOtherIncomeExpensesNet": 1931000, "incomeBeforeTax": -22882000, "incomeBeforeTaxRatio": -112.16666666666667, "incomeTaxExpense": 0, "netIncome": -22882000, "netIncomeRatio": -112.16666666666667, "eps": -1.9, "epsdiluted": -1.9, "weightedAverageShsOut": 30503157, "weightedAverageShsOutDil": 30503157, "link": "https://www.sec.gov/Archives/edgar/data/899866/000119312506047210/0001193125-06-047210-index.htm", "finalLink": "https://www.sec.gov/Archives/edgar/data/899866/000119312506047210/d10kt.htm"}, {"date": "2005-10-31", "symbol": "ALXN", "fillingDate": "2005-12-06", "acceptedDate": "2005-12-06 16:02:14", "period": "Q1", "revenue": 460000, "costOfRevenue": 0, "grossProfit": 460000, "grossProfitRatio": 1, "researchAndDevelopmentExpenses": 30274000, "generalAndAdministrativeExpenses": 6484000, "sellingAndMarketingExpenses": 0, "otherExpenses": 0, "operatingExpenses": 36758000, "costAndExpenses": 36758000, "interestExpense": 733000, "depreciationAndAmortization": 983000, "ebitda": -34091000, "ebitdaratio": -74.11086956521739, "operatingIncome": -35074000, "operatingIncomeRatio": -76.24782608695652, "totalOtherIncomeExpensesNet": 0, "incomeBeforeTax": -35074000, "incomeBeforeTaxRatio": -76.24782608695652, "incomeTaxExpense": 0, "netIncome": -35074000, "netIncomeRatio": -76.24782608695652, "eps": -1.16, "epsdiluted": 30355, "weightedAverageShsOut": 30355000, "weightedAverageShsOutDil": 30355000, "link": "https://www.sec.gov/Archives/edgar/data/899866/000119312505237509/0001193125-05-237509-index.htm", "finalLink": "https://www.sec.gov/Archives/edgar/data/899866/000119312505237509/d10q.htm"}, {"date": "2005-07-31", "symbol": "ALXN", "fillingDate": "2005-10-11", "acceptedDate": "2005-10-11 16:12:49", "period": "FY", "revenue": 203000, "costOfRevenue": 0, "grossProfit": 203000, "grossProfitRatio": 1, "researchAndDevelopmentExpenses": 27616000, "generalAndAdministrativeExpenses": 6215000, "sellingAndMarketingExpenses": 0, "otherExpenses": 0, "operatingExpenses": 33831000, "costAndExpenses": 33831000, "interestExpense": 696000, "depreciationAndAmortization": 1065000, "ebitda": -31577000, "ebitdaratio": -155.55172413793105, "operatingIncome": -32642000, "operatingIncomeRatio": -160.79802955665025, "totalOtherIncomeExpensesNet": 0, "incomeBeforeTax": -32642000, "incomeBeforeTaxRatio": -160.79802955665025, "incomeTaxExpense": 0, "netIncome": -32642000, "netIncomeRatio": -160.79802955665025, "eps": -3.9, "epsdiluted": 27852, "weightedAverageShsOut": 27852000, "weightedAverageShsOutDil": 27852000, "link": "https://www.sec.gov/Archives/edgar/data/899866/000119312505199537/0001193125-05-199537-index.htm", "finalLink": "https://www.sec.gov/Archives/edgar/data/899866/000119312505199537/d10k.htm"}, {"date": "2005-04-30", "symbol": "ALXN", "fillingDate": "2005-06-09", "acceptedDate": "2005-06-09 16:11:37", "period": "Q3", "revenue": 151000, "costOfRevenue": 0, "grossProfit": 151000, "grossProfitRatio": 1, "researchAndDevelopmentExpenses": 25021000, "generalAndAdministrativeExpenses": 4777000, "sellingAndMarketingExpenses": 0, "otherExpenses": 0, "operatingExpenses": 29798000, "costAndExpenses": 29798000, "interestExpense": 1600000, "depreciationAndAmortization": 981000, "ebitda": -31469000, "ebitdaratio": -208.40397350993376, "operatingIncome": -32450000, "operatingIncomeRatio": -214.90066225165563, "totalOtherIncomeExpensesNet": 0, "incomeBeforeTax": -32450000, "incomeBeforeTaxRatio": -214.90066225165563, "incomeTaxExpense": 0, "netIncome": -32450000, "netIncomeRatio": -214.90066225165563, "eps": -2.74, "epsdiluted": -2.74, "weightedAverageShsOut": 27793000, "weightedAverageShsOutDil": 27793000, "link": "https://www.sec.gov/Archives/edgar/data/899866/000119312505122960/0001193125-05-122960-index.htm", "finalLink": "https://www.sec.gov/Archives/edgar/data/899866/000119312505122960/d10q.htm"}, {"date": "2005-01-31", "symbol": "ALXN", "fillingDate": "2005-03-08", "acceptedDate": "2005-03-08 16:47:15", "period": "Q2", "revenue": 563000, "costOfRevenue": 0, "grossProfit": 563000, "grossProfitRatio": 1, "researchAndDevelopmentExpenses": 20088000, "generalAndAdministrativeExpenses": 4280000, "sellingAndMarketingExpenses": 0, "otherExpenses": 0, "operatingExpenses": 24368000, "costAndExpenses": 24368000, "interestExpense": 1921000, "depreciationAndAmortization": 833000, "ebitda": -23575000, "ebitdaratio": -41.87388987566607, "operatingIncome": -24408000, "operatingIncomeRatio": -43.353463587921844, "totalOtherIncomeExpensesNet": 0, "incomeBeforeTax": -24408000, "incomeBeforeTaxRatio": -43.353463587921844, "incomeTaxExpense": 0, "netIncome": -24470000, "netIncomeRatio": -43.46358792184725, "eps": -1.57, "epsdiluted": -1.57, "weightedAverageShsOut": 27722000, "weightedAverageShsOutDil": 27722000, "link": "https://www.sec.gov/Archives/edgar/data/899866/000119312505044670/0001193125-05-044670-index.htm", "finalLink": "https://www.sec.gov/Archives/edgar/data/899866/000119312505044670/d10q.htm"}, {"date": "2004-10-31", "symbol": "ALXN", "fillingDate": "2004-12-06", "acceptedDate": "2004-12-06 17:07:45", "period": "Q1", "revenue": 147000, "costOfRevenue": 0, "grossProfit": 147000, "grossProfitRatio": 1, "researchAndDevelopmentExpenses": 18663000, "generalAndAdministrativeExpenses": 3679000, "sellingAndMarketingExpenses": 0, "otherExpenses": 0, "operatingExpenses": 22342000, "costAndExpenses": 22342000, "interestExpense": 1908000, "depreciationAndAmortization": 803000, "ebitda": -18447000, "ebitdaratio": -125.48979591836735, "operatingIncome": -19250000, "operatingIncomeRatio": -130.95238095238096, "totalOtherIncomeExpensesNet": 0, "incomeBeforeTax": -19250000, "incomeBeforeTaxRatio": -130.95238095238096, "incomeTaxExpense": 0, "netIncome": -19188000, "netIncomeRatio": -130.53061224489795, "eps": -0.7, "epsdiluted": -0.7, "weightedAverageShsOut": 27607000, "weightedAverageShsOutDil": 27607000, "link": "https://www.sec.gov/Archives/edgar/data/899866/000119312504208099/0001193125-04-208099-index.htm", "finalLink": "https://www.sec.gov/Archives/edgar/data/899866/000119312504208099/d10q.htm"}, {"date": "2004-07-31", "symbol": "ALXN", "fillingDate": "2004-09-28", "acceptedDate": "2004-09-27 18:06:59", "period": "FY", "revenue": 4147000, "costOfRevenue": 0, "grossProfit": 4147000, "grossProfitRatio": 1, "researchAndDevelopmentExpenses": 59840000, "generalAndAdministrativeExpenses": 4776000, "sellingAndMarketingExpenses": 0, "otherExpenses": -41244000, "operatingExpenses": 23372000, "costAndExpenses": 23372000, "interestExpense": 1928000, "depreciationAndAmortization": 1046000, "ebitda": -19077000, "ebitdaratio": -4.600192910537738, "operatingIncome": -20123000, "operatingIncomeRatio": -4.8524234386303355, "totalOtherIncomeExpensesNet": 0, "incomeBeforeTax": -20123000, "incomeBeforeTaxRatio": -4.8524234386303355, "incomeTaxExpense": 0, "netIncome": -20123000, "netIncomeRatio": -4.8524234386303355, "eps": -3.43, "epsdiluted": 21622, "weightedAverageShsOut": 21622000, "weightedAverageShsOutDil": 21622000, "link": "https://www.sec.gov/Archives/edgar/data/899866/000119312504162426/0001193125-04-162426-index.htm", "finalLink": "https://www.sec.gov/Archives/edgar/data/899866/000119312504162426/d10k.htm"}, {"date": "2004-04-30", "symbol": "ALXN", "fillingDate": "2004-06-04", "acceptedDate": "2004-06-04 16:10:47", "period": "Q3", "revenue": 168000, "costOfRevenue": 0, "grossProfit": 168000, "grossProfitRatio": 1, "researchAndDevelopmentExpenses": -31212000, "generalAndAdministrativeExpenses": 3569000, "sellingAndMarketingExpenses": 0, "otherExpenses": 42004000, "operatingExpenses": 14361000, "costAndExpenses": 14361000, "interestExpense": 2044000, "depreciationAndAmortization": 810000, "ebitda": -16130000, "ebitdaratio": -96.01190476190476, "operatingIncome": -16940000, "operatingIncomeRatio": -100.83333333333333, "totalOtherIncomeExpensesNet": 0, "incomeBeforeTax": -15213000, "incomeBeforeTaxRatio": -90.55357142857143, "incomeTaxExpense": 0, "netIncome": -15213000, "netIncomeRatio": -90.55357142857143, "eps": -2.54, "epsdiluted": -2.54, "weightedAverageShsOut": 21268000, "weightedAverageShsOutDil": 21268000, "link": "https://www.sec.gov/Archives/edgar/data/899866/000119312504098975/0001193125-04-098975-index.htm", "finalLink": "https://www.sec.gov/Archives/edgar/data/899866/000119312504098975/d10q.htm"}, {"date": "2004-01-31", "symbol": "ALXN", "fillingDate": "2004-03-15", "acceptedDate": "2004-03-15 16:26:34", "period": "Q2", "revenue": 147000, "costOfRevenue": 0, "grossProfit": 147000, "grossProfitRatio": 1, "researchAndDevelopmentExpenses": 14524000, "generalAndAdministrativeExpenses": 3300000, "sellingAndMarketingExpenses": 0, "otherExpenses": 0, "operatingExpenses": 17824000, "costAndExpenses": 17824000, "interestExpense": 1808000, "depreciationAndAmortization": 877000, "ebitda": -15872000, "ebitdaratio": -107.97278911564626, "operatingIncome": -16749000, "operatingIncomeRatio": -113.93877551020408, "totalOtherIncomeExpensesNet": 0, "incomeBeforeTax": -18476000, "incomeBeforeTaxRatio": -125.68707482993197, "incomeTaxExpense": 0, "netIncome": -18547000, "netIncomeRatio": -126.17006802721089, "eps": -1.84, "epsdiluted": -1.84, "weightedAverageShsOut": 20924000, "weightedAverageShsOutDil": 20924000, "link": "https://www.sec.gov/Archives/edgar/data/899866/000119312504042268/0001193125-04-042268-index.htm", "finalLink": "https://www.sec.gov/Archives/edgar/data/899866/000119312504042268/d10q.htm"}, {"date": "2003-10-31", "symbol": "ALXN", "fillingDate": "2003-12-12", "acceptedDate": "2003-12-12 16:33:42", "period": "Q1", "revenue": 147000, "costOfRevenue": 0, "grossProfit": 147000, "grossProfitRatio": 1, "researchAndDevelopmentExpenses": 16688000, "generalAndAdministrativeExpenses": 2814000, "sellingAndMarketingExpenses": 0, "otherExpenses": 0, "operatingExpenses": 19502000, "costAndExpenses": 19502000, "interestExpense": 1929000, "depreciationAndAmortization": 860000, "ebitda": -19423000, "ebitdaratio": -132.12925170068027, "operatingIncome": -20283000, "operatingIncomeRatio": -137.9795918367347, "totalOtherIncomeExpensesNet": 0, "incomeBeforeTax": -20283000, "incomeBeforeTaxRatio": -137.9795918367347, "incomeTaxExpense": 0, "netIncome": -20212000, "netIncomeRatio": -137.49659863945578, "eps": -1.01, "epsdiluted": -1.01, "weightedAverageShsOut": 19958000, "weightedAverageShsOutDil": 19958000, "link": "https://www.sec.gov/Archives/edgar/data/899866/000119312503093635/0001193125-03-093635-index.htm", "finalLink": "https://www.sec.gov/Archives/edgar/data/899866/000119312503093635/d10q.htm"}, {"date": "2003-07-31", "symbol": "ALXN", "fillingDate": "2003-10-27", "acceptedDate": "2003-10-27 17:11:25", "period": "FY", "revenue": 167000, "costOfRevenue": 0, "grossProfit": 167000, "grossProfitRatio": 1, "researchAndDevelopmentExpenses": 18588000, "generalAndAdministrativeExpenses": 3002000, "sellingAndMarketingExpenses": 0, "otherExpenses": 0, "operatingExpenses": 21590000, "costAndExpenses": 21590000, "interestExpense": 1911000, "depreciationAndAmortization": 949000, "ebitda": -20547000, "ebitdaratio": -123.03592814371258, "operatingIncome": -21496000, "operatingIncomeRatio": -128.7185628742515, "totalOtherIncomeExpensesNet": 0, "incomeBeforeTax": -21496000, "incomeBeforeTaxRatio": -128.7185628742515, "incomeTaxExpense": 0, "netIncome": -21584000, "netIncomeRatio": -129.24550898203591, "eps": -4.64, "epsdiluted": -4.64, "weightedAverageShsOut": 18209000, "weightedAverageShsOutDil": 18209000, "link": "https://www.sec.gov/Archives/edgar/data/899866/000119312503067701/0001193125-03-067701-index.htm", "finalLink": "https://www.sec.gov/Archives/edgar/data/899866/000119312503067701/d10k.htm"}, {"date": "2003-04-30", "symbol": "ALXN", "fillingDate": "2003-06-13", "acceptedDate": "2003-06-13 16:18:51", "period": "Q3", "revenue": 167000, "costOfRevenue": 0, "grossProfit": 167000, "grossProfitRatio": 1, "researchAndDevelopmentExpenses": 13473000, "generalAndAdministrativeExpenses": 3369000, "sellingAndMarketingExpenses": 0, "otherExpenses": 2560000, "operatingExpenses": 19402000, "costAndExpenses": 19402000, "interestExpense": 1930000, "depreciationAndAmortization": 968000, "ebitda": -19006000, "ebitdaratio": -113.80838323353294, "operatingIncome": -19974000, "operatingIncomeRatio": -119.60479041916167, "totalOtherIncomeExpensesNet": 0, "incomeBeforeTax": -19974000, "incomeBeforeTaxRatio": -119.60479041916167, "incomeTaxExpense": 108000, "netIncome": -19778000, "netIncomeRatio": -118.4311377245509, "eps": -3.45, "epsdiluted": -3.45, "weightedAverageShsOut": 18207000, "weightedAverageShsOutDil": 18207000, "link": "https://www.sec.gov/Archives/edgar/data/899866/000119312503009903/0001193125-03-009903-index.htm", "finalLink": "https://www.sec.gov/Archives/edgar/data/899866/000119312503009903/d10q.htm"}, {"date": "2003-01-31", "symbol": "ALXN", "fillingDate": "2003-03-17", "acceptedDate": "2003-03-17 17:34:44", "period": "Q2", "revenue": 220000, "costOfRevenue": 0, "grossProfit": 220000, "grossProfitRatio": 1, "researchAndDevelopmentExpenses": 19304000, "generalAndAdministrativeExpenses": 2058000, "sellingAndMarketingExpenses": 0, "otherExpenses": 0, "operatingExpenses": 21362000, "costAndExpenses": 21362000, "interestExpense": 1926000, "depreciationAndAmortization": 930000, "ebitda": -20476000, "ebitdaratio": -93.07272727272728, "operatingIncome": -21406000, "operatingIncomeRatio": -97.3, "totalOtherIncomeExpensesNet": 0, "incomeBeforeTax": -21406000, "incomeBeforeTaxRatio": -97.3, "incomeTaxExpense": -157000, "netIncome": -21465000, "netIncomeRatio": -97.56818181818181, "eps": -2.37, "epsdiluted": -2.37, "weightedAverageShsOut": 18206000, "weightedAverageShsOutDil": 18206000, "link": "https://www.sec.gov/Archives/edgar/data/899866/000092701603001139/0000927016-03-001139-index.htm", "finalLink": "https://www.sec.gov/Archives/edgar/data/899866/000092701603001139/d10q.htm"}, {"date": "2002-10-31", "symbol": "ALXN", "fillingDate": "2002-12-11", "acceptedDate": "2002-12-11 17:22:49", "period": "Q1", "revenue": 323000, "costOfRevenue": 0, "grossProfit": 323000, "grossProfitRatio": 1, "researchAndDevelopmentExpenses": 19677000, "generalAndAdministrativeExpenses": 2192000, "sellingAndMarketingExpenses": 0, "otherExpenses": 0, "operatingExpenses": 21869000, "costAndExpenses": 21869000, "interestExpense": 1927000, "depreciationAndAmortization": 879000, "ebitda": -20712000, "ebitdaratio": -64.12383900928792, "operatingIncome": -21591000, "operatingIncomeRatio": -66.84520123839009, "totalOtherIncomeExpensesNet": 0, "incomeBeforeTax": -21591000, "incomeBeforeTaxRatio": -66.84520123839009, "incomeTaxExpense": 49000, "netIncome": -21640000, "netIncomeRatio": -66.9969040247678, "eps": -1.19, "epsdiluted": -1.19, "weightedAverageShsOut": 18204000, "weightedAverageShsOutDil": 18204000, "link": "https://www.sec.gov/Archives/edgar/data/899866/000092701602005872/0000927016-02-005872-index.htm", "finalLink": "https://www.sec.gov/Archives/edgar/data/899866/000092701602005872/d10q.htm"}]