[{"date": "2020-02-29", "symbol": "PAYX", "fillingDate": "2020-03-27", "acceptedDate": "2020-03-27 16:25:35", "period": "Q3", "revenue": 1142700000, "costOfRevenue": 340300000, "grossProfit": 802400000, "grossProfitRatio": 0.7021965520259036, "researchAndDevelopmentExpenses": 0.0, "generalAndAdministrativeExpenses": 332300000, "sellingAndMarketingExpenses": 0.0, "otherExpenses": 340300000, "operatingExpenses": 672600000, "costAndExpenses": 1012900000, "interestExpense": 9300000.0, "depreciationAndAmortization": 86500000, "ebitda": 556600000, "ebitdaratio": 0.487091975147, "operatingIncome": 470100000, "operatingIncomeRatio": 0.411394066684, "totalOtherIncomeExpensesNet": -6000000.0, "incomeBeforeTax": 464200000, "incomeBeforeTaxRatio": 0.406230856743, "incomeTaxExpense": 109700000, "netIncome": 354500000, "netIncomeRatio": 0.310230156647, "eps": 0.99, "epsdiluted": 0.98, "weightedAverageShsOut": 358000000, "weightedAverageShsOutDil": 358000000, "link": "https://www.sec.gov/Archives/edgar/data/723531/000072353120000017/0000723531-20-000017-index.htm", "finalLink": "https://www.sec.gov/Archives/edgar/data/723531/000072353120000017/payx-20200229x10q.htm"}, {"date": "2019-11-30", "symbol": "PAYX", "fillingDate": "2019-12-20", "acceptedDate": "2019-12-20 16:03:03", "period": "Q2", "revenue": 990700000, "costOfRevenue": 323400000, "grossProfit": 667300000, "grossProfitRatio": 0.6735641465630362, "researchAndDevelopmentExpenses": 0.0, "generalAndAdministrativeExpenses": 325600000, "sellingAndMarketingExpenses": 0.0, "otherExpenses": 323400000, "operatingExpenses": 649000000, "costAndExpenses": 972400000, "interestExpense": 10100000, "depreciationAndAmortization": 91000000, "ebitda": 432700000, "ebitdaratio": 0.436761885535, "operatingIncome": 341700000, "operatingIncomeRatio": 0.344907641062, "totalOtherIncomeExpensesNet": -5000000.0, "incomeBeforeTax": 337000000, "incomeBeforeTaxRatio": 0.340163520743, "incomeTaxExpense": 78300000, "netIncome": 258700000, "netIncomeRatio": 0.261128495004, "eps": 0.72, "epsdiluted": 0.72, "weightedAverageShsOut": 358000000, "weightedAverageShsOutDil": 358000000, "link": "https://www.sec.gov/Archives/edgar/data/723531/000072353119000057/0000723531-19-000057-index.htm", "finalLink": "https://www.sec.gov/Archives/edgar/data/723531/000072353119000057/payx-20191130x10q.htm"}, {"date": "2019-08-31", "symbol": "PAYX", "fillingDate": "2019-10-04", "acceptedDate": "2019-10-04 17:22:56", "period": "Q1", "revenue": 992000000, "costOfRevenue": 325400000, "grossProfit": 666600000, "grossProfitRatio": 0.6719758064516129, "researchAndDevelopmentExpenses": 0.0, "generalAndAdministrativeExpenses": 317500000, "sellingAndMarketingExpenses": 0.0, "otherExpenses": 325400000, "operatingExpenses": 642900000, "costAndExpenses": 968300000, "interestExpense": 10300000, "depreciationAndAmortization": 88900000, "ebitda": 438000000, "ebitdaratio": 0.441532258065, "operatingIncome": 349100000, "operatingIncomeRatio": 0.351915322581, "totalOtherIncomeExpensesNet": -4000000.0, "incomeBeforeTax": 344300000, "incomeBeforeTaxRatio": 0.347076612903, "incomeTaxExpense": 80100000, "netIncome": 264200000, "netIncomeRatio": 0.266330645161, "eps": 0.74, "epsdiluted": 0.73, "weightedAverageShsOut": 358000000, "weightedAverageShsOutDil": 358000000, "link": "https://www.sec.gov/Archives/edgar/data/723531/000072353119000046/0000723531-19-000046-index.htm", "finalLink": "https://www.sec.gov/Archives/edgar/data/723531/000072353119000046/payx-20190831x10q.htm"}, {"date": "2019-05-31", "symbol": "PAYX", "fillingDate": "2019-07-24", "acceptedDate": "2019-07-24 17:25:48", "period": "FY", "revenue": 980400000, "costOfRevenue": 322100000, "grossProfit": 658300000, "grossProfitRatio": 0.6714606283149734, "researchAndDevelopmentExpenses": 0.0, "generalAndAdministrativeExpenses": 343800000, "sellingAndMarketingExpenses": 0.0, "otherExpenses": 322100000, "operatingExpenses": 665900000, "costAndExpenses": 988000000, "interestExpense": 9200000.0, "depreciationAndAmortization": 91000000, "ebitda": 405500000, "ebitdaratio": 0.413606691146, "operatingIncome": 314500000, "operatingIncomeRatio": 0.320787433701, "totalOtherIncomeExpensesNet": -16000000, "incomeBeforeTax": 310500000, "incomeBeforeTaxRatio": 0.31670746634, "incomeTaxExpense": 80100000, "netIncome": 230400000, "netIncomeRatio": 0.235006119951, "eps": 0.64, "epsdiluted": 0.64, "weightedAverageShsOut": 359200000, "weightedAverageShsOutDil": 361800000, "link": "https://www.sec.gov/Archives/edgar/data/723531/000072353119000032/0000723531-19-000032-index.htm", "finalLink": "https://www.sec.gov/Archives/edgar/data/723531/000072353119000032/payx-20190531x10k.htm"}, {"date": "2019-02-28", "symbol": "PAYX", "fillingDate": "2019-03-29", "acceptedDate": "2019-03-29 17:08:58", "period": "Q3", "revenue": 1070400000, "costOfRevenue": 325300000, "grossProfit": 745100000, "grossProfitRatio": 0.6960949177877429, "researchAndDevelopmentExpenses": 0.0, "generalAndAdministrativeExpenses": 315800000, "sellingAndMarketingExpenses": 0.0, "otherExpenses": 325300000, "operatingExpenses": 641100000, "costAndExpenses": 966400000, "interestExpense": 6700000.0, "depreciationAndAmortization": 176700000, "ebitda": 606000000, "ebitdaratio": 0.566143497758, "operatingIncome": 429300000, "operatingIncomeRatio": 0.401065022422, "totalOtherIncomeExpensesNet": 16000000, "incomeBeforeTax": 425600000, "incomeBeforeTaxRatio": 0.397608370703, "incomeTaxExpense": 101000000, "netIncome": 324600000, "netIncomeRatio": 0.303251121076, "eps": 0.9, "epsdiluted": 0.89, "weightedAverageShsOut": 359100000, "weightedAverageShsOutDil": 361600000, "link": "https://www.sec.gov/Archives/edgar/data/723531/000072353119000015/0000723531-19-000015-index.htm", "finalLink": "https://www.sec.gov/Archives/edgar/data/723531/000072353119000015/payx-20190228x10q.htm"}, {"date": "2018-11-30", "symbol": "PAYX", "fillingDate": "2018-12-21", "acceptedDate": "2018-12-21 17:03:06", "period": "Q2", "revenue": 858900000, "costOfRevenue": 264900000, "grossProfit": 594000000, "grossProfitRatio": 0.6915822563744324, "researchAndDevelopmentExpenses": 0.0, "generalAndAdministrativeExpenses": 286800000, "sellingAndMarketingExpenses": 0.0, "otherExpenses": 264900000, "operatingExpenses": 551700000, "costAndExpenses": 816600000, "interestExpense": 800000.0, "depreciationAndAmortization": 23500000, "ebitda": 330700000, "ebitdaratio": 0.385027360577, "operatingIncome": 307200000, "operatingIncomeRatio": 0.357666783095, "totalOtherIncomeExpensesNet": 0.0, "incomeBeforeTax": 309300000, "incomeBeforeTaxRatio": 0.36011177087, "incomeTaxExpense": 73500000, "netIncome": 235800000, "netIncomeRatio": 0.274537198743, "eps": 0.66, "epsdiluted": 0.66, "weightedAverageShsOut": 359100000, "weightedAverageShsOutDil": 361500000, "link": "https://www.sec.gov/Archives/edgar/data/723531/000072353118000048/0000723531-18-000048-index.htm", "finalLink": "https://www.sec.gov/Archives/edgar/data/723531/000072353118000048/payx-20181130x10q.htm"}, {"date": "2018-08-31", "symbol": "PAYX", "fillingDate": "2018-10-05", "acceptedDate": "2018-10-05 17:05:29", "period": "Q1", "revenue": 862800000, "costOfRevenue": 265500000, "grossProfit": 597300000, "grossProfitRatio": 0.6922809457579973, "researchAndDevelopmentExpenses": 0.0, "generalAndAdministrativeExpenses": 277000000, "sellingAndMarketingExpenses": 0.0, "otherExpenses": 265500000, "operatingExpenses": 542500000, "costAndExpenses": 808000000, "interestExpense": 900000.0, "depreciationAndAmortization": 21500000, "ebitda": 341800000, "ebitdaratio": 0.396152063051, "operatingIncome": 320300000, "operatingIncomeRatio": 0.371233194251, "totalOtherIncomeExpensesNet": 0.0, "incomeBeforeTax": 322600000, "incomeBeforeTaxRatio": 0.373898933704, "incomeTaxExpense": 79000000, "netIncome": 243600000, "netIncomeRatio": 0.282336578581, "eps": 0.68, "epsdiluted": 0.67, "weightedAverageShsOut": 359100000, "weightedAverageShsOutDil": 361500000, "link": "https://www.sec.gov/Archives/edgar/data/723531/000072353118000034/0000723531-18-000034-index.htm", "finalLink": "https://www.sec.gov/Archives/edgar/data/723531/000072353118000034/payx-20180831x10q.htm"}, {"date": "2018-05-31", "symbol": "PAYX", "fillingDate": "2018-07-20", "acceptedDate": "2018-07-20 17:11:56", "period": "FY", "revenue": 871100000, "costOfRevenue": 266300000, "grossProfit": 604800000, "grossProfitRatio": 0.6942945700838021, "researchAndDevelopmentExpenses": 0.0, "generalAndAdministrativeExpenses": 287000000, "sellingAndMarketingExpenses": 0.0, "otherExpenses": 266300000, "operatingExpenses": 553300000, "costAndExpenses": 819600000, "interestExpense": 700000.0, "depreciationAndAmortization": 20400000, "ebitda": 338200000, "ebitdaratio": 0.38824474802, "operatingIncome": 317800000, "operatingIncomeRatio": 0.364826081965, "totalOtherIncomeExpensesNet": -10000000, "incomeBeforeTax": 320300000, "incomeBeforeTaxRatio": 0.367696016531, "incomeTaxExpense": 91800000, "netIncome": 228500000, "netIncomeRatio": 0.262312019286, "eps": 0.64, "epsdiluted": 0.63, "weightedAverageShsOut": 359000000, "weightedAverageShsOutDil": 361500000, "link": "https://www.sec.gov/Archives/edgar/data/723531/000072353118000026/0000723531-18-000026-index.htm", "finalLink": "https://www.sec.gov/Archives/edgar/data/723531/000072353118000026/payx-20180531x10k.htm"}, {"date": "2018-02-28", "symbol": "PAYX", "fillingDate": "2018-03-28", "acceptedDate": "2018-03-28 16:37:36", "period": "Q3", "revenue": 866500000, "costOfRevenue": 270700000, "grossProfit": 595800000, "grossProfitRatio": 0.6875937680323139, "researchAndDevelopmentExpenses": 0.0, "generalAndAdministrativeExpenses": 303300000, "sellingAndMarketingExpenses": 0.0, "otherExpenses": 270700000, "operatingExpenses": 574000000, "costAndExpenses": 844700000, "interestExpense": 1100000.0, "depreciationAndAmortization": 20300000, "ebitda": 312800000, "ebitdaratio": 0.360992498557, "operatingIncome": 292500000, "operatingIncomeRatio": 0.33756491633, "totalOtherIncomeExpensesNet": -46000000, "incomeBeforeTax": 294800000, "incomeBeforeTaxRatio": 0.340219272937, "incomeTaxExpense": 34400000, "netIncome": 260400000, "netIncomeRatio": 0.300519330641, "eps": 0.72, "epsdiluted": 0.72, "weightedAverageShsOut": 359100000, "weightedAverageShsOutDil": 361600000, "link": "https://www.sec.gov/Archives/edgar/data/723531/000072353118000009/0000723531-18-000009-index.htm", "finalLink": "https://www.sec.gov/Archives/edgar/data/723531/000072353118000009/payx-20180228x10q.htm"}, {"date": "2017-11-30", "symbol": "PAYX", "fillingDate": "2017-12-21", "acceptedDate": "2017-12-21 17:09:08", "period": "Q2", "revenue": 826500000, "costOfRevenue": 248700000, "grossProfit": 577800000, "grossProfitRatio": 0.6990925589836661, "researchAndDevelopmentExpenses": 0.0, "generalAndAdministrativeExpenses": 245600000, "sellingAndMarketingExpenses": 0.0, "otherExpenses": 248700000, "operatingExpenses": 494300000, "costAndExpenses": 743000000, "interestExpense": 1300000.0, "depreciationAndAmortization": 17000000, "ebitda": 349200000, "ebitdaratio": 0.422504537205, "operatingIncome": 332200000, "operatingIncomeRatio": 0.401935874168, "totalOtherIncomeExpensesNet": -4000000.0, "incomeBeforeTax": 333900000, "incomeBeforeTaxRatio": 0.403992740472, "incomeTaxExpense": 116900000, "netIncome": 217000000, "netIncomeRatio": 0.262552934059, "eps": 0.61, "epsdiluted": 0.6, "weightedAverageShsOut": 359000000, "weightedAverageShsOutDil": 361400000, "link": "https://www.sec.gov/Archives/edgar/data/723531/000072353117000059/0000723531-17-000059-index.htm", "finalLink": "https://www.sec.gov/Archives/edgar/data/723531/000072353117000059/payx-20171130x10q.htm"}, {"date": "2017-08-31", "symbol": "PAYX", "fillingDate": "2017-10-06", "acceptedDate": "2017-10-05 17:38:05", "period": "Q1", "revenue": 816800000, "costOfRevenue": 232100000, "grossProfit": 584700000, "grossProfitRatio": 0.7158423114593536, "researchAndDevelopmentExpenses": 0.0, "generalAndAdministrativeExpenses": 239700000, "sellingAndMarketingExpenses": 0.0, "otherExpenses": 232100000, "operatingExpenses": 471800000, "costAndExpenses": 703900000, "interestExpense": 800000.0, "depreciationAndAmortization": 14900000, "ebitda": 359900000, "ebitdaratio": 0.440621939275, "operatingIncome": 345000000, "operatingIncomeRatio": 0.422380019589, "totalOtherIncomeExpensesNet": 4000000.0, "incomeBeforeTax": 347100000, "incomeBeforeTaxRatio": 0.424951028404, "incomeTaxExpense": 119300000, "netIncome": 227800000, "netIncomeRatio": 0.27889324192, "eps": 0.63, "epsdiluted": 0.63, "weightedAverageShsOut": 358900000, "weightedAverageShsOutDil": 361300000, "link": "https://www.sec.gov/Archives/edgar/data/723531/000072353117000038/0000723531-17-000038-index.htm", "finalLink": "https://www.sec.gov/Archives/edgar/data/723531/000072353117000038/payx-20170831x10q.htm"}, {"date": "2017-05-31", "symbol": "PAYX", "fillingDate": "2017-07-21", "acceptedDate": "2017-07-21 17:29:04", "period": "FY", "revenue": 798600000, "costOfRevenue": 231400000, "grossProfit": 567200000, "grossProfitRatio": 0.7102429251189581, "researchAndDevelopmentExpenses": 0.0, "generalAndAdministrativeExpenses": 268300000, "sellingAndMarketingExpenses": 0.0, "otherExpenses": 231400000, "operatingExpenses": 499700000, "costAndExpenses": 731100000, "interestExpense": 600000.0, "depreciationAndAmortization": 18700000, "ebitda": 317600000, "ebitdaratio": 0.397695967944, "operatingIncome": 298900000, "operatingIncomeRatio": 0.374279989982, "totalOtherIncomeExpensesNet": 15000000, "incomeBeforeTax": 300500000, "incomeBeforeTaxRatio": 0.376283496118, "incomeTaxExpense": 105200000, "netIncome": 195300000, "netIncomeRatio": 0.244552967693, "eps": 0.54, "epsdiluted": 0.54, "weightedAverageShsOut": 359800000, "weightedAverageShsOutDil": 362600000, "link": "https://www.sec.gov/Archives/edgar/data/723531/000072353117000023/0000723531-17-000023-index.htm", "finalLink": "https://www.sec.gov/Archives/edgar/data/723531/000072353117000023/payx-20170531x10k.htm"}, {"date": "2017-02-28", "symbol": "PAYX", "fillingDate": "2017-03-31", "acceptedDate": "2017-03-31 14:33:58", "period": "Q3", "revenue": 795800000, "costOfRevenue": 236800000, "grossProfit": 559000000, "grossProfitRatio": 0.7024377984418195, "researchAndDevelopmentExpenses": 0.0, "generalAndAdministrativeExpenses": 252400000, "sellingAndMarketingExpenses": 0.0, "otherExpenses": 236800000, "operatingExpenses": 489200000, "costAndExpenses": 726000000, "interestExpense": 600000.0, "depreciationAndAmortization": 13000000, "ebitda": 319600000, "ebitdaratio": 0.401608444333, "operatingIncome": 306600000, "operatingIncomeRatio": 0.385272681578, "totalOtherIncomeExpensesNet": 22000000, "incomeBeforeTax": 307800000, "incomeBeforeTaxRatio": 0.38678059814, "incomeTaxExpense": 105300000, "netIncome": 202500000, "netIncomeRatio": 0.254460919829, "eps": 0.57, "epsdiluted": 0.55, "weightedAverageShsOut": 360000000, "weightedAverageShsOutDil": 362800000, "link": "https://www.sec.gov/Archives/edgar/data/723531/000072353117000010/0000723531-17-000010-index.htm", "finalLink": "https://www.sec.gov/Archives/edgar/data/723531/000072353117000010/payx-20170228x10q.htm"}, {"date": "2016-11-30", "symbol": "PAYX", "fillingDate": "2016-12-23", "acceptedDate": "2016-12-23 14:52:52", "period": "Q2", "revenue": 771400000, "costOfRevenue": 226300000, "grossProfit": 545100000, "grossProfitRatio": 0.7066372828623282, "researchAndDevelopmentExpenses": 0.0, "generalAndAdministrativeExpenses": 234000000, "sellingAndMarketingExpenses": 0.0, "otherExpenses": 226300000, "operatingExpenses": 460300000, "costAndExpenses": 686600000, "interestExpense": 600000.0, "depreciationAndAmortization": 11600000, "ebitda": 322700000, "ebitdaratio": 0.41833030853, "operatingIncome": 311100000, "operatingIncomeRatio": 0.403292714545, "totalOtherIncomeExpensesNet": -56000000, "incomeBeforeTax": 312000000, "incomeBeforeTaxRatio": 0.404459424423, "incomeTaxExpense": 109900000, "netIncome": 202100000, "netIncomeRatio": 0.261991184859, "eps": 0.56, "epsdiluted": 0.56, "weightedAverageShsOut": 360400000, "weightedAverageShsOutDil": 363200000, "link": "https://www.sec.gov/Archives/edgar/data/723531/000072353116000061/0000723531-16-000061-index.htm", "finalLink": "https://www.sec.gov/Archives/edgar/data/723531/000072353116000061/payx-20161130x10q.htm"}, {"date": "2016-08-31", "symbol": "PAYX", "fillingDate": "2016-09-30", "acceptedDate": "2016-09-30 17:28:42", "period": "Q1", "revenue": 785500000, "costOfRevenue": 225100000, "grossProfit": 560400000, "grossProfitRatio": 0.713430935709739, "researchAndDevelopmentExpenses": 0.0, "generalAndAdministrativeExpenses": 237400000, "sellingAndMarketingExpenses": 0.0, "otherExpenses": 225100000, "operatingExpenses": 462500000, "costAndExpenses": 687600000, "interestExpense": 700000.0, "depreciationAndAmortization": 11100000, "ebitda": 334100000, "ebitdaratio": 0.42533418205, "operatingIncome": 323000000, "operatingIncomeRatio": 0.411203055379, "totalOtherIncomeExpensesNet": 10000000, "incomeBeforeTax": 324500000, "incomeBeforeTaxRatio": 0.413112667091, "incomeTaxExpense": 107100000, "netIncome": 217400000, "netIncomeRatio": 0.276766390834, "eps": 0.6, "epsdiluted": 0.6, "weightedAverageShsOut": 361000000, "weightedAverageShsOutDil": 361000000, "link": "https://www.sec.gov/Archives/edgar/data/723531/000072353116000053/0000723531-16-000053-index.htm", "finalLink": "https://www.sec.gov/Archives/edgar/data/723531/000072353116000053/payx-20160831x10q.htm"}, {"date": "2016-05-31", "symbol": "PAYX", "fillingDate": "2016-07-22", "acceptedDate": "2016-07-22 17:28:47", "period": "FY", "revenue": 753900000, "costOfRevenue": 220300000, "grossProfit": 533600000, "grossProfitRatio": 0.7077861785382676, "researchAndDevelopmentExpenses": 0.0, "generalAndAdministrativeExpenses": 257300000, "sellingAndMarketingExpenses": 0.0, "otherExpenses": 220300000, "operatingExpenses": 477600000, "costAndExpenses": 697900000, "interestExpense": 1100000.0, "depreciationAndAmortization": 11500000, "ebitda": 287800000, "ebitdaratio": 0.381748242472, "operatingIncome": 276300000, "operatingIncomeRatio": 0.366494230004, "totalOtherIncomeExpensesNet": -9000000.0, "incomeBeforeTax": 276100000, "incomeBeforeTaxRatio": 0.366228942831, "incomeTaxExpense": 98000000, "netIncome": 178100000, "netIncomeRatio": 0.236238227882, "eps": 0.5, "epsdiluted": 0.49, "weightedAverageShsOut": 360000000, "weightedAverageShsOutDil": 360000000, "link": "https://www.sec.gov/Archives/edgar/data/723531/000072353116000046/0000723531-16-000046-index.htm", "finalLink": "https://www.sec.gov/Archives/edgar/data/723531/000072353116000046/payx-20160531x10k.htm"}, {"date": "2016-02-29", "symbol": "PAYX", "fillingDate": "2016-03-30", "acceptedDate": "2016-03-30 17:24:20", "period": "Q3", "revenue": 752600000, "costOfRevenue": 225900000, "grossProfit": 526700000, "grossProfitRatio": 0.6998405527504651, "researchAndDevelopmentExpenses": 0.0, "generalAndAdministrativeExpenses": 246700000, "sellingAndMarketingExpenses": 0.0, "otherExpenses": 225900000, "operatingExpenses": 472600000, "costAndExpenses": 698500000, "interestExpense": 0.0, "depreciationAndAmortization": 11600000, "ebitda": 291600000, "ebitdaratio": 0.38745681637, "operatingIncome": 280000000, "operatingIncomeRatio": 0.372043582248, "totalOtherIncomeExpensesNet": 18000000, "incomeBeforeTax": 281700000, "incomeBeforeTaxRatio": 0.374302418283, "incomeTaxExpense": 101300000, "netIncome": 180400000, "netIncomeRatio": 0.239702365134, "eps": 0.5, "epsdiluted": 0.5, "weightedAverageShsOut": 360000000, "weightedAverageShsOutDil": 360000000, "link": "https://www.sec.gov/Archives/edgar/data/723531/000072353116000034/0000723531-16-000034-index.htm", "finalLink": "https://www.sec.gov/Archives/edgar/data/723531/000072353116000034/payx-022916x10q3fy16.htm"}, {"date": "2015-11-30", "symbol": "PAYX", "fillingDate": "2015-12-23", "acceptedDate": "2015-12-23 13:50:37", "period": "Q2", "revenue": 722400000, "costOfRevenue": 205200000, "grossProfit": 517200000, "grossProfitRatio": 0.7159468438538206, "researchAndDevelopmentExpenses": 0.0, "generalAndAdministrativeExpenses": 223000000, "sellingAndMarketingExpenses": 0.0, "otherExpenses": 205200000, "operatingExpenses": 428200000, "costAndExpenses": 633400000, "interestExpense": 0.0, "depreciationAndAmortization": 8700000.0, "ebitda": 302900000, "ebitdaratio": 0.419296788483, "operatingIncome": 294200000, "operatingIncomeRatio": 0.407253599114, "totalOtherIncomeExpensesNet": 6000000.0, "incomeBeforeTax": 295800000, "incomeBeforeTaxRatio": 0.409468438538, "incomeTaxExpense": 106600000, "netIncome": 189200000, "netIncomeRatio": 0.261904761905, "eps": 0.52, "epsdiluted": 0.52, "weightedAverageShsOut": 360000000, "weightedAverageShsOutDil": 360000000, "link": "https://www.sec.gov/Archives/edgar/data/723531/000072353115000030/0000723531-15-000030-index.htm", "finalLink": "https://www.sec.gov/Archives/edgar/data/723531/000072353115000030/payx-113015x10q2fy16.htm"}, {"date": "2015-08-31", "symbol": "PAYX", "fillingDate": "2015-09-30", "acceptedDate": "2015-09-30 17:06:47", "period": "Q1", "revenue": 723000000, "costOfRevenue": 205700000, "grossProfit": 517300000, "grossProfitRatio": 0.7154910096818811, "researchAndDevelopmentExpenses": 0.0, "generalAndAdministrativeExpenses": 221200000, "sellingAndMarketingExpenses": 0.0, "otherExpenses": 205700000, "operatingExpenses": 426900000, "costAndExpenses": 632600000, "interestExpense": 0.0, "depreciationAndAmortization": 7600000.0, "ebitda": 303700000, "ebitdaratio": 0.420055325035, "operatingIncome": 296100000, "operatingIncomeRatio": 0.409543568465, "totalOtherIncomeExpensesNet": 6000000.0, "incomeBeforeTax": 297500000, "incomeBeforeTaxRatio": 0.411479944675, "incomeTaxExpense": 88400000, "netIncome": 209100000, "netIncomeRatio": 0.289211618257, "eps": 0.58, "epsdiluted": 0.58, "weightedAverageShsOut": 361000000, "weightedAverageShsOutDil": 361000000, "link": "https://www.sec.gov/Archives/edgar/data/723531/000072353115000015/0000723531-15-000015-index.htm", "finalLink": "https://www.sec.gov/Archives/edgar/data/723531/000072353115000015/payx-083115x10q1fy16.htm"}, {"date": "2015-05-31", "symbol": "PAYX", "fillingDate": "2015-07-21", "acceptedDate": "2015-07-21 16:39:00", "period": "FY", "revenue": 692200000, "costOfRevenue": 203600000, "grossProfit": 488600000, "grossProfitRatio": 0.7058653568332852, "researchAndDevelopmentExpenses": 0.0, "generalAndAdministrativeExpenses": 237000000, "sellingAndMarketingExpenses": 0.0, "otherExpenses": 203600000, "operatingExpenses": 440600000, "costAndExpenses": 644200000, "interestExpense": 0.0, "depreciationAndAmortization": 8200000.0, "ebitda": 259800000, "ebitdaratio": 0.375325050563, "operatingIncome": 251600000, "operatingIncomeRatio": 0.363478763363, "totalOtherIncomeExpensesNet": 0.0, "incomeBeforeTax": 253600000, "incomeBeforeTaxRatio": 0.366368101705, "incomeTaxExpense": 92400000, "netIncome": 161200000, "netIncomeRatio": 0.232880670326, "eps": 0.45, "epsdiluted": 0.44, "weightedAverageShsOut": 362000000, "weightedAverageShsOutDil": 362000000, "link": "https://www.sec.gov/Archives/edgar/data/723531/000072353115000011/0000723531-15-000011-index.htm", "finalLink": "https://www.sec.gov/Archives/edgar/data/723531/000072353115000011/payx-053115x10k.htm"}, {"date": "2015-02-28", "symbol": "PAYX", "fillingDate": "2015-03-25", "acceptedDate": "2015-03-25 16:49:56", "period": "Q3", "revenue": 704300000, "costOfRevenue": 211000000, "grossProfit": 493300000, "grossProfitRatio": 0.7004117563538265, "researchAndDevelopmentExpenses": 0.0, "generalAndAdministrativeExpenses": 229000000, "sellingAndMarketingExpenses": 0.0, "otherExpenses": 211000000, "operatingExpenses": 440000000, "costAndExpenses": 651000000, "interestExpense": 0.0, "depreciationAndAmortization": 7200000.0, "ebitda": 271500000, "ebitdaratio": 0.385489138151, "operatingIncome": 264300000, "operatingIncomeRatio": 0.37526622178, "totalOtherIncomeExpensesNet": 0.0, "incomeBeforeTax": 265900000, "incomeBeforeTaxRatio": 0.377537980974, "incomeTaxExpense": 96500000, "netIncome": 169400000, "netIncomeRatio": 0.240522504615, "eps": 0.46, "epsdiluted": 0.47, "weightedAverageShsOut": 363000000, "weightedAverageShsOutDil": 363000000, "link": "https://www.sec.gov/Archives/edgar/data/723531/000072353115000004/0000723531-15-000004-index.htm", "finalLink": "https://www.sec.gov/Archives/edgar/data/723531/000072353115000004/payx-022815x10q3fy15.htm"}, {"date": "2014-11-30", "symbol": "PAYX", "fillingDate": "2014-12-19", "acceptedDate": "2014-12-19 15:17:41", "period": "Q2", "revenue": 676300000, "costOfRevenue": 199100000, "grossProfit": 477200000, "grossProfitRatio": 0.7056040218837794, "researchAndDevelopmentExpenses": 0.0, "generalAndAdministrativeExpenses": 207000000, "sellingAndMarketingExpenses": 0.0, "otherExpenses": 199100000, "operatingExpenses": 406100000, "costAndExpenses": 605200000, "interestExpense": 0.0, "depreciationAndAmortization": 6900000.0, "ebitda": 277100000, "ebitdaratio": 0.409729410025, "operatingIncome": 270200000, "operatingIncomeRatio": 0.399526837202, "totalOtherIncomeExpensesNet": -4000000.0, "incomeBeforeTax": 271600000, "incomeBeforeTaxRatio": 0.401596924442, "incomeTaxExpense": 98600000, "netIncome": 173000000, "netIncomeRatio": 0.255803637439, "eps": 0.48, "epsdiluted": 0.47, "weightedAverageShsOut": 363000000, "weightedAverageShsOutDil": 363000000, "link": "https://www.sec.gov/Archives/edgar/data/723531/000072353114000031/0000723531-14-000031-index.htm", "finalLink": "https://www.sec.gov/Archives/edgar/data/723531/000072353114000031/payx-113014x10q2fy15.htm"}, {"date": "2014-08-31", "symbol": "PAYX", "fillingDate": "2014-09-24", "acceptedDate": "2014-09-24 14:38:36", "period": "Q1", "revenue": 666800000, "costOfRevenue": 194300000, "grossProfit": 472500000, "grossProfitRatio": 0.7086082783443312, "researchAndDevelopmentExpenses": 0.0, "generalAndAdministrativeExpenses": 205000000, "sellingAndMarketingExpenses": 0.0, "otherExpenses": 194300000, "operatingExpenses": 399300000, "costAndExpenses": 593600000, "interestExpense": 0.0, "depreciationAndAmortization": 8100000.0, "ebitda": 275600000, "ebitdaratio": 0.413317336533, "operatingIncome": 267500000, "operatingIncomeRatio": 0.401169766047, "totalOtherIncomeExpensesNet": 4000000.0, "incomeBeforeTax": 268900000, "incomeBeforeTaxRatio": 0.403269346131, "incomeTaxExpense": 97600000, "netIncome": 171300000, "netIncomeRatio": 0.256898620276, "eps": 0.47, "epsdiluted": 0.47, "weightedAverageShsOut": 363000000, "weightedAverageShsOutDil": 363000000, "link": "https://www.sec.gov/Archives/edgar/data/723531/000072353114000023/0000723531-14-000023-index.htm", "finalLink": "https://www.sec.gov/Archives/edgar/data/723531/000072353114000023/payx-083114x10q1fy15.htm"}, {"date": "2014-05-31", "symbol": "PAYX", "fillingDate": "2014-07-22", "acceptedDate": "2014-07-22 16:54:23", "period": "FY", "revenue": 664000000, "costOfRevenue": 223000000, "grossProfit": 441000000, "grossProfitRatio": 0.6641566265060241, "researchAndDevelopmentExpenses": 0.0, "generalAndAdministrativeExpenses": 212700000, "sellingAndMarketingExpenses": 0.0, "otherExpenses": 223000000, "operatingExpenses": 435700000, "costAndExpenses": 658700000, "interestExpense": 0.0, "depreciationAndAmortization": 10300000, "ebitda": 238600000, "ebitdaratio": 0.359337349398, "operatingIncome": 228300000, "operatingIncomeRatio": 0.343825301205, "totalOtherIncomeExpensesNet": -2000000.0, "incomeBeforeTax": 229700000, "incomeBeforeTaxRatio": 0.34593373494, "incomeTaxExpense": 83800000, "netIncome": 145900000, "netIncomeRatio": 0.219728915663, "eps": 0.4, "epsdiluted": 0.4, "weightedAverageShsOut": 364000000, "weightedAverageShsOutDil": 364000000, "link": "https://www.sec.gov/Archives/edgar/data/723531/000072353114000014/0000723531-14-000014-index.htm", "finalLink": "https://www.sec.gov/Archives/edgar/data/723531/000072353114000014/payx-053114x10k.htm"}, {"date": "2014-02-28", "symbol": "PAYX", "fillingDate": "2014-03-26", "acceptedDate": "2014-03-26 16:30:03", "period": "Q3", "revenue": 636500000, "costOfRevenue": 177100000, "grossProfit": 459400000, "grossProfitRatio": 0.7217596229379418, "researchAndDevelopmentExpenses": 0.0, "generalAndAdministrativeExpenses": 208700000, "sellingAndMarketingExpenses": 0.0, "otherExpenses": 177100000, "operatingExpenses": 385800000, "costAndExpenses": 562900000, "interestExpense": 0.0, "depreciationAndAmortization": 8400000.0, "ebitda": 259100000, "ebitdaratio": 0.40706991359, "operatingIncome": 250700000, "operatingIncomeRatio": 0.393872741555, "totalOtherIncomeExpensesNet": 10000000, "incomeBeforeTax": 252200000, "incomeBeforeTaxRatio": 0.396229379419, "incomeTaxExpense": 92100000, "netIncome": 160100000, "netIncomeRatio": 0.251531814611, "eps": 0.44, "epsdiluted": 0.43, "weightedAverageShsOut": 364000000, "weightedAverageShsOutDil": 364000000, "link": "https://www.sec.gov/Archives/edgar/data/723531/000072353114000005/0000723531-14-000005-index.htm", "finalLink": "https://www.sec.gov/Archives/edgar/data/723531/000072353114000005/payx-022814x10q3.htm"}, {"date": "2013-11-30", "symbol": "PAYX", "fillingDate": "2013-12-20", "acceptedDate": "2013-12-20 11:59:19", "period": "Q2", "revenue": 610500000, "costOfRevenue": 167700000, "grossProfit": 442800000, "grossProfitRatio": 0.7253071253071253, "researchAndDevelopmentExpenses": 0.0, "generalAndAdministrativeExpenses": 194200000, "sellingAndMarketingExpenses": 0.0, "otherExpenses": 167700000, "operatingExpenses": 361900000, "costAndExpenses": 529600000, "interestExpense": 0.0, "depreciationAndAmortization": 8300000.0, "ebitda": 256900000, "ebitdaratio": 0.420802620803, "operatingIncome": 248600000, "operatingIncomeRatio": 0.407207207207, "totalOtherIncomeExpensesNet": -8000000.0, "incomeBeforeTax": 249900000, "incomeBeforeTaxRatio": 0.409336609337, "incomeTaxExpense": 91200000, "netIncome": 158700000, "netIncomeRatio": 0.259950859951, "eps": 0.43, "epsdiluted": 0.44, "weightedAverageShsOut": 365000000, "weightedAverageShsOutDil": 365000000, "link": "https://www.sec.gov/Archives/edgar/data/723531/000072353113000043/0000723531-13-000043-index.htm", "finalLink": "https://www.sec.gov/Archives/edgar/data/723531/000072353113000043/payx-113013x10q2.htm"}, {"date": "2013-08-31", "symbol": "PAYX", "fillingDate": "2013-09-30", "acceptedDate": "2013-09-30 17:21:08", "period": "Q1", "revenue": 607900000, "costOfRevenue": 164700000, "grossProfit": 443200000, "grossProfitRatio": 0.7290672808027636, "researchAndDevelopmentExpenses": 0.0, "generalAndAdministrativeExpenses": 188100000, "sellingAndMarketingExpenses": 0.0, "otherExpenses": 164700000, "operatingExpenses": 352800000, "costAndExpenses": 517500000, "interestExpense": 0.0, "depreciationAndAmortization": 7700000.0, "ebitda": 262800000, "ebitdaratio": 0.432307945386, "operatingIncome": 255100000, "operatingIncomeRatio": 0.419641388386, "totalOtherIncomeExpensesNet": 0.0, "incomeBeforeTax": 256300000, "incomeBeforeTaxRatio": 0.421615397269, "incomeTaxExpense": 93500000, "netIncome": 162800000, "netIncomeRatio": 0.267807205132, "eps": 0.45, "epsdiluted": 0.44, "weightedAverageShsOut": 365000000, "weightedAverageShsOutDil": 365000000, "link": "https://www.sec.gov/Archives/edgar/data/723531/000072353113000033/0000723531-13-000033-index.htm", "finalLink": "https://www.sec.gov/Archives/edgar/data/723531/000072353113000033/payx-83113x10q.htm"}, {"date": "2013-05-31", "symbol": "PAYX", "fillingDate": "2013-07-22", "acceptedDate": "2013-07-22 13:56:25", "period": "FY", "revenue": 585300000, "costOfRevenue": 170700000, "grossProfit": 414600000, "grossProfitRatio": 0.7083546899026141, "researchAndDevelopmentExpenses": 0.0, "generalAndAdministrativeExpenses": 202800000, "sellingAndMarketingExpenses": 0.0, "otherExpenses": 0.0, "operatingExpenses": 202800000, "costAndExpenses": 373500000, "interestExpense": 0.0, "depreciationAndAmortization": 10100000, "ebitda": 221900000, "ebitdaratio": 0.379121817871, "operatingIncome": 211800000, "operatingIncomeRatio": 0.361865709892, "totalOtherIncomeExpensesNet": -10000000, "incomeBeforeTax": 213200000, "incomeBeforeTaxRatio": 0.364257645652, "incomeTaxExpense": 89700000, "netIncome": 123500000, "netIncomeRatio": 0.211002904493, "eps": 0.33, "epsdiluted": 0.34, "weightedAverageShsOut": 363000000, "weightedAverageShsOutDil": 363000000, "link": "https://www.sec.gov/Archives/edgar/data/723531/000072353113000021/0000723531-13-000021-index.htm", "finalLink": "https://www.sec.gov/Archives/edgar/data/723531/000072353113000021/payx-053113x10k.htm"}, {"date": "2013-02-28", "symbol": "PAYX", "fillingDate": "2013-03-27", "acceptedDate": "2013-03-27 17:09:20", "period": "Q3", "revenue": 593300000, "costOfRevenue": 172100000, "grossProfit": 421200000, "grossProfitRatio": 0.7099275240182032, "researchAndDevelopmentExpenses": 0.0, "generalAndAdministrativeExpenses": 196200000, "sellingAndMarketingExpenses": 0.0, "otherExpenses": 0.0, "operatingExpenses": 196200000, "costAndExpenses": 368300000, "interestExpense": 0.0, "depreciationAndAmortization": 10700000, "ebitda": 235700000, "ebitdaratio": 0.397269509523, "operatingIncome": 225000000, "operatingIncomeRatio": 0.379234788471, "totalOtherIncomeExpensesNet": -7000000.0, "incomeBeforeTax": 226400000, "incomeBeforeTaxRatio": 0.3815944716, "incomeTaxExpense": 81900000, "netIncome": 144500000, "netIncomeRatio": 0.243553008596, "eps": 0.4, "epsdiluted": 0.39, "weightedAverageShsOut": 363000000, "weightedAverageShsOutDil": 363000000, "link": "https://www.sec.gov/Archives/edgar/data/723531/000072353113000006/0000723531-13-000006-index.htm", "finalLink": "https://www.sec.gov/Archives/edgar/data/723531/000072353113000006/payx-02282013x10q.htm"}, {"date": "2012-11-30", "symbol": "PAYX", "fillingDate": "2012-12-20", "acceptedDate": "2012-12-19 17:32:03", "period": "Q2", "revenue": 1147600000, "costOfRevenue": 328500000, "grossProfit": 819100000, "grossProfitRatio": 0.7137504356918787, "researchAndDevelopmentExpenses": 0.0, "generalAndAdministrativeExpenses": 351100000, "sellingAndMarketingExpenses": 0.0, "otherExpenses": 0.0, "operatingExpenses": 351100000, "costAndExpenses": 679600000, "interestExpense": 0.0, "depreciationAndAmortization": 21200000, "ebitda": 489200000, "ebitdaratio": 0.426280934123, "operatingIncome": 468000000, "operatingIncomeRatio": 0.407807598466, "totalOtherIncomeExpensesNet": 2000000.0, "incomeBeforeTax": 471800000, "incomeBeforeTaxRatio": 0.411118856745, "incomeTaxExpense": 170800000, "netIncome": 301000000, "netIncomeRatio": 0.262286510979, "eps": 0.83, "epsdiluted": 0.83, "weightedAverageShsOut": 363000000, "weightedAverageShsOutDil": 363000000, "link": "https://www.sec.gov/Archives/edgar/data/723531/000072353112000011/0000723531-12-000011-index.htm", "finalLink": "https://www.sec.gov/Archives/edgar/data/723531/000072353112000011/payx-11302012x10q.htm"}, {"date": "2012-08-31", "symbol": "PAYX", "fillingDate": "2012-09-24", "acceptedDate": "2012-09-24 16:39:54", "period": "Q1", "revenue": 578000000, "costOfRevenue": 0.0, "grossProfit": 578000000, "grossProfitRatio": 1.0, "researchAndDevelopmentExpenses": 0.0, "generalAndAdministrativeExpenses": 176000000, "sellingAndMarketingExpenses": 0.0, "otherExpenses": 0.0, "operatingExpenses": 164000000, "costAndExpenses": 164000000, "interestExpense": 0.0, "depreciationAndAmortization": 24000000, "ebitda": 262000000, "ebitdaratio": 0.4532871972318339, "operatingIncome": 238000000, "operatingIncomeRatio": 0.4117647058823529, "totalOtherIncomeExpensesNet": 0.0, "incomeBeforeTax": 239000000, "incomeBeforeTaxRatio": 0.4134948096885813, "incomeTaxExpense": 0.0, "netIncome": 153000000, "netIncomeRatio": 0.2647058823529412, "eps": 0.42, "epsdiluted": 0.42, "weightedAverageShsOut": 363000000, "weightedAverageShsOutDil": 363000000, "link": "https://www.sec.gov/Archives/edgar/data/723531/000119312512401628/0001193125-12-401628-index.htm", "finalLink": "https://www.sec.gov/Archives/edgar/data/723531/000119312512401628/d385388d10q.htm"}, {"date": "2012-05-31", "symbol": "PAYX", "fillingDate": "2012-07-20", "acceptedDate": "2012-07-20 16:48:58", "period": "FY", "revenue": 551000000, "costOfRevenue": 0.0, "grossProfit": 551000000, "grossProfitRatio": 1.0, "researchAndDevelopmentExpenses": 0.0, "generalAndAdministrativeExpenses": 184000000, "sellingAndMarketingExpenses": 0.0, "otherExpenses": 0.0, "operatingExpenses": 171000000, "costAndExpenses": 171000000, "interestExpense": 0.0, "depreciationAndAmortization": 25000000, "ebitda": 220000000, "ebitdaratio": 0.3992740471869328, "operatingIncome": 195000000, "operatingIncomeRatio": 0.35390199637023595, "totalOtherIncomeExpensesNet": 0.0, "incomeBeforeTax": 198000000, "incomeBeforeTaxRatio": 0.35934664246823955, "incomeTaxExpense": 0.0, "netIncome": 124000000, "netIncomeRatio": 0.2250453720508167, "eps": 1.51, "epsdiluted": 1.51, "weightedAverageShsOut": 362000000, "weightedAverageShsOutDil": 362000000, "link": "https://www.sec.gov/Archives/edgar/data/723531/000119312512309041/0001193125-12-309041-index.htm", "finalLink": "https://www.sec.gov/Archives/edgar/data/723531/000119312512309041/d336374d10k.htm"}, {"date": "2012-02-29", "symbol": "PAYX", "fillingDate": "2012-03-28", "acceptedDate": "2012-03-28 16:47:51", "period": "Q3", "revenue": 570000000, "costOfRevenue": 0.0, "grossProfit": 570000000, "grossProfitRatio": 1.0, "researchAndDevelopmentExpenses": 0.0, "generalAndAdministrativeExpenses": 182000000, "sellingAndMarketingExpenses": 0.0, "otherExpenses": -3000000.0, "operatingExpenses": 177000000, "costAndExpenses": 177000000, "interestExpense": 0.0, "depreciationAndAmortization": 24000000, "ebitda": 235000000, "ebitdaratio": 0.41228070175438597, "operatingIncome": 211000000, "operatingIncomeRatio": 0.3701754385964912, "totalOtherIncomeExpensesNet": 0.0, "incomeBeforeTax": 212000000, "incomeBeforeTaxRatio": 0.3719298245614035, "incomeTaxExpense": 0.0, "netIncome": 135000000, "netIncomeRatio": 0.23684210526315788, "eps": 1.17, "epsdiluted": 1.17, "weightedAverageShsOut": 362000000, "weightedAverageShsOutDil": 362000000, "link": "https://www.sec.gov/Archives/edgar/data/723531/000119312512137499/0001193125-12-137499-index.htm", "finalLink": "https://www.sec.gov/Archives/edgar/data/723531/000119312512137499/d299747d10q.htm"}, {"date": "2011-11-30", "symbol": "PAYX", "fillingDate": "2011-12-20", "acceptedDate": "2011-12-20 16:39:52", "period": "Q2", "revenue": 545000000, "costOfRevenue": 0.0, "grossProfit": 545000000, "grossProfitRatio": 1.0, "researchAndDevelopmentExpenses": 0.0, "generalAndAdministrativeExpenses": 163000000, "sellingAndMarketingExpenses": 0.0, "otherExpenses": 2000000.0, "operatingExpenses": 165000000, "costAndExpenses": 165000000, "interestExpense": 0.0, "depreciationAndAmortization": 24000000, "ebitda": 242000000, "ebitdaratio": 0.44403669724770645, "operatingIncome": 218000000, "operatingIncomeRatio": 0.4, "totalOtherIncomeExpensesNet": 0.0, "incomeBeforeTax": 219000000, "incomeBeforeTaxRatio": 0.4018348623853211, "incomeTaxExpense": 0.0, "netIncome": 141000000, "netIncomeRatio": 0.25871559633027524, "eps": 0.8, "epsdiluted": 0.8, "weightedAverageShsOut": 362000000, "weightedAverageShsOutDil": 362000000, "link": "https://www.sec.gov/Archives/edgar/data/723531/000119312511347321/0001193125-11-347321-index.htm", "finalLink": "https://www.sec.gov/Archives/edgar/data/723531/000119312511347321/d258874d10q.htm"}, {"date": "2011-08-31", "symbol": "PAYX", "fillingDate": "2011-09-27", "acceptedDate": "2011-09-27 17:13:36", "period": "Q1", "revenue": 563000000, "costOfRevenue": 0.0, "grossProfit": 563000000, "grossProfitRatio": 1.0, "researchAndDevelopmentExpenses": 0.0, "generalAndAdministrativeExpenses": 166000000, "sellingAndMarketingExpenses": 0.0, "otherExpenses": 1000000.0, "operatingExpenses": 167000000, "costAndExpenses": 167000000, "interestExpense": 0.0, "depreciationAndAmortization": 24000000, "ebitda": 253000000, "ebitdaratio": 0.4493783303730018, "operatingIncome": 229000000, "operatingIncomeRatio": 0.4067495559502664, "totalOtherIncomeExpensesNet": 0.0, "incomeBeforeTax": 231000000, "incomeBeforeTaxRatio": 0.4103019538188277, "incomeTaxExpense": 0.0, "netIncome": 148000000, "netIncomeRatio": 0.26287744227353466, "eps": 0.41, "epsdiluted": 0.41, "weightedAverageShsOut": 362000000, "weightedAverageShsOutDil": 362000000, "link": "https://www.sec.gov/Archives/edgar/data/723531/000095012311087071/0000950123-11-087071-index.htm", "finalLink": "https://www.sec.gov/Archives/edgar/data/723531/000095012311087071/l43115e10vq.htm"}, {"date": "2011-05-31", "symbol": "PAYX", "fillingDate": "2011-07-15", "acceptedDate": "2011-07-15 17:24:01", "period": "FY", "revenue": 523000000, "costOfRevenue": 0.0, "grossProfit": 523000000, "grossProfitRatio": 1.0, "researchAndDevelopmentExpenses": 0.0, "generalAndAdministrativeExpenses": 172000000, "sellingAndMarketingExpenses": 0.0, "otherExpenses": -4000000.0, "operatingExpenses": 168000000, "costAndExpenses": 168000000, "interestExpense": 0.0, "depreciationAndAmortization": 24000000, "ebitda": 207000000, "ebitdaratio": 0.39579349904397704, "operatingIncome": 183000000, "operatingIncomeRatio": 0.34990439770554493, "totalOtherIncomeExpensesNet": 0.0, "incomeBeforeTax": 184000000, "incomeBeforeTaxRatio": 0.35181644359464626, "incomeTaxExpense": 0.0, "netIncome": 119000000, "netIncomeRatio": 0.22753346080305928, "eps": 1.42, "epsdiluted": 1.42, "weightedAverageShsOut": 361000000, "weightedAverageShsOutDil": 361000000, "link": "https://www.sec.gov/Archives/edgar/data/723531/000095012311065947/0000950123-11-065947-index.htm", "finalLink": "https://www.sec.gov/Archives/edgar/data/723531/000095012311065947/l42678e10vk.htm"}, {"date": "2011-02-28", "symbol": "PAYX", "fillingDate": "2011-03-23", "acceptedDate": "2011-03-23 17:04:19", "period": "Q3", "revenue": 531000000, "costOfRevenue": 0.0, "grossProfit": 531000000, "grossProfitRatio": 1.0, "researchAndDevelopmentExpenses": 0.0, "generalAndAdministrativeExpenses": 166000000, "sellingAndMarketingExpenses": 0.0, "otherExpenses": 0.0, "operatingExpenses": 166000000, "costAndExpenses": 166000000, "interestExpense": 0.0, "depreciationAndAmortization": 23000000, "ebitda": 222000000, "ebitdaratio": 0.4180790960451977, "operatingIncome": 199000000, "operatingIncomeRatio": 0.3747645951035782, "totalOtherIncomeExpensesNet": 0.0, "incomeBeforeTax": 201000000, "incomeBeforeTaxRatio": 0.3785310734463277, "incomeTaxExpense": 0.0, "netIncome": 131000000, "netIncomeRatio": 0.24670433145009416, "eps": 1.1, "epsdiluted": 1.1, "weightedAverageShsOut": 361000000, "weightedAverageShsOutDil": 361000000, "link": "https://www.sec.gov/Archives/edgar/data/723531/000095012311028301/0000950123-11-028301-index.htm", "finalLink": "https://www.sec.gov/Archives/edgar/data/723531/000095012311028301/l41845e10vq.htm"}, {"date": "2010-11-30", "symbol": "PAYX", "fillingDate": "2010-12-20", "acceptedDate": "2010-12-20 16:36:03", "period": "Q2", "revenue": 512000000, "costOfRevenue": 0.0, "grossProfit": 512000000, "grossProfitRatio": 1.0, "researchAndDevelopmentExpenses": 0.0, "generalAndAdministrativeExpenses": 149000000, "sellingAndMarketingExpenses": 0.0, "otherExpenses": 10000000, "operatingExpenses": 159000000, "costAndExpenses": 159000000, "interestExpense": 0.0, "depreciationAndAmortization": 21000000, "ebitda": 225000000, "ebitdaratio": 0.439453125, "operatingIncome": 204000000, "operatingIncomeRatio": 0.3984375, "totalOtherIncomeExpensesNet": 0.0, "incomeBeforeTax": 205000000, "incomeBeforeTaxRatio": 0.400390625, "incomeTaxExpense": 0.0, "netIncome": 134000000, "netIncomeRatio": 0.26171875, "eps": 0.73, "epsdiluted": 0.73, "weightedAverageShsOut": 361000000, "weightedAverageShsOutDil": 361000000, "link": "https://www.sec.gov/Archives/edgar/data/723531/000095012310115032/0000950123-10-115032-index.htm", "finalLink": "https://www.sec.gov/Archives/edgar/data/723531/000095012310115032/l41227e10vq.htm"}, {"date": "2010-08-31", "symbol": "PAYX", "fillingDate": "2010-09-27", "acceptedDate": "2010-09-27 16:42:40", "period": "Q1", "revenue": 518000000, "costOfRevenue": 0.0, "grossProfit": 518000000, "grossProfitRatio": 1.0, "researchAndDevelopmentExpenses": 0.0, "generalAndAdministrativeExpenses": 157000000, "sellingAndMarketingExpenses": 0.0, "otherExpenses": 3000000.0, "operatingExpenses": 160000000, "costAndExpenses": 160000000, "interestExpense": 0.0, "depreciationAndAmortization": 20000000, "ebitda": 220000000, "ebitdaratio": 0.4247104247104247, "operatingIncome": 200000000, "operatingIncomeRatio": 0.3861003861003861, "totalOtherIncomeExpensesNet": 0.0, "incomeBeforeTax": 202000000, "incomeBeforeTaxRatio": 0.38996138996138996, "incomeTaxExpense": 0.0, "netIncome": 131000000, "netIncomeRatio": 0.2528957528957529, "eps": 0.36, "epsdiluted": 0.36, "weightedAverageShsOut": 361000000, "weightedAverageShsOutDil": 361000000, "link": "https://www.sec.gov/Archives/edgar/data/723531/000095012310089222/0000950123-10-089222-index.htm", "finalLink": "https://www.sec.gov/Archives/edgar/data/723531/000095012310089222/l39291e10vq.htm"}, {"date": "2010-05-31", "symbol": "PAYX", "fillingDate": "2010-07-16", "acceptedDate": "2010-07-16 16:17:20", "period": "FY", "revenue": 441180000, "costOfRevenue": 0.0, "grossProfit": 441180000, "grossProfitRatio": 1.0, "researchAndDevelopmentExpenses": 0.0, "generalAndAdministrativeExpenses": 159514000, "sellingAndMarketingExpenses": 0.0, "otherExpenses": 3569000.0, "operatingExpenses": 163083000, "costAndExpenses": 163083000, "interestExpense": 0.0, "depreciationAndAmortization": 21551000, "ebitda": 195165000, "ebitdaratio": 0.4423704610363117, "operatingIncome": 173614000, "operatingIncomeRatio": 0.39352191849131873, "totalOtherIncomeExpensesNet": 0.0, "incomeBeforeTax": 174895000, "incomeBeforeTaxRatio": 0.39642549526270454, "incomeTaxExpense": 0.0, "netIncome": 115522000, "netIncomeRatio": 0.2618477718844916, "eps": 1.32, "epsdiluted": 1.32, "weightedAverageShsOut": 361359.0, "weightedAverageShsOutDil": 361359.0, "link": "https://www.sec.gov/Archives/edgar/data/723531/000095012310066009/0000950123-10-066009-index.htm", "finalLink": "https://www.sec.gov/Archives/edgar/data/723531/000095012310066009/l39983e10vk.htm"}, {"date": "2010-02-28", "symbol": "PAYX", "fillingDate": "2010-03-24", "acceptedDate": "2010-03-24 17:01:32", "period": "Q3", "revenue": 507819000, "costOfRevenue": 15425178, "grossProfit": 492393822, "grossProfitRatio": 0.9696246536659715, "researchAndDevelopmentExpenses": 0.0, "generalAndAdministrativeExpenses": 175062000, "sellingAndMarketingExpenses": 0.0, "otherExpenses": -10554000, "operatingExpenses": 164508000, "costAndExpenses": 164508000, "interestExpense": 0.0, "depreciationAndAmortization": 21581000, "ebitda": 189830000, "ebitdaratio": 0.21879222087, "operatingIncome": 168249000, "operatingIncomeRatio": 0.176009319388, "totalOtherIncomeExpensesNet": -441116.0, "incomeBeforeTax": 169429000, "incomeBeforeTaxRatio": 0.188733824405, "incomeTaxExpense": 909976.0, "netIncome": 112007000, "netIncomeRatio": 0.215028517463, "eps": -0.16, "epsdiluted": -0.14, "weightedAverageShsOut": 361328.0, "weightedAverageShsOutDil": 361328.0, "link": "https://www.sec.gov/Archives/edgar/data/723531/000095012310027758/0000950123-10-027758-index.htm", "finalLink": "https://www.sec.gov/Archives/edgar/data/723531/000095012310027758/l39187e10vq.htm"}, {"date": "2009-11-30", "symbol": "PAYX", "fillingDate": "2009-12-16", "acceptedDate": "2009-12-16 16:53:28", "period": "Q2", "revenue": 496576000, "costOfRevenue": 0.0, "grossProfit": 496576000, "grossProfitRatio": 1.0, "researchAndDevelopmentExpenses": 0.0, "generalAndAdministrativeExpenses": 140863000, "sellingAndMarketingExpenses": 0.0, "otherExpenses": 21785000, "operatingExpenses": 162648000, "costAndExpenses": 162648000, "interestExpense": 0.0, "depreciationAndAmortization": 21686000, "ebitda": 214751000, "ebitdaratio": 0.4324635101172832, "operatingIncome": 193065000, "operatingIncomeRatio": 0.3887924507024101, "totalOtherIncomeExpensesNet": 0.0, "incomeBeforeTax": 194212000, "incomeBeforeTaxRatio": 0.39110226833354816, "incomeTaxExpense": 0.0, "netIncome": 125850000, "netIncomeRatio": 0.2534355264853718, "eps": 0.69, "epsdiluted": 0.69, "weightedAverageShsOut": 361288.0, "weightedAverageShsOutDil": 361288.0, "link": "https://www.sec.gov/Archives/edgar/data/723531/000095012309071276/0000950123-09-071276-index.htm", "finalLink": "https://www.sec.gov/Archives/edgar/data/723531/000095012309071276/l37753e10vq.htm"}, {"date": "2009-08-31", "symbol": "PAYX", "fillingDate": "2009-09-23", "acceptedDate": "2009-09-23 17:11:52", "period": "Q1", "revenue": 500214000, "costOfRevenue": 0.0, "grossProfit": 500214000, "grossProfitRatio": 1.0, "researchAndDevelopmentExpenses": 0.0, "generalAndAdministrativeExpenses": 147001000, "sellingAndMarketingExpenses": 0.0, "otherExpenses": 16345000, "operatingExpenses": 163346000, "costAndExpenses": 163346000, "interestExpense": 0.0, "depreciationAndAmortization": 21627000, "ebitda": 211494000, "ebitdaratio": 0.42280703858748453, "operatingIncome": 189867000, "operatingIncomeRatio": 0.3795715433794336, "totalOtherIncomeExpensesNet": 0.0, "incomeBeforeTax": 190772000, "incomeBeforeTaxRatio": 0.38138076903085477, "incomeTaxExpense": 0.0, "netIncome": 123620000, "netIncomeRatio": 0.24713422655103615, "eps": 0.34, "epsdiluted": 0.34, "weightedAverageShsOut": 361208.0, "weightedAverageShsOutDil": 361208.0, "link": "https://www.sec.gov/Archives/edgar/data/723531/000095012309045262/0000950123-09-045262-index.htm", "finalLink": "https://www.sec.gov/Archives/edgar/data/723531/000095012309045262/l37560e10vq.htm"}, {"date": "2009-05-31", "symbol": "PAYX", "fillingDate": "2009-07-20", "acceptedDate": "2009-07-20 16:24:51", "period": "FY", "revenue": 495933000, "costOfRevenue": 0.0, "grossProfit": 495933000, "grossProfitRatio": 1.0, "researchAndDevelopmentExpenses": 0.0, "generalAndAdministrativeExpenses": 154747000, "sellingAndMarketingExpenses": 0.0, "otherExpenses": 12125000, "operatingExpenses": 166872000, "costAndExpenses": 166872000, "interestExpense": 0.0, "depreciationAndAmortization": 22608000, "ebitda": 196922000, "ebitdaratio": 0.39707379827517025, "operatingIncome": 174314000, "operatingIncomeRatio": 0.35148699521911225, "totalOtherIncomeExpensesNet": 0.0, "incomeBeforeTax": 175139000, "incomeBeforeTaxRatio": 0.35315052638158784, "incomeTaxExpense": 0.0, "netIncome": 113804000, "netIncomeRatio": 0.22947454595681271, "eps": 1.48, "epsdiluted": 1.48, "weightedAverageShsOut": 360783.0, "weightedAverageShsOutDil": 360783.0, "link": "https://www.sec.gov/Archives/edgar/data/723531/000095012309023519/0000950123-09-023519-index.htm", "finalLink": "https://www.sec.gov/Archives/edgar/data/723531/000095012309023519/l36954ae10vk.htm"}, {"date": "2009-02-28", "symbol": "PAYX", "fillingDate": "2009-03-25", "acceptedDate": "2009-03-25 17:07:42", "period": "Q3", "revenue": 528581000, "costOfRevenue": 0.0, "grossProfit": 528581000, "grossProfitRatio": 1.0, "researchAndDevelopmentExpenses": 0.0, "generalAndAdministrativeExpenses": 156677000, "sellingAndMarketingExpenses": 0.0, "otherExpenses": 17826000, "operatingExpenses": 174503000, "costAndExpenses": 174503000, "interestExpense": 0.0, "depreciationAndAmortization": 21486000, "ebitda": 218887000, "ebitdaratio": 0.4141030419178896, "operatingIncome": 197401000, "operatingIncomeRatio": 0.373454588795284, "totalOtherIncomeExpensesNet": 0.0, "incomeBeforeTax": 198468000, "incomeBeforeTaxRatio": 0.3754732008906866, "incomeTaxExpense": 0.0, "netIncome": 130790000, "netIncomeRatio": 0.24743605994161727, "eps": 1.16, "epsdiluted": 1.16, "weightedAverageShsOut": 360743.0, "weightedAverageShsOutDil": 360743.0, "link": "https://www.sec.gov/Archives/edgar/data/723531/000095015209003088/0000950152-09-003088-index.htm", "finalLink": "https://www.sec.gov/Archives/edgar/data/723531/000095015209003088/l35905ae10vq.htm"}, {"date": "2008-11-30", "symbol": "PAYX", "fillingDate": "2008-12-17", "acceptedDate": "2008-12-17 17:19:30", "period": "Q2", "revenue": 524160000, "costOfRevenue": 0.0, "grossProfit": 524160000, "grossProfitRatio": 1.0, "researchAndDevelopmentExpenses": 0.0, "generalAndAdministrativeExpenses": 141585000, "sellingAndMarketingExpenses": 0.0, "otherExpenses": 29090000, "operatingExpenses": 170675000, "costAndExpenses": 170675000, "interestExpense": 0.0, "depreciationAndAmortization": 20991000, "ebitda": 232891000, "ebitdaratio": 0.44431280525030525, "operatingIncome": 211900000, "operatingIncomeRatio": 0.404265873015873, "totalOtherIncomeExpensesNet": 0.0, "incomeBeforeTax": 213832000, "incomeBeforeTaxRatio": 0.40795177045177045, "incomeTaxExpense": 0.0, "netIncome": 140242000, "netIncomeRatio": 0.2675557081807082, "eps": 0.8, "epsdiluted": 0.8, "weightedAverageShsOut": 360710.0, "weightedAverageShsOutDil": 360710.0, "link": "https://www.sec.gov/Archives/edgar/data/723531/000095015208010385/0000950152-08-010385-index.htm", "finalLink": "https://www.sec.gov/Archives/edgar/data/723531/000095015208010385/l34830ae10vq.htm"}, {"date": "2008-08-31", "symbol": "PAYX", "fillingDate": "2008-09-24", "acceptedDate": "2008-09-24 16:30:48", "period": "Q1", "revenue": 534085000, "costOfRevenue": 0.0, "grossProfit": 534085000, "grossProfitRatio": 1.0, "researchAndDevelopmentExpenses": 0.0, "generalAndAdministrativeExpenses": 144032000, "sellingAndMarketingExpenses": 0.0, "otherExpenses": 24436000, "operatingExpenses": 168468000, "costAndExpenses": 168468000, "interestExpense": 0.0, "depreciationAndAmortization": 20687000, "ebitda": 242272000, "ebitdaratio": 0.4536206783564414, "operatingIncome": 221585000, "operatingIncomeRatio": 0.4148871434322252, "totalOtherIncomeExpensesNet": 0.0, "incomeBeforeTax": 224636000, "incomeBeforeTaxRatio": 0.42059971727346773, "incomeTaxExpense": 0.0, "netIncome": 148709000, "netIncomeRatio": 0.2784369529194791, "eps": 0.41, "epsdiluted": 0.41, "weightedAverageShsOut": 360629.0, "weightedAverageShsOutDil": 360629.0, "link": "https://www.sec.gov/Archives/edgar/data/723531/000095015208007408/0000950152-08-007408-index.htm", "finalLink": "https://www.sec.gov/Archives/edgar/data/723531/000095015208007408/l33239ae10vq.htm"}, {"date": "2008-05-31", "symbol": "PAYX", "fillingDate": "2008-07-18", "acceptedDate": "2008-07-18 17:22:53", "period": "FY", "revenue": 519228000, "costOfRevenue": 0.0, "grossProfit": 519228000, "grossProfitRatio": 1.0, "researchAndDevelopmentExpenses": 0.0, "generalAndAdministrativeExpenses": 153451000, "sellingAndMarketingExpenses": 0.0, "otherExpenses": 14522000, "operatingExpenses": 167973000, "costAndExpenses": 167973000, "interestExpense": 0.0, "depreciationAndAmortization": -59362000, "ebitda": 138442000, "ebitdaratio": 0.26663045906615207, "operatingIncome": 197804000, "operatingIncomeRatio": 0.3809578836272312, "totalOtherIncomeExpensesNet": 0.0, "incomeBeforeTax": 201015000, "incomeBeforeTaxRatio": 0.3871420647576787, "incomeTaxExpense": 0.0, "netIncome": 135484000, "netIncomeRatio": 0.2609335397936937, "eps": 1.56, "epsdiluted": 1.56, "weightedAverageShsOut": 368420.0, "weightedAverageShsOutDil": 368420.0, "link": "https://www.sec.gov/Archives/edgar/data/723531/000095015208005502/0000950152-08-005502-index.htm", "finalLink": "https://www.sec.gov/Archives/edgar/data/723531/000095015208005502/l32343ae10vk.htm"}, {"date": "2008-02-29", "symbol": "PAYX", "fillingDate": "2008-03-26", "acceptedDate": "2008-03-26 16:53:36", "period": "Q3", "revenue": 532172000, "costOfRevenue": 0.0, "grossProfit": 532172000, "grossProfitRatio": 1.0, "researchAndDevelopmentExpenses": 0.0, "generalAndAdministrativeExpenses": 150778000, "sellingAndMarketingExpenses": 0.0, "otherExpenses": 20217000, "operatingExpenses": 170995000, "costAndExpenses": 170995000, "interestExpense": 0.0, "depreciationAndAmortization": 20566000, "ebitda": 211225000, "ebitdaratio": 0.3969111490270063, "operatingIncome": 190659000, "operatingIncomeRatio": 0.358265748667724, "totalOtherIncomeExpensesNet": 0.0, "incomeBeforeTax": 213996000, "incomeBeforeTaxRatio": 0.40211811218929217, "incomeTaxExpense": 0.0, "netIncome": 142474000, "netIncomeRatio": 0.2677217140323053, "eps": 1.19, "epsdiluted": 1.19, "weightedAverageShsOut": 370814.0, "weightedAverageShsOutDil": 370814.0, "link": "https://www.sec.gov/Archives/edgar/data/723531/000095015208002321/0000950152-08-002321-index.htm", "finalLink": "https://www.sec.gov/Archives/edgar/data/723531/000095015208002321/l30716ae10vq.htm"}, {"date": "2007-11-30", "symbol": "PAYX", "fillingDate": "2007-12-19", "acceptedDate": "2007-12-19 16:35:18", "period": "Q2", "revenue": 507793000, "costOfRevenue": 0.0, "grossProfit": 507793000, "grossProfitRatio": 1.0, "researchAndDevelopmentExpenses": 0.0, "generalAndAdministrativeExpenses": 135865000, "sellingAndMarketingExpenses": 0.0, "otherExpenses": 26587000, "operatingExpenses": 162452000, "costAndExpenses": 162452000, "interestExpense": 0.0, "depreciationAndAmortization": 19665000, "ebitda": 248881000, "ebitdaratio": 0.4901229437979649, "operatingIncome": 229216000, "operatingIncomeRatio": 0.45139653362689125, "totalOtherIncomeExpensesNet": 0.0, "incomeBeforeTax": 216979000, "incomeBeforeTaxRatio": 0.427298131325166, "incomeTaxExpense": 0.0, "netIncome": 147112000, "netIncomeRatio": 0.2897086017333835, "eps": 0.79, "epsdiluted": 0.79, "weightedAverageShsOut": 375299.0, "weightedAverageShsOutDil": 375299.0, "link": "https://www.sec.gov/Archives/edgar/data/723531/000095015207009727/0000950152-07-009727-index.htm", "finalLink": "https://www.sec.gov/Archives/edgar/data/723531/000095015207009727/l29191ae10vq.htm"}, {"date": "2007-08-31", "symbol": "PAYX", "fillingDate": "2007-09-26", "acceptedDate": "2007-09-26 16:40:41", "period": "Q1", "revenue": 507130000, "costOfRevenue": 0.0, "grossProfit": 507130000, "grossProfitRatio": 1.0, "researchAndDevelopmentExpenses": 0.0, "generalAndAdministrativeExpenses": 137227000, "sellingAndMarketingExpenses": 0.0, "otherExpenses": 22088000, "operatingExpenses": 159315000, "costAndExpenses": 159315000, "interestExpense": 0.0, "depreciationAndAmortization": 19131000, "ebitda": 229719000, "ebitdaratio": 0.4529785262161576, "operatingIncome": 210588000, "operatingIncomeRatio": 0.41525447124011594, "totalOtherIncomeExpensesNet": 0.0, "incomeBeforeTax": 222825000, "incomeBeforeTaxRatio": 0.43938437875889813, "incomeTaxExpense": 0.0, "netIncome": 151075000, "netIncomeRatio": 0.2979019186401909, "eps": 0.4, "epsdiluted": 0.4, "weightedAverageShsOut": 380539.0, "weightedAverageShsOutDil": 380539.0, "link": "https://www.sec.gov/Archives/edgar/data/723531/000095015207007744/0000950152-07-007744-index.htm", "finalLink": "https://www.sec.gov/Archives/edgar/data/723531/000095015207007744/l28068ae10vq.htm"}, {"date": "2007-05-31", "symbol": "PAYX", "fillingDate": "2007-07-20", "acceptedDate": "2007-07-20 16:45:30", "period": "FY", "revenue": 0.0, "costOfRevenue": 0.0, "grossProfit": 0.0, "grossProfitRatio": 0.0, "researchAndDevelopmentExpenses": 0.0, "generalAndAdministrativeExpenses": 17000.0, "sellingAndMarketingExpenses": 0.0, "otherExpenses": 0.0, "operatingExpenses": 8000.0, "costAndExpenses": 8000.0, "interestExpense": 0.0, "depreciationAndAmortization": -54239000, "ebitda": -54264000, "ebitdaratio": 0.0, "operatingIncome": -25000.0, "operatingIncomeRatio": 0.0, "totalOtherIncomeExpensesNet": 0.0, "incomeBeforeTax": -25000.0, "incomeBeforeTaxRatio": 0.0, "incomeTaxExpense": 0.0, "netIncome": -18000.0, "netIncomeRatio": 0.0, "eps": -0.05, "epsdiluted": -0.05, "weightedAverageShsOut": 360000.0, "weightedAverageShsOutDil": 360000.0, "link": "https://www.sec.gov/Archives/edgar/data/723531/000095015207005944/0000950152-07-005944-index.htm", "finalLink": "https://www.sec.gov/Archives/edgar/data/723531/000095015207005944/l26913ae10vk.htm"}, {"date": "2007-02-28", "symbol": "PAYX", "fillingDate": "2007-03-28", "acceptedDate": "2007-03-28 17:18:18", "period": "Q3", "revenue": 485287000, "costOfRevenue": 0.0, "grossProfit": 485287000, "grossProfitRatio": 1.0, "researchAndDevelopmentExpenses": 0.0, "generalAndAdministrativeExpenses": 153760000, "sellingAndMarketingExpenses": 0.0, "otherExpenses": 4783000.0, "operatingExpenses": 158543000, "costAndExpenses": 158543000, "interestExpense": 0.0, "depreciationAndAmortization": 19437000, "ebitda": 192421000, "ebitdaratio": 0.39650969426339466, "operatingIncome": 172984000, "operatingIncomeRatio": 0.35645710682544557, "totalOtherIncomeExpensesNet": 0.0, "incomeBeforeTax": 183478000, "incomeBeforeTaxRatio": 0.3780814239820972, "incomeTaxExpense": 0.0, "netIncome": 126600000, "netIncomeRatio": 0.26087655346217803, "eps": 1.04, "epsdiluted": 1.04, "weightedAverageShsOut": 380879.0, "weightedAverageShsOutDil": 380879.0, "link": "https://www.sec.gov/Archives/edgar/data/723531/000095015207002709/0000950152-07-002709-index.htm", "finalLink": "https://www.sec.gov/Archives/edgar/data/723531/000095015207002709/l25367ae10vq.htm"}, {"date": "2006-11-30", "symbol": "PAYX", "fillingDate": "2006-12-20", "acceptedDate": "2006-12-20 17:08:12", "period": "Q2", "revenue": 454955000, "costOfRevenue": 0.0, "grossProfit": 454955000, "grossProfitRatio": 1.0, "researchAndDevelopmentExpenses": 0.0, "generalAndAdministrativeExpenses": 121757000, "sellingAndMarketingExpenses": 0.0, "otherExpenses": 29113000, "operatingExpenses": 150870000, "costAndExpenses": 150870000, "interestExpense": 0.0, "depreciationAndAmortization": 17933000, "ebitda": 200261000, "ebitdaratio": 0.44017759998241585, "operatingIncome": 182328000, "operatingIncomeRatio": 0.4007605147761867, "totalOtherIncomeExpensesNet": 0.0, "incomeBeforeTax": 192269000, "incomeBeforeTaxRatio": 0.4226110274642547, "incomeTaxExpense": 0.0, "netIncome": 132666000, "netIncomeRatio": 0.29160246617797364, "eps": 0.7, "epsdiluted": 0.7, "weightedAverageShsOut": 380571.0, "weightedAverageShsOutDil": 380571.0, "link": "https://www.sec.gov/Archives/edgar/data/723531/000095015206010316/0000950152-06-010316-index.htm", "finalLink": "https://www.sec.gov/Archives/edgar/data/723531/000095015206010316/l23652ae10vq.htm"}, {"date": "2006-08-31", "symbol": "PAYX", "fillingDate": "2006-09-26", "acceptedDate": "2006-09-26 17:14:27", "period": "Q1", "revenue": 459374000, "costOfRevenue": 0.0, "grossProfit": 459374000, "grossProfitRatio": 1.0, "researchAndDevelopmentExpenses": 0.0, "generalAndAdministrativeExpenses": 124936000, "sellingAndMarketingExpenses": 0.0, "otherExpenses": 23148000, "operatingExpenses": 148084000, "costAndExpenses": 148084000, "interestExpense": 0.0, "depreciationAndAmortization": 16869000, "ebitda": 203223000, "ebitdaratio": 0.44239116711002363, "operatingIncome": 186354000, "operatingIncomeRatio": 0.4056694545185405, "totalOtherIncomeExpensesNet": 0.0, "incomeBeforeTax": 195770000, "incomeBeforeTaxRatio": 0.426166914104847, "incomeTaxExpense": 0.0, "netIncome": 135081000, "netIncomeRatio": 0.2940545176696983, "eps": 0.36, "epsdiluted": 0.36, "weightedAverageShsOut": 380360.0, "weightedAverageShsOutDil": 380360.0, "link": "https://www.sec.gov/Archives/edgar/data/723531/000095015206007806/0000950152-06-007806-index.htm", "finalLink": "https://www.sec.gov/Archives/edgar/data/723531/000095015206007806/l22384ae10vq.htm"}, {"date": "2006-05-31", "symbol": "PAYX", "fillingDate": "2006-07-21", "acceptedDate": "2006-07-21 10:32:39", "period": "FY", "revenue": 440480000, "costOfRevenue": 0.0, "grossProfit": 440480000, "grossProfitRatio": 1.0, "researchAndDevelopmentExpenses": 0.0, "generalAndAdministrativeExpenses": 126936000, "sellingAndMarketingExpenses": 0.0, "otherExpenses": 19062000, "operatingExpenses": 145998000, "costAndExpenses": 145998000, "interestExpense": 0.0, "depreciationAndAmortization": 17352000, "ebitda": 184898000, "ebitdaratio": 0.41976480203414457, "operatingIncome": 167546000, "operatingIncomeRatio": 0.38037141300399563, "totalOtherIncomeExpensesNet": 0.0, "incomeBeforeTax": 175972000, "incomeBeforeTaxRatio": 0.3995005448601526, "incomeTaxExpense": 0.0, "netIncome": 122740000, "netIncomeRatio": 0.2786505630221576, "eps": 1.23, "epsdiluted": 1.23, "weightedAverageShsOut": 379465.0, "weightedAverageShsOutDil": 379465.0, "link": "https://www.sec.gov/Archives/edgar/data/723531/000095015206005992/0000950152-06-005992-index.htm", "finalLink": "https://www.sec.gov/Archives/edgar/data/723531/000095015206005992/l20831ae10vk.htm"}, {"date": "2006-02-28", "symbol": "PAYX", "fillingDate": "2006-03-28", "acceptedDate": "2006-03-28 16:52:45", "period": "Q3", "revenue": 430586000, "costOfRevenue": 0.0, "grossProfit": 430586000, "grossProfitRatio": 1.0, "researchAndDevelopmentExpenses": 0.0, "generalAndAdministrativeExpenses": 124500000, "sellingAndMarketingExpenses": 0.0, "otherExpenses": 20986000, "operatingExpenses": 145486000, "costAndExpenses": 145486000, "interestExpense": 0.0, "depreciationAndAmortization": 16889000, "ebitda": 177489000, "ebitdaratio": 0.4122033693617535, "operatingIncome": 160600000, "operatingIncomeRatio": 0.37298007831188196, "totalOtherIncomeExpensesNet": 0.0, "incomeBeforeTax": 166958000, "incomeBeforeTaxRatio": 0.3877460019601195, "incomeTaxExpense": 0.0, "netIncome": 114534000, "netIncomeRatio": 0.26599564314678137, "eps": 0.9, "epsdiluted": 0.9, "weightedAverageShsOut": 379245.0, "weightedAverageShsOutDil": 379245.0, "link": "https://www.sec.gov/Archives/edgar/data/723531/000095015206002607/0000950152-06-002607-index.htm", "finalLink": "https://www.sec.gov/Archives/edgar/data/723531/000095015206002607/l19268ae10vq.htm"}, {"date": "2005-11-30", "symbol": "PAYX", "fillingDate": "2005-12-21", "acceptedDate": "2005-12-21 17:20:53", "period": "Q2", "revenue": 399815000, "costOfRevenue": 0.0, "grossProfit": 399815000, "grossProfitRatio": 1.0, "researchAndDevelopmentExpenses": 0.0, "generalAndAdministrativeExpenses": 105860000, "sellingAndMarketingExpenses": 0.0, "otherExpenses": 29490000, "operatingExpenses": 135350000, "costAndExpenses": 135350000, "interestExpense": 0.0, "depreciationAndAmortization": 16261000, "ebitda": 174866000, "ebitdaratio": 0.43736728236809524, "operatingIncome": 158605000, "operatingIncomeRatio": 0.39669597188699773, "totalOtherIncomeExpensesNet": 0.0, "incomeBeforeTax": 164157000, "incomeBeforeTaxRatio": 0.4105823943573903, "incomeTaxExpense": 0.0, "netIncome": 112612000, "netIncomeRatio": 0.2816602678738917, "eps": 0.6, "epsdiluted": 0.6, "weightedAverageShsOut": 379046.0, "weightedAverageShsOutDil": 379046.0, "link": "https://www.sec.gov/Archives/edgar/data/723531/000095015205010147/0000950152-05-010147-index.htm", "finalLink": "https://www.sec.gov/Archives/edgar/data/723531/000095015205010147/l17504ae10vq.htm"}, {"date": "2005-08-31", "symbol": "PAYX", "fillingDate": "2005-09-27", "acceptedDate": "2005-09-27 17:11:14", "period": "Q1", "revenue": 403715000, "costOfRevenue": 0.0, "grossProfit": 403715000, "grossProfitRatio": 1.0, "researchAndDevelopmentExpenses": 0.0, "generalAndAdministrativeExpenses": 107474000, "sellingAndMarketingExpenses": 0.0, "otherExpenses": 25947000, "operatingExpenses": 133421000, "costAndExpenses": 133421000, "interestExpense": 0.0, "depreciationAndAmortization": 16015000, "ebitda": 178835000, "ebitdaratio": 0.44297338468969444, "operatingIncome": 162820000, "operatingIncomeRatio": 0.40330431120964044, "totalOtherIncomeExpensesNet": 0.0, "incomeBeforeTax": 167679000, "incomeBeforeTaxRatio": 0.41534002947623944, "incomeTaxExpense": 0.0, "netIncome": 115028000, "netIncomeRatio": 0.2849237704816517, "eps": 0.3, "epsdiluted": 0.3, "weightedAverageShsOut": 378810.0, "weightedAverageShsOutDil": 378810.0, "link": "https://www.sec.gov/Archives/edgar/data/723531/000095015205007850/0000950152-05-007850-index.htm", "finalLink": "https://www.sec.gov/Archives/edgar/data/723531/000095015205007850/l16075ae10vq.htm"}, {"date": "2005-05-31", "symbol": "PAYX", "fillingDate": "2005-07-22", "acceptedDate": "2005-07-22 13:29:19", "period": "FY", "revenue": 379022000, "costOfRevenue": 0.0, "grossProfit": 379022000, "grossProfitRatio": 1.0, "researchAndDevelopmentExpenses": 0.0, "generalAndAdministrativeExpenses": 152997000, "sellingAndMarketingExpenses": 0.0, "otherExpenses": 0.0, "operatingExpenses": 83198000, "costAndExpenses": 83198000, "interestExpense": 0.0, "depreciationAndAmortization": -13616000, "ebitda": 129211000, "ebitdaratio": 0.340906332613938, "operatingIncome": 142827000, "operatingIncomeRatio": 0.3768303686857227, "totalOtherIncomeExpensesNet": 0.0, "incomeBeforeTax": 147109000, "incomeBeforeTaxRatio": 0.38812786592862686, "incomeTaxExpense": 0.0, "netIncome": 101481000, "netIncomeRatio": 0.26774435257056317, "eps": 0.97, "epsdiluted": 0.97, "weightedAverageShsOut": 378337.0, "weightedAverageShsOutDil": 378337.0, "link": "https://www.sec.gov/Archives/edgar/data/723531/000095015205006110/0000950152-05-006110-index.htm", "finalLink": "https://www.sec.gov/Archives/edgar/data/723531/000095015205006110/l14112ae10vk.htm"}, {"date": "2005-02-28", "symbol": "PAYX", "fillingDate": "2005-03-22", "acceptedDate": "2005-03-21 20:43:24", "period": "Q3", "revenue": 373861000, "costOfRevenue": 0.0, "grossProfit": 373861000, "grossProfitRatio": 1.0, "researchAndDevelopmentExpenses": 0.0, "generalAndAdministrativeExpenses": 152444000, "sellingAndMarketingExpenses": 0.0, "otherExpenses": 0.0, "operatingExpenses": -30111000, "costAndExpenses": -30111000, "interestExpense": 0.0, "depreciationAndAmortization": 14735000, "ebitda": 150117000, "ebitdaratio": 0.40153158526832167, "operatingIncome": 135382000, "operatingIncomeRatio": 0.3621185413830274, "totalOtherIncomeExpensesNet": 0.0, "incomeBeforeTax": 138481000, "incomeBeforeTaxRatio": 0.3704077183766159, "incomeTaxExpense": 0.0, "netIncome": 92782000, "netIncomeRatio": 0.24817244911879013, "eps": 0.71, "epsdiluted": 0.71, "weightedAverageShsOut": 378257.0, "weightedAverageShsOutDil": 378257.0, "link": "https://www.sec.gov/Archives/edgar/data/723531/000095015205002355/0000950152-05-002355-index.htm", "finalLink": "https://www.sec.gov/Archives/edgar/data/723531/000095015205002355/l12884ae10vq.htm"}, {"date": "2004-11-30", "symbol": "PAYX", "fillingDate": "2004-12-22", "acceptedDate": "2004-12-21 20:02:55", "period": "Q2", "revenue": 347285000, "costOfRevenue": 0.0, "grossProfit": 347285000, "grossProfitRatio": 1.0, "researchAndDevelopmentExpenses": 0.0, "generalAndAdministrativeExpenses": 140459000, "sellingAndMarketingExpenses": 0.0, "otherExpenses": 0.0, "operatingExpenses": 140459000, "costAndExpenses": 140459000, "interestExpense": 0.0, "depreciationAndAmortization": 14551000, "ebitda": 141449000, "ebitdaratio": 0.40729948025397006, "operatingIncome": 126898000, "operatingIncomeRatio": 0.3654001756482428, "totalOtherIncomeExpensesNet": 0.0, "incomeBeforeTax": 129649000, "incomeBeforeTaxRatio": 0.37332162345048014, "incomeTaxExpense": 0.0, "netIncome": 86865000, "netIncomeRatio": 0.25012597722331803, "eps": 0.46, "epsdiluted": 0.46, "weightedAverageShsOut": 378185.0, "weightedAverageShsOutDil": 378185.0, "link": "https://www.sec.gov/Archives/edgar/data/723531/000095015204009117/0000950152-04-009117-index.htm", "finalLink": "https://www.sec.gov/Archives/edgar/data/723531/000095015204009117/l11075ae10vq.htm"}, {"date": "2004-08-31", "symbol": "PAYX", "fillingDate": "2004-09-22", "acceptedDate": "2004-09-21 19:45:51", "period": "Q1", "revenue": 344975000, "costOfRevenue": 0.0, "grossProfit": 344975000, "grossProfitRatio": 1.0, "researchAndDevelopmentExpenses": 0.0, "generalAndAdministrativeExpenses": 135961000, "sellingAndMarketingExpenses": 0.0, "otherExpenses": 0.0, "operatingExpenses": 135961000, "costAndExpenses": 135961000, "interestExpense": 0.0, "depreciationAndAmortization": 14181000, "ebitda": 142849000, "ebitdaratio": 0.41408507862888616, "operatingIncome": 128668000, "operatingIncomeRatio": 0.3729777520110153, "totalOtherIncomeExpensesNet": 0.0, "incomeBeforeTax": 130927000, "incomeBeforeTaxRatio": 0.37952605261250816, "incomeTaxExpense": 0.0, "netIncome": 87721000, "netIncomeRatio": 0.2542821943619103, "eps": 0.23, "epsdiluted": 0.23, "weightedAverageShsOut": 378107.0, "weightedAverageShsOutDil": 378107.0, "link": "https://www.sec.gov/Archives/edgar/data/723531/000095015204006996/0000950152-04-006996-index.htm", "finalLink": "https://www.sec.gov/Archives/edgar/data/723531/000095015204006996/l09630ae10vq.htm"}, {"date": "2004-05-31", "symbol": "PAYX", "fillingDate": "2004-07-20", "acceptedDate": "2004-07-19 20:03:53", "period": "FY", "revenue": 309253000, "costOfRevenue": 0.0, "grossProfit": 309253000, "grossProfitRatio": 1.0, "researchAndDevelopmentExpenses": 0.0, "generalAndAdministrativeExpenses": 0.0, "sellingAndMarketingExpenses": 0.0, "otherExpenses": 0.0, "operatingExpenses": 0.0, "costAndExpenses": 0.0, "interestExpense": 0.0, "depreciationAndAmortization": 14256000, "ebitda": 129334000, "ebitdaratio": 0.4182142129583222, "operatingIncome": 115078000, "operatingIncomeRatio": 0.3721160344442899, "totalOtherIncomeExpensesNet": 0.0, "incomeBeforeTax": 119027000, "incomeBeforeTaxRatio": 0.3848855144493344, "incomeTaxExpense": 0.0, "netIncome": 80343000, "netIncomeRatio": 0.2597969946936651, "eps": 0.21, "epsdiluted": 0.21, "weightedAverageShsOut": 376836.0, "weightedAverageShsOutDil": 376836.0, "link": "https://www.sec.gov/Archives/edgar/data/723531/000095015204005452/0000950152-04-005452-index.htm", "finalLink": "https://www.sec.gov/Archives/edgar/data/723531/000095015204005452/l08538ae10vk.htm"}, {"date": "2004-02-29", "symbol": "PAYX", "fillingDate": "2004-03-18", "acceptedDate": "2004-03-18 16:44:09", "period": "Q3", "revenue": 342606000, "costOfRevenue": 0.0, "grossProfit": 342606000, "grossProfitRatio": 1.0, "researchAndDevelopmentExpenses": 0.0, "generalAndAdministrativeExpenses": 146894000, "sellingAndMarketingExpenses": 0.0, "otherExpenses": 0.0, "operatingExpenses": 146894000, "costAndExpenses": 146894000, "interestExpense": 0.0, "depreciationAndAmortization": 14036000, "ebitda": 130509000, "ebitdaratio": 0.3809302814311483, "operatingIncome": 116473000, "operatingIncomeRatio": 0.339961938786828, "totalOtherIncomeExpensesNet": 0.0, "incomeBeforeTax": 119639000, "incomeBeforeTaxRatio": 0.3492028744388598, "incomeTaxExpense": 0.0, "netIncome": 80518000, "netIncomeRatio": 0.23501631611822327, "eps": 0.64, "epsdiluted": 0.64, "weightedAverageShsOut": 377224.0, "weightedAverageShsOutDil": 377224.0, "link": "https://www.sec.gov/Archives/edgar/data/723531/000095015204002076/0000950152-04-002076-index.htm", "finalLink": "https://www.sec.gov/Archives/edgar/data/723531/000095015204002076/l06387ae10vq.htm"}, {"date": "2003-11-30", "symbol": "PAYX", "fillingDate": "2003-12-19", "acceptedDate": "2003-12-18 18:11:18", "period": "Q2", "revenue": 312099000, "costOfRevenue": 0.0, "grossProfit": 312099000, "grossProfitRatio": 1.0, "researchAndDevelopmentExpenses": 0.0, "generalAndAdministrativeExpenses": 122849000, "sellingAndMarketingExpenses": 0.0, "otherExpenses": 0.0, "operatingExpenses": 122849000, "costAndExpenses": 122849000, "interestExpense": 0.0, "depreciationAndAmortization": 13841000, "ebitda": 128656000, "ebitdaratio": 0.4122281711892701, "operatingIncome": 114815000, "operatingIncomeRatio": 0.36788006369773696, "totalOtherIncomeExpensesNet": 0.0, "incomeBeforeTax": 119886000, "incomeBeforeTaxRatio": 0.38412811319485163, "incomeTaxExpense": 0.0, "netIncome": 80684000, "netIncomeRatio": 0.2585205335486496, "eps": 0.43, "epsdiluted": 0.43, "weightedAverageShsOut": 377052.0, "weightedAverageShsOutDil": 377052.0, "link": "https://www.sec.gov/Archives/edgar/data/723531/000095015203010395/0000950152-03-010395-index.htm", "finalLink": "https://www.sec.gov/Archives/edgar/data/723531/000095015203010395/l04602ae10vq.htm"}, {"date": "2003-08-31", "symbol": "PAYX", "fillingDate": "2003-09-24", "acceptedDate": "2003-09-23 18:18:59", "period": "Q1", "revenue": 309253000, "costOfRevenue": 0.0, "grossProfit": 309253000, "grossProfitRatio": 1.0, "researchAndDevelopmentExpenses": 0.0, "generalAndAdministrativeExpenses": 122504000, "sellingAndMarketingExpenses": 0.0, "otherExpenses": 0.0, "operatingExpenses": 122504000, "costAndExpenses": 122504000, "interestExpense": 0.0, "depreciationAndAmortization": 13704000, "ebitda": 128782000, "ebitdaratio": 0.41642926665222324, "operatingIncome": 115078000, "operatingIncomeRatio": 0.3721160344442899, "totalOtherIncomeExpensesNet": 0.0, "incomeBeforeTax": 119027000, "incomeBeforeTaxRatio": 0.3848855144493344, "incomeTaxExpense": 0.0, "netIncome": 80343000, "netIncomeRatio": 0.2597969946936651, "eps": 0.21, "epsdiluted": 0.21, "weightedAverageShsOut": 376836.0, "weightedAverageShsOutDil": 376836.0, "link": "https://www.sec.gov/Archives/edgar/data/723531/000095015203008396/0000950152-03-008396-index.htm", "finalLink": "https://www.sec.gov/Archives/edgar/data/723531/000095015203008396/l03142ae10vq.htm"}, {"date": "2003-05-31", "symbol": "PAYX", "fillingDate": "2003-08-01", "acceptedDate": "2003-08-01 15:25:25", "period": "FY", "revenue": 252675000, "costOfRevenue": 0.0, "grossProfit": 252675000, "grossProfitRatio": 1.0, "researchAndDevelopmentExpenses": 0.0, "generalAndAdministrativeExpenses": 0.0, "sellingAndMarketingExpenses": 0.0, "otherExpenses": 0.0, "operatingExpenses": 0.0, "costAndExpenses": 0.0, "interestExpense": 0.0, "depreciationAndAmortization": 13410000, "ebitda": 115887000, "ebitdaratio": 0.4586405461561294, "operatingIncome": 102477000, "operatingIncomeRatio": 0.4055684179281686, "totalOtherIncomeExpensesNet": 0.0, "incomeBeforeTax": 110862000, "incomeBeforeTaxRatio": 0.438753339269813, "incomeTaxExpense": 0.0, "netIncome": 75940000, "netIncomeRatio": 0.3005441773028594, "eps": 0.2, "epsdiluted": 0.2, "weightedAverageShsOut": 375955.0, "weightedAverageShsOutDil": 375955.0, "link": "https://www.sec.gov/Archives/edgar/data/723531/000095015203007265/0000950152-03-007265-index.htm", "finalLink": "https://www.sec.gov/Archives/edgar/data/723531/000095015203007265/l01352ae10vk.htm"}, {"date": "2003-02-28", "symbol": "PAYX", "fillingDate": "2003-03-21", "acceptedDate": "2003-03-20 18:17:20", "period": "Q3", "revenue": 287789000, "costOfRevenue": 0.0, "grossProfit": 287789000, "grossProfitRatio": 1.0, "researchAndDevelopmentExpenses": 0.0, "generalAndAdministrativeExpenses": 317825000, "sellingAndMarketingExpenses": 0.0, "otherExpenses": 0.0, "operatingExpenses": 317825000, "costAndExpenses": 317825000, "interestExpense": 0.0, "depreciationAndAmortization": 11586000, "ebitda": 93219000, "ebitdaratio": 0.32391439561623275, "operatingIncome": 81633000, "operatingIncomeRatio": 0.2836557338883696, "totalOtherIncomeExpensesNet": 0.0, "incomeBeforeTax": 105179000, "incomeBeforeTaxRatio": 0.36547262056576174, "incomeTaxExpense": 0.0, "netIncome": 71521000, "netIncomeRatio": 0.24851888015177787, "eps": 0.59, "epsdiluted": 0.59, "weightedAverageShsOut": 376161.0, "weightedAverageShsOutDil": 376161.0, "link": "https://www.sec.gov/Archives/edgar/data/723531/000095015203003161/0000950152-03-003161-index.htm", "finalLink": "https://www.sec.gov/Archives/edgar/data/723531/000095015203003161/l99629ae10vq.htm"}, {"date": "2002-11-30", "symbol": "PAYX", "fillingDate": "2002-12-19", "acceptedDate": "2002-12-19 16:15:02", "period": "Q2", "revenue": 268807000, "costOfRevenue": 0.0, "grossProfit": 268807000, "grossProfitRatio": 1.0, "researchAndDevelopmentExpenses": 0.0, "generalAndAdministrativeExpenses": -94254000, "sellingAndMarketingExpenses": 0.0, "otherExpenses": 0.0, "operatingExpenses": -94254000, "costAndExpenses": -94254000, "interestExpense": 0.0, "depreciationAndAmortization": 10676000, "ebitda": 129656000, "ebitdaratio": 0.4823386295743786, "operatingIncome": 118980000, "operatingIncomeRatio": 0.44262240194637786, "totalOtherIncomeExpensesNet": 0.0, "incomeBeforeTax": 110595000, "incomeBeforeTaxRatio": 0.41142901784551744, "incomeTaxExpense": 0.0, "netIncome": 74651000, "netIncomeRatio": 0.2777122619574639, "eps": 0.4, "epsdiluted": 0.4, "weightedAverageShsOut": 376069.0, "weightedAverageShsOutDil": 376069.0, "link": "https://www.sec.gov/Archives/edgar/data/723531/000095015202009471/0000950152-02-009471-index.htm", "finalLink": "https://www.sec.gov/Archives/edgar/data/723531/000095015202009471/l97784ae10vq.htm"}, {"date": "2002-08-31", "symbol": "PAYX", "fillingDate": "2002-09-19", "acceptedDate": "2002-09-19 09:40:12", "period": "Q1", "revenue": 252675000, "costOfRevenue": 0.0, "grossProfit": 252675000, "grossProfitRatio": 1.0, "researchAndDevelopmentExpenses": 0.0, "generalAndAdministrativeExpenses": 94254000, "sellingAndMarketingExpenses": 0.0, "otherExpenses": 0.0, "operatingExpenses": 94254000, "costAndExpenses": 94254000, "interestExpense": 0.0, "depreciationAndAmortization": 7706000.0, "ebitda": 110183000, "ebitdaratio": 0.43606609280696546, "operatingIncome": 102477000, "operatingIncomeRatio": 0.4055684179281686, "totalOtherIncomeExpensesNet": 0.0, "incomeBeforeTax": 110862000, "incomeBeforeTaxRatio": 0.438753339269813, "incomeTaxExpense": 0.0, "netIncome": 75940000, "netIncomeRatio": 0.3005441773028594, "eps": 0.2, "epsdiluted": 0.2, "weightedAverageShsOut": 375955.0, "weightedAverageShsOutDil": 375955.0, "link": "https://www.sec.gov/Archives/edgar/data/723531/000095015202007083/0000950152-02-007083-index.htm", "finalLink": "https://www.sec.gov/Archives/edgar/data/723531/000095015202007083/l96298ae10vq.htm"}]