[{"date": "2020-03-28", "symbol": "KHC", "fillingDate": "2020-05-01", "acceptedDate": "2020-05-01 16:03:30", "period": "Q1", "revenue": 6157000000, "costOfRevenue": 4299000000, "grossProfit": 1858000000, "grossProfitRatio": 0.3017703426993666, "researchAndDevelopmentExpenses": 0.0, "generalAndAdministrativeExpenses": 1088000000, "sellingAndMarketingExpenses": 0.0, "otherExpenses": -81000000, "operatingExpenses": 1088000000, "costAndExpenses": 5387000000, "interestExpense": 310000000, "depreciationAndAmortization": 212000000, "ebitda": 982000000, "ebitdaratio": 0.159493259704, "operatingIncome": 770000000, "operatingIncomeRatio": 0.125060906286, "totalOtherIncomeExpensesNet": -81000000, "incomeBeforeTax": 541000000, "incomeBeforeTaxRatio": 0.0878674679227, "incomeTaxExpense": 160000000, "netIncome": 378000000, "netIncomeRatio": 0.0613935358129, "eps": 0.31, "epsdiluted": 0.31, "weightedAverageShsOut": 1222000000, "weightedAverageShsOutDil": 1224000000, "link": "https://www.sec.gov/Archives/edgar/data/1637459/000163745920000061/0001637459-20-000061-index.htm", "finalLink": "https://www.sec.gov/Archives/edgar/data/1637459/000163745920000061/khc-20200328.htm"}, {"date": "2019-12-28", "symbol": "KHC", "fillingDate": "2020-02-14", "acceptedDate": "2020-02-14 17:13:43", "period": "FY", "revenue": 6536000000, "costOfRevenue": 4429000000, "grossProfit": 2107000000, "grossProfitRatio": 0.3223684210526316, "researchAndDevelopmentExpenses": 112000000, "generalAndAdministrativeExpenses": 1513000000, "sellingAndMarketingExpenses": 0.0, "otherExpenses": -59000000, "operatingExpenses": 1625000000, "costAndExpenses": 6054000000, "interestExpense": 326000000, "depreciationAndAmortization": 180000000, "ebitda": 774000000, "ebitdaratio": 0.118421052632, "operatingIncome": 594000000, "operatingIncomeRatio": 0.0908812729498, "totalOtherIncomeExpensesNet": 952000000, "incomeBeforeTax": 327000000, "incomeBeforeTaxRatio": 0.0500305997552, "incomeTaxExpense": 144000000, "netIncome": 182000000, "netIncomeRatio": 0.0278457772338, "eps": 0.15, "epsdiluted": 0.15, "weightedAverageShsOut": 1221000000, "weightedAverageShsOutDil": 1224000000, "link": "https://www.sec.gov/Archives/edgar/data/1637459/000163745920000027/0001637459-20-000027-index.htm", "finalLink": "https://www.sec.gov/Archives/edgar/data/1637459/000163745920000027/form10-k2019.htm"}, {"date": "2019-09-28", "symbol": "KHC", "fillingDate": "2019-10-31", "acceptedDate": "2019-10-31 16:08:25", "period": "Q3", "revenue": 6076000000, "costOfRevenue": 4129000000, "grossProfit": 1947000000, "grossProfitRatio": 0.3204410796576695, "researchAndDevelopmentExpenses": 0.0, "generalAndAdministrativeExpenses": 767000000, "sellingAndMarketingExpenses": 0.0, "otherExpenses": -380000000, "operatingExpenses": 767000000, "costAndExpenses": 4896000000, "interestExpense": 398000000, "depreciationAndAmortization": 167000000, "ebitda": 1347000000, "ebitdaratio": 0.221691902567, "operatingIncome": 1180000000, "operatingIncomeRatio": 0.194206714944, "totalOtherIncomeExpensesNet": -380000000, "incomeBeforeTax": 1162000000, "incomeBeforeTaxRatio": 0.191244239631, "incomeTaxExpense": 264000000, "netIncome": 899000000, "netIncomeRatio": 0.147959183673, "eps": 0.74, "epsdiluted": 0.73, "weightedAverageShsOut": 1220000000, "weightedAverageShsOutDil": 1223000000, "link": "https://www.sec.gov/Archives/edgar/data/1637459/000163745919000113/0001637459-19-000113-index.htm", "finalLink": "https://www.sec.gov/Archives/edgar/data/1637459/000163745919000113/form10-qq32019.htm"}, {"date": "2019-06-29", "symbol": "KHC", "fillingDate": "2019-08-13", "acceptedDate": "2019-08-13 06:13:31", "period": "Q2", "revenue": 6406000000, "costOfRevenue": 4324000000, "grossProfit": 2082000000, "grossProfitRatio": 0.3250078051826413, "researchAndDevelopmentExpenses": 0.0, "generalAndAdministrativeExpenses": 1348000000, "sellingAndMarketingExpenses": 0.0, "otherExpenses": -133000000, "operatingExpenses": 1348000000, "costAndExpenses": 5672000000, "interestExpense": 316000000, "depreciationAndAmortization": 179000000, "ebitda": 913000000, "ebitdaratio": 0.14252263503, "operatingIncome": 734000000, "operatingIncomeRatio": 0.114580081174, "totalOtherIncomeExpensesNet": -133000000, "incomeBeforeTax": 551000000, "incomeBeforeTaxRatio": 0.0860131127068, "incomeTaxExpense": 103000000, "netIncome": 449000000, "netIncomeRatio": 0.0700905401186, "eps": 0.37, "epsdiluted": 0.37, "weightedAverageShsOut": 1220000000, "weightedAverageShsOutDil": 1223000000, "link": "https://www.sec.gov/Archives/edgar/data/1637459/000163745919000073/0001637459-19-000073-index.htm", "finalLink": "https://www.sec.gov/Archives/edgar/data/1637459/000163745919000073/form10-qq22019.htm"}, {"date": "2019-03-30", "symbol": "KHC", "fillingDate": "2019-08-13", "acceptedDate": "2019-08-13 06:06:38", "period": "Q1", "revenue": 5959000000, "costOfRevenue": 3948000000, "grossProfit": 2011000000, "grossProfitRatio": 0.33747273032387987, "researchAndDevelopmentExpenses": 0.0, "generalAndAdministrativeExpenses": 1449000000, "sellingAndMarketingExpenses": 0.0, "otherExpenses": -380000000, "operatingExpenses": 1449000000, "costAndExpenses": 5397000000, "interestExpense": 321000000, "depreciationAndAmortization": 162000000, "ebitda": 724000000, "ebitdaratio": 0.121496895452, "operatingIncome": 562000000, "operatingIncomeRatio": 0.0943111260279, "totalOtherIncomeExpensesNet": -380000000, "incomeBeforeTax": 621000000, "incomeBeforeTaxRatio": 0.104212116127, "incomeTaxExpense": 217000000, "netIncome": 405000000, "netIncomeRatio": 0.067964423561, "eps": 0.33, "epsdiluted": 0.33, "weightedAverageShsOut": 1220000000, "weightedAverageShsOutDil": 1224000000, "link": "https://www.sec.gov/Archives/edgar/data/1637459/000163745919000072/0001637459-19-000072-index.htm", "finalLink": "https://www.sec.gov/Archives/edgar/data/1637459/000163745919000072/form10-qq12019.htm"}, {"date": "2018-12-29", "symbol": "KHC", "fillingDate": "2019-06-07", "acceptedDate": "2019-06-07 17:07:36", "period": "FY", "revenue": 6900000000, "costOfRevenue": 4696000000, "grossProfit": 2204000000, "grossProfitRatio": 0.3194202898550725, "researchAndDevelopmentExpenses": 109000000, "generalAndAdministrativeExpenses": 16304000000, "sellingAndMarketingExpenses": 0.0, "otherExpenses": 205000000, "operatingExpenses": 16413000000, "costAndExpenses": 21109000000, "interestExpense": 322000000, "depreciationAndAmortization": 169000000, "ebitda": 3062000000, "ebitdaratio": 0.4460955710955711, "operatingIncome": 2893000000, "operatingIncomeRatio": 0.421474358974359, "totalOtherIncomeExpensesNet": 205000000, "incomeBeforeTax": 2416000000, "incomeBeforeTaxRatio": 0.351981351981352, "incomeTaxExpense": -6198000000, "netIncome": 8614000000, "netIncomeRatio": 1.2549533799533799, "eps": -10.31, "epsdiluted": -10.3, "weightedAverageShsOut": 1219000000, "weightedAverageShsOutDil": 1219000000, "link": "https://www.sec.gov/Archives/edgar/data/1637459/000163745919000049/0001637459-19-000049-index.htm", "finalLink": "https://www.sec.gov/Archives/edgar/data/1637459/000163745919000049/form10-k2018.htm"}, {"date": "2018-09-29", "symbol": "KHC", "fillingDate": "2018-11-02", "acceptedDate": "2018-11-02 11:37:21", "period": "Q3", "revenue": 6378000000, "costOfRevenue": 4271000000, "grossProfit": 2107000000, "grossProfitRatio": 0.330354343054249, "researchAndDevelopmentExpenses": 0.0, "generalAndAdministrativeExpenses": 1037000000, "sellingAndMarketingExpenses": 0.0, "otherExpenses": -71000000, "operatingExpenses": 1037000000, "costAndExpenses": 5308000000, "interestExpense": 327000000, "depreciationAndAmortization": 182000000, "ebitda": 1252000000, "ebitdaratio": 0.196299780495, "operatingIncome": 1070000000, "operatingIncomeRatio": 0.167764189401, "totalOtherIncomeExpensesNet": -71000000, "incomeBeforeTax": 814000000, "incomeBeforeTaxRatio": 0.127626215114, "incomeTaxExpense": 186000000, "netIncome": 630000000, "netIncomeRatio": 0.098777046096, "eps": 0.52, "epsdiluted": 0.51, "weightedAverageShsOut": 1219000000, "weightedAverageShsOutDil": 1227000000, "link": "https://www.sec.gov/Archives/edgar/data/1637459/000163745918000124/0001637459-18-000124-index.htm", "finalLink": "https://www.sec.gov/Archives/edgar/data/1637459/000163745918000124/form10-qq32018.htm"}, {"date": "2018-06-30", "symbol": "KHC", "fillingDate": "2018-08-03", "acceptedDate": "2018-08-03 10:03:30", "period": "Q2", "revenue": 6686000000, "costOfRevenue": 4321000000, "grossProfit": 2365000000, "grossProfitRatio": 0.3537241998205205, "researchAndDevelopmentExpenses": 0.0, "generalAndAdministrativeExpenses": 1036000000, "sellingAndMarketingExpenses": 0.0, "otherExpenses": -35000000, "operatingExpenses": 1036000000, "costAndExpenses": 5357000000, "interestExpense": 318000000, "depreciationAndAmortization": 165000000, "ebitda": 1494000000, "ebitdaratio": 0.223451989231, "operatingIncome": 1329000000, "operatingIncomeRatio": 0.198773556686, "totalOtherIncomeExpensesNet": -35000000, "incomeBeforeTax": 1046000000, "incomeBeforeTaxRatio": 0.156446305713, "incomeTaxExpense": 291000000, "netIncome": 756000000, "netIncomeRatio": 0.113072090936, "eps": 0.62, "epsdiluted": 0.62, "weightedAverageShsOut": 1219000000, "weightedAverageShsOutDil": 1227000000, "link": "https://www.sec.gov/Archives/edgar/data/1637459/000163745918000116/0001637459-18-000116-index.htm", "finalLink": "https://www.sec.gov/Archives/edgar/data/1637459/000163745918000116/form10-qq22018.htm"}, {"date": "2018-03-31", "symbol": "KHC", "fillingDate": "2018-05-03", "acceptedDate": "2018-05-03 12:08:07", "period": "Q1", "revenue": 6304000000, "costOfRevenue": 4059000000, "grossProfit": 2245000000, "grossProfitRatio": 0.3561230964467005, "researchAndDevelopmentExpenses": 0.0, "generalAndAdministrativeExpenses": 764000000, "sellingAndMarketingExpenses": 0.0, "otherExpenses": -90000000, "operatingExpenses": 764000000, "costAndExpenses": 4823000000, "interestExpense": 317000000, "depreciationAndAmortization": 128000000, "ebitda": 1609000000, "ebitdaratio": 0.255234771574, "operatingIncome": 1481000000, "operatingIncomeRatio": 0.234930203046, "totalOtherIncomeExpensesNet": -90000000, "incomeBeforeTax": 1254000000, "incomeBeforeTaxRatio": 0.198921319797, "incomeTaxExpense": 261000000, "netIncome": 993000000, "netIncomeRatio": 0.157519035533, "eps": 0.81, "epsdiluted": 0.81, "weightedAverageShsOut": 1219000000, "weightedAverageShsOutDil": 1228000000, "link": "https://www.sec.gov/Archives/edgar/data/1637459/000163745918000099/0001637459-18-000099-index.htm", "finalLink": "https://www.sec.gov/Archives/edgar/data/1637459/000163745918000099/form10-qq12018.htm"}, {"date": "2017-12-30", "symbol": "KHC", "fillingDate": "2018-02-16", "acceptedDate": "2018-02-16 12:39:26", "period": "FY", "revenue": 6877000000, "costOfRevenue": 4470000000, "grossProfit": 2407000000, "grossProfitRatio": 0.35000727061218556, "researchAndDevelopmentExpenses": 93000000, "generalAndAdministrativeExpenses": 767000000, "sellingAndMarketingExpenses": 0.0, "otherExpenses": 1000000.0, "operatingExpenses": 860000000, "costAndExpenses": 5330000000, "interestExpense": 308000000, "depreciationAndAmortization": 165000000, "ebitda": 1805000000, "ebitdaratio": 0.262469099898, "operatingIncome": 1640000000, "operatingIncomeRatio": 0.238476079686, "totalOtherIncomeExpensesNet": 1000000.0, "incomeBeforeTax": 1331000000, "incomeBeforeTaxRatio": 0.193543696379, "incomeTaxExpense": -6665000000, "netIncome": 8003000000, "netIncomeRatio": 1.16373418642, "eps": 6.57, "epsdiluted": 6.51, "weightedAverageShsOut": 1218000000, "weightedAverageShsOutDil": 1228000000, "link": "https://www.sec.gov/Archives/edgar/data/1637459/000163745918000015/0001637459-18-000015-index.htm", "finalLink": "https://www.sec.gov/Archives/edgar/data/1637459/000163745918000015/form10-k2017.htm"}, {"date": "2017-09-30", "symbol": "KHC", "fillingDate": "2017-11-07", "acceptedDate": "2017-11-06 19:44:12", "period": "Q3", "revenue": 6314000000, "costOfRevenue": 4000000000, "grossProfit": 2314000000, "grossProfitRatio": 0.36648717136522013, "researchAndDevelopmentExpenses": 0.0, "generalAndAdministrativeExpenses": 653000000, "sellingAndMarketingExpenses": 0.0, "otherExpenses": -4000000.0, "operatingExpenses": 653000000, "costAndExpenses": 4653000000, "interestExpense": 306000000, "depreciationAndAmortization": 197000000, "ebitda": 1858000000, "ebitdaratio": 0.294266708901, "operatingIncome": 1661000000, "operatingIncomeRatio": 0.263066202091, "totalOtherIncomeExpensesNet": -4000000.0, "incomeBeforeTax": 1359000000, "incomeBeforeTaxRatio": 0.215235983529, "incomeTaxExpense": 416000000, "netIncome": 944000000, "netIncomeRatio": 0.149509027558, "eps": 0.77, "epsdiluted": 0.77, "weightedAverageShsOut": 1218000000, "weightedAverageShsOutDil": 1229000000, "link": "https://www.sec.gov/Archives/edgar/data/1637459/000163745917000118/0001637459-17-000118-index.htm", "finalLink": "https://www.sec.gov/Archives/edgar/data/1637459/000163745917000118/form10-qq32017.htm"}, {"date": "2017-07-01", "symbol": "KHC", "fillingDate": "2017-08-04", "acceptedDate": "2017-08-04 12:23:37", "period": "Q2", "revenue": 6677000000, "costOfRevenue": 3996000000, "grossProfit": 2681000000, "grossProfitRatio": 0.40152763217013626, "researchAndDevelopmentExpenses": 0.0, "generalAndAdministrativeExpenses": 760000000, "sellingAndMarketingExpenses": 0.0, "otherExpenses": 24000000, "operatingExpenses": 760000000, "costAndExpenses": 4756000000, "interestExpense": 307000000, "depreciationAndAmortization": 166000000, "ebitda": 2087000000, "ebitdaratio": 0.312565523439, "operatingIncome": 1921000000, "operatingIncomeRatio": 0.287704058709, "totalOtherIncomeExpensesNet": 24000000, "incomeBeforeTax": 1590000000, "incomeBeforeTaxRatio": 0.238130897109, "incomeTaxExpense": 430000000, "netIncome": 1159000000, "netIncomeRatio": 0.173580949528, "eps": 0.96, "epsdiluted": 0.94, "weightedAverageShsOut": 1218000000, "weightedAverageShsOutDil": 1229000000, "link": "https://www.sec.gov/Archives/edgar/data/1637459/000163745917000101/0001637459-17-000101-index.htm", "finalLink": "https://www.sec.gov/Archives/edgar/data/1637459/000163745917000101/form10-qq22017.htm"}, {"date": "2017-04-01", "symbol": "KHC", "fillingDate": "2017-05-04", "acceptedDate": "2017-05-04 11:09:37", "period": "Q1", "revenue": 6364000000, "costOfRevenue": 4063000000, "grossProfit": 2301000000, "grossProfitRatio": 0.36156505342551853, "researchAndDevelopmentExpenses": 0.0, "generalAndAdministrativeExpenses": 750000000, "sellingAndMarketingExpenses": 0.0, "otherExpenses": -12000000, "operatingExpenses": 750000000, "costAndExpenses": 4813000000, "interestExpense": 313000000, "depreciationAndAmortization": 180000000, "ebitda": 1731000000, "ebitdaratio": 0.271998742929, "operatingIncome": 1551000000, "operatingIncomeRatio": 0.243714644877, "totalOtherIncomeExpensesNet": -12000000, "incomeBeforeTax": 1250000000, "incomeBeforeTaxRatio": 0.19641734758, "incomeTaxExpense": 359000000, "netIncome": 893000000, "netIncomeRatio": 0.140320553111, "eps": 0.73, "epsdiluted": 0.73, "weightedAverageShsOut": 1217000000, "weightedAverageShsOutDil": 1229000000, "link": "https://www.sec.gov/Archives/edgar/data/1637459/000163745917000081/0001637459-17-000081-index.htm", "finalLink": "https://www.sec.gov/Archives/edgar/data/1637459/000163745917000081/khc2017q110q.htm"}, {"date": "2016-12-31", "symbol": "KHC", "fillingDate": "2017-02-23", "acceptedDate": "2017-02-23 13:32:18", "period": "FY", "revenue": 6857000000, "costOfRevenue": 4398000000, "grossProfit": 2459000000, "grossProfitRatio": 0.35861163774245297, "researchAndDevelopmentExpenses": 120000000, "generalAndAdministrativeExpenses": 879000000, "sellingAndMarketingExpenses": 0.0, "otherExpenses": 294000000, "operatingExpenses": 999000000, "costAndExpenses": 5397000000, "interestExpense": 310000000, "depreciationAndAmortization": 211000000, "ebitda": 1791000000, "ebitdaratio": 0.26119294152, "operatingIncome": 1580000000, "operatingIncomeRatio": 0.230421467114, "totalOtherIncomeExpensesNet": 294000000, "incomeBeforeTax": 1280000000, "incomeBeforeTaxRatio": 0.186670555637, "incomeTaxExpense": 336000000, "netIncome": 944000000, "netIncomeRatio": 0.137669534782, "eps": 0.78, "epsdiluted": 0.76, "weightedAverageShsOut": 1217000000, "weightedAverageShsOutDil": 1226000000, "link": "https://www.sec.gov/Archives/edgar/data/1637459/000163745917000007/0001637459-17-000007-index.htm", "finalLink": "https://www.sec.gov/Archives/edgar/data/1637459/000163745917000007/khc201610k.htm"}, {"date": "2016-10-02", "symbol": "KHC", "fillingDate": "2016-11-04", "acceptedDate": "2016-11-04 15:20:29", "period": "Q3", "revenue": 6267000000, "costOfRevenue": 4049000000, "grossProfit": 2218000000, "grossProfitRatio": 0.3539173448220839, "researchAndDevelopmentExpenses": 0.0, "generalAndAdministrativeExpenses": 805000000, "sellingAndMarketingExpenses": 0.0, "otherExpenses": -3000000.0, "operatingExpenses": 805000000, "costAndExpenses": 4854000000, "interestExpense": 311000000, "depreciationAndAmortization": 204000000, "ebitda": 1617000000, "ebitdaratio": 0.258018190522, "operatingIncome": 1413000000, "operatingIncomeRatio": 0.225466730493, "totalOtherIncomeExpensesNet": -3000000.0, "incomeBeforeTax": 1105000000, "incomeBeforeTaxRatio": 0.176320408489, "incomeTaxExpense": 262000000, "netIncome": 842000000, "netIncomeRatio": 0.134354555609, "eps": 0.69, "epsdiluted": 0.69, "weightedAverageShsOut": 1216000000, "weightedAverageShsOutDil": 1226000000, "link": "https://www.sec.gov/Archives/edgar/data/1637459/000163745916000207/0001637459-16-000207-index.htm", "finalLink": "https://www.sec.gov/Archives/edgar/data/1637459/000163745916000207/khc10q10216.htm"}, {"date": "2016-07-03", "symbol": "KHC", "fillingDate": "2016-08-05", "acceptedDate": "2016-08-05 11:52:49", "period": "Q2", "revenue": 6793000000, "costOfRevenue": 4262000000, "grossProfit": 2531000000, "grossProfitRatio": 0.3725894302958928, "researchAndDevelopmentExpenses": 0.0, "generalAndAdministrativeExpenses": 895000000, "sellingAndMarketingExpenses": 0.0, "otherExpenses": 6000000.0, "operatingExpenses": 895000000, "costAndExpenses": 5157000000, "interestExpense": 264000000, "depreciationAndAmortization": 276000000, "ebitda": 1912000000, "ebitdaratio": 0.281466215222, "operatingIncome": 1636000000, "operatingIncomeRatio": 0.240836154865, "totalOtherIncomeExpensesNet": 6000000.0, "incomeBeforeTax": 1366000000, "incomeBeforeTaxRatio": 0.201089356691, "incomeTaxExpense": 411000000, "netIncome": 950000000, "netIncomeRatio": 0.139849845429, "eps": 0.63, "epsdiluted": 0.63, "weightedAverageShsOut": 1216000000, "weightedAverageShsOutDil": 1226000000, "link": "https://www.sec.gov/Archives/edgar/data/1637459/000163745916000179/0001637459-16-000179-index.htm", "finalLink": "https://www.sec.gov/Archives/edgar/data/1637459/000163745916000179/khc10q7316.htm"}, {"date": "2016-04-03", "symbol": "KHC", "fillingDate": "2016-05-05", "acceptedDate": "2016-05-05 11:17:23", "period": "Q1", "revenue": 6570000000, "costOfRevenue": 4192000000, "grossProfit": 2378000000, "grossProfitRatio": 0.3619482496194825, "researchAndDevelopmentExpenses": 0.0, "generalAndAdministrativeExpenses": 865000000, "sellingAndMarketingExpenses": 0.0, "otherExpenses": -8000000.0, "operatingExpenses": 865000000, "costAndExpenses": 5057000000, "interestExpense": 249000000, "depreciationAndAmortization": 313000000, "ebitda": 1826000000, "ebitdaratio": 0.277929984779, "operatingIncome": 1513000000, "operatingIncomeRatio": 0.230289193303, "totalOtherIncomeExpensesNet": -8000000.0, "incomeBeforeTax": 1272000000, "incomeBeforeTaxRatio": 0.193607305936, "incomeTaxExpense": 372000000, "netIncome": 896000000, "netIncomeRatio": 0.136377473364, "eps": 0.74, "epsdiluted": 0.73, "weightedAverageShsOut": 1215000000, "weightedAverageShsOutDil": 1225000000, "link": "https://www.sec.gov/Archives/edgar/data/1637459/000163745916000147/0001637459-16-000147-index.htm", "finalLink": "https://www.sec.gov/Archives/edgar/data/1637459/000163745916000147/khc10q4316.htm"}, {"date": "2016-01-03", "symbol": "KHC", "fillingDate": "2016-03-03", "acceptedDate": "2016-03-03 12:53:54", "period": "FY", "revenue": 7124000000, "costOfRevenue": 4720000000, "grossProfit": 2404000000, "grossProfitRatio": 0.33745087029758564, "researchAndDevelopmentExpenses": 105000000, "generalAndAdministrativeExpenses": 1117000000, "sellingAndMarketingExpenses": 0.0, "otherExpenses": 0.0, "operatingExpenses": 1222000000, "costAndExpenses": 5942000000, "interestExpense": 266000000, "depreciationAndAmortization": 257000000, "ebitda": 1544000000, "ebitdaratio": 0.216732172937, "operatingIncome": 1287000000, "operatingIncomeRatio": 0.180656934307, "totalOtherIncomeExpensesNet": 0.0, "incomeBeforeTax": 1030000000, "incomeBeforeTaxRatio": 0.144581695677, "incomeTaxExpense": 382000000, "netIncome": 645000000, "netIncomeRatio": 0.0905390230208, "eps": 0.53, "epsdiluted": 0.53, "weightedAverageShsOut": 786000000, "weightedAverageShsOutDil": 786000000, "link": "https://www.sec.gov/Archives/edgar/data/1637459/000163745916000100/0001637459-16-000100-index.htm", "finalLink": "https://www.sec.gov/Archives/edgar/data/1637459/000163745916000100/khc10k1316.htm"}, {"date": "2015-09-27", "symbol": "KHC", "fillingDate": "2015-11-06", "acceptedDate": "2015-11-06 12:49:33", "period": "Q3", "revenue": 6120000000, "costOfRevenue": 4691000000, "grossProfit": 1429000000, "grossProfitRatio": 0.2334967320261438, "researchAndDevelopmentExpenses": 0.0, "generalAndAdministrativeExpenses": 1071000000, "sellingAndMarketingExpenses": 0.0, "otherExpenses": 524000000, "operatingExpenses": 1071000000, "costAndExpenses": 5762000000, "interestExpense": 460000000, "depreciationAndAmortization": 173000000, "ebitda": 572000000, "ebitdaratio": 0.0934640522876, "operatingIncome": 399000000, "operatingIncomeRatio": 0.0651960784314, "totalOtherIncomeExpensesNet": 0.0, "incomeBeforeTax": 1536000000, "incomeBeforeTaxRatio": 0.10086020093243155, "incomeTaxExpense": 529000000, "netIncome": 1007000000, "netIncomeRatio": 0.06612384266859282, "eps": -0.21, "epsdiluted": -0.21, "weightedAverageShsOut": 633000000, "weightedAverageShsOutDil": 633000000, "link": "https://www.sec.gov/Archives/edgar/data/1637459/000163745915000049/0001637459-15-000049-index.htm", "finalLink": "https://www.sec.gov/Archives/edgar/data/1637459/000163745915000049/khc10q92715.htm"}, {"date": "2015-06-28", "symbol": "KHC", "fillingDate": null, "acceptedDate": null, "period": "Q2", "revenue": 5094000000, "costOfRevenue": 3166000000, "grossProfit": 1928000000, "grossProfitRatio": 0.3784844915586965, "researchAndDevelopmentExpenses": 0.0, "generalAndAdministrativeExpenses": 934000000, "sellingAndMarketingExpenses": 0.0, "otherExpenses": 0.0, "operatingExpenses": 934000000, "costAndExpenses": 4100000000, "interestExpense": 595000000, "depreciationAndAmortization": 198000000, "ebitda": 1151000000, "ebitdaratio": 0.22595210051, "operatingIncome": 953000000, "operatingIncomeRatio": 0.18708284256, "totalOtherIncomeExpensesNet": 0.0, "incomeBeforeTax": 152000000, "incomeBeforeTaxRatio": 0.0298390263055, "incomeTaxExpense": 33000000, "netIncome": 112000000, "netIncomeRatio": 0.0219866509619, "eps": -0.66, "epsdiluted": -0.66, "weightedAverageShsOut": 379000000, "weightedAverageShsOutDil": 379000000, "link": null, "finalLink": null}]