[{"date": "2020-02-29", "symbol": "WBA", "fillingDate": "2020-04-02", "acceptedDate": "2020-04-02 16:12:38", "period": "Q2", "revenue": 35821000000, "costOfRevenue": 28307000000, "grossProfit": 7514000000, "grossProfitRatio": 0.2097652215181039, "researchAndDevelopmentExpenses": 0.0, "generalAndAdministrativeExpenses": 6308000000, "sellingAndMarketingExpenses": 0.0, "otherExpenses": 0.0, "operatingExpenses": 6308000000, "costAndExpenses": 34615000000, "interestExpense": 162000000, "depreciationAndAmortization": 492000000, "ebitda": 1726000000, "ebitdaratio": 0.0481840261299, "operatingIncome": 1234000000, "operatingIncomeRatio": 0.0344490661902, "totalOtherIncomeExpensesNet": 25000000, "incomeBeforeTax": 1097000000, "incomeBeforeTaxRatio": 0.0306244940119, "incomeTaxExpense": 161000000, "netIncome": 946000000, "netIncomeRatio": 0.0264090896402, "eps": 1.06, "epsdiluted": 1.06, "weightedAverageShsOut": 887900000, "weightedAverageShsOutDil": 889100000, "link": "https://www.sec.gov/Archives/edgar/data/1618921/000161892120000025/0001618921-20-000025-index.htm", "finalLink": "https://www.sec.gov/Archives/edgar/data/1618921/000161892120000025/wba-20200229.htm"}, {"date": "2019-11-30", "symbol": "WBA", "fillingDate": "2020-01-08", "acceptedDate": "2020-01-08 16:14:44", "period": "Q1", "revenue": 34339000000, "costOfRevenue": 27077000000, "grossProfit": 7262000000, "grossProfitRatio": 0.21147965869710825, "researchAndDevelopmentExpenses": 0.0, "generalAndAdministrativeExpenses": 6262000000, "sellingAndMarketingExpenses": 0.0, "otherExpenses": 0.0, "operatingExpenses": 6262000000, "costAndExpenses": 33339000000, "interestExpense": 166000000, "depreciationAndAmortization": 477000000, "ebitda": 1490000000, "ebitdaratio": 0.0433908966481, "operatingIncome": 1013000000, "operatingIncomeRatio": 0.0294999854393, "totalOtherIncomeExpensesNet": 35000000, "incomeBeforeTax": 882000000, "incomeBeforeTaxRatio": 0.0256850811031, "incomeTaxExpense": 32000000, "netIncome": 845000000, "netIncomeRatio": 0.0246075890387, "eps": 0.95, "epsdiluted": 0.95, "weightedAverageShsOut": 891400000, "weightedAverageShsOutDil": 892600000, "link": "https://www.sec.gov/Archives/edgar/data/1618921/000161892120000008/0001618921-20-000008-index.htm", "finalLink": "https://www.sec.gov/Archives/edgar/data/1618921/000161892120000008/wba-20191130.htm"}, {"date": "2019-08-31", "symbol": "WBA", "fillingDate": "2019-10-28", "acceptedDate": "2019-10-28 16:19:39", "period": "FY", "revenue": 33954000000, "costOfRevenue": 26727000000, "grossProfit": 7227000000, "grossProfitRatio": 0.21284679271956175, "researchAndDevelopmentExpenses": 0.0, "generalAndAdministrativeExpenses": 6408000000, "sellingAndMarketingExpenses": 0.0, "otherExpenses": -227000000, "operatingExpenses": 6408000000, "costAndExpenses": 33135000000, "interestExpense": 175000000, "depreciationAndAmortization": 526000000, "ebitda": 1404000000, "ebitdaratio": 0.0413500618484, "operatingIncome": 878000000, "operatingIncomeRatio": 0.0258585144607, "totalOtherIncomeExpensesNet": 6000000.0, "incomeBeforeTax": 708000000, "incomeBeforeTaxRatio": 0.0208517405902, "incomeTaxExpense": 26000000, "netIncome": 677000000, "netIncomeRatio": 0.0199387406491, "eps": 0.77, "epsdiluted": 0.76, "weightedAverageShsOut": 921500000, "weightedAverageShsOutDil": 923500000, "link": "https://www.sec.gov/Archives/edgar/data/1618921/000161892119000069/0001618921-19-000069-index.htm", "finalLink": "https://www.sec.gov/Archives/edgar/data/1618921/000161892119000069/wba-2019831x10k.htm"}, {"date": "2019-05-31", "symbol": "WBA", "fillingDate": "2019-06-27", "acceptedDate": "2019-06-27 16:31:19", "period": "Q3", "revenue": 34591000000, "costOfRevenue": 27138000000, "grossProfit": 7453000000, "grossProfitRatio": 0.21546066896013413, "researchAndDevelopmentExpenses": 0.0, "generalAndAdministrativeExpenses": 6235000000, "sellingAndMarketingExpenses": 0.0, "otherExpenses": 182000000, "operatingExpenses": 6235000000, "costAndExpenses": 33373000000, "interestExpense": 187000000, "depreciationAndAmortization": 522000000, "ebitda": 1724000000, "ebitdaratio": 0.0498395536411, "operatingIncome": 1202000000, "operatingIncomeRatio": 0.0347489231303, "totalOtherIncomeExpensesNet": 182000000, "incomeBeforeTax": 1198000000, "incomeBeforeTaxRatio": 0.0346332861149, "incomeTaxExpense": 156000000, "netIncome": 1026000000, "netIncomeRatio": 0.0296608944523, "eps": 1.13, "epsdiluted": 1.13, "weightedAverageShsOut": 928800000, "weightedAverageShsOutDil": 931100000, "link": "https://www.sec.gov/Archives/edgar/data/1618921/000161892119000039/0001618921-19-000039-index.htm", "finalLink": "https://www.sec.gov/Archives/edgar/data/1618921/000161892119000039/wba-2019531x10q.htm"}, {"date": "2019-02-28", "symbol": "WBA", "fillingDate": "2019-04-02", "acceptedDate": "2019-04-02 16:19:47", "period": "Q2", "revenue": 34528000000, "costOfRevenue": 26773000000, "grossProfit": 7755000000, "grossProfitRatio": 0.22460032437442076, "researchAndDevelopmentExpenses": 0.0, "generalAndAdministrativeExpenses": 6319000000, "sellingAndMarketingExpenses": 0.0, "otherExpenses": 19000000, "operatingExpenses": 6319000000, "costAndExpenses": 33092000000, "interestExpense": 181000000, "depreciationAndAmortization": 500000000, "ebitda": 2018000000, "ebitdaratio": 0.0584453197405, "operatingIncome": 1518000000, "operatingIncomeRatio": 0.0439643188137, "totalOtherIncomeExpensesNet": 19000000, "incomeBeforeTax": 1356000000, "incomeBeforeTaxRatio": 0.0392724745134, "incomeTaxExpense": 226000000, "netIncome": 1156000000, "netIncomeRatio": 0.0334800741427, "eps": 1.24, "epsdiluted": 1.24, "weightedAverageShsOut": 938300000, "weightedAverageShsOutDil": 941100000, "link": "https://www.sec.gov/Archives/edgar/data/1618921/000161892119000017/0001618921-19-000017-index.htm", "finalLink": "https://www.sec.gov/Archives/edgar/data/1618921/000161892119000017/wba-2019228x10q.htm"}, {"date": "2018-11-30", "symbol": "WBA", "fillingDate": "2018-12-20", "acceptedDate": "2018-12-20 16:16:24", "period": "Q1", "revenue": 33793000000, "costOfRevenue": 26152000000, "grossProfit": 7641000000, "grossProfitRatio": 0.22611191666913266, "researchAndDevelopmentExpenses": 0.0, "generalAndAdministrativeExpenses": 6280000000, "sellingAndMarketingExpenses": 0.0, "otherExpenses": 26000000, "operatingExpenses": 6280000000, "costAndExpenses": 32432000000, "interestExpense": 161000000, "depreciationAndAmortization": 490000000, "ebitda": 1890000000, "ebitdaratio": 0.055928742639, "operatingIncome": 1400000000, "operatingIncomeRatio": 0.0414286982511, "totalOtherIncomeExpensesNet": 26000000, "incomeBeforeTax": 1265000000, "incomeBeforeTaxRatio": 0.0374337880626, "incomeTaxExpense": 180000000, "netIncome": 1123000000, "netIncomeRatio": 0.0332317343829, "eps": 1.18, "epsdiluted": 1.18, "weightedAverageShsOut": 948200000, "weightedAverageShsOutDil": 951400000, "link": "https://www.sec.gov/Archives/edgar/data/1618921/000161892118000096/0001618921-18-000096-index.htm", "finalLink": "https://www.sec.gov/Archives/edgar/data/1618921/000161892118000096/wba-20181130x10q.htm"}, {"date": "2018-08-31", "symbol": "WBA", "fillingDate": "2018-10-11", "acceptedDate": "2018-10-11 16:21:49", "period": "FY", "revenue": 33442000000, "costOfRevenue": 25867000000, "grossProfit": 7575000000, "grossProfitRatio": 0.2265115722743855, "researchAndDevelopmentExpenses": 0.0, "generalAndAdministrativeExpenses": 6113000000, "sellingAndMarketingExpenses": 0.0, "otherExpenses": 309000000, "operatingExpenses": 6113000000, "costAndExpenses": 31980000000, "interestExpense": 159000000, "depreciationAndAmortization": 470000000, "ebitda": 1981000000, "ebitdaratio": 0.0592368877459, "operatingIncome": 1511000000, "operatingIncomeRatio": 0.0451827043837, "totalOtherIncomeExpensesNet": 309000000, "incomeBeforeTax": 1661000000, "incomeBeforeTaxRatio": 0.0496680820525, "incomeTaxExpense": 159000000, "netIncome": 1512000000, "netIncomeRatio": 0.0452126069015, "eps": 1.56, "epsdiluted": 1.54, "weightedAverageShsOut": 991000000, "weightedAverageShsOutDil": 995000000, "link": "https://www.sec.gov/Archives/edgar/data/1618921/000162828018012472/0001628280-18-012472-index.htm", "finalLink": "https://www.sec.gov/Archives/edgar/data/1618921/000162828018012472/wba-2018831x10k.htm"}, {"date": "2018-05-31", "symbol": "WBA", "fillingDate": "2018-06-28", "acceptedDate": "2018-06-28 16:18:45", "period": "Q3", "revenue": 34334000000, "costOfRevenue": 26554000000, "grossProfit": 7780000000, "grossProfitRatio": 0.22659754179530495, "researchAndDevelopmentExpenses": 0.0, "generalAndAdministrativeExpenses": 6231000000, "sellingAndMarketingExpenses": 0.0, "otherExpenses": -4000000.0, "operatingExpenses": 6231000000, "costAndExpenses": 32785000000, "interestExpense": 157000000, "depreciationAndAmortization": 442000000, "ebitda": 2043000000, "ebitdaratio": 0.0595036989573, "operatingIncome": 1601000000, "operatingIncomeRatio": 0.0466301625211, "totalOtherIncomeExpensesNet": -4000000.0, "incomeBeforeTax": 1440000000, "incomeBeforeTaxRatio": 0.0419409331858, "incomeTaxExpense": 109000000, "netIncome": 1342000000, "netIncomeRatio": 0.0390866196773, "eps": 1.35, "epsdiluted": 1.35, "weightedAverageShsOut": 996400000, "weightedAverageShsOutDil": 1000600000, "link": "https://www.sec.gov/Archives/edgar/data/1618921/000161892118000033/0001618921-18-000033-index.htm", "finalLink": "https://www.sec.gov/Archives/edgar/data/1618921/000161892118000033/wba-2018531x10q.htm"}, {"date": "2018-02-28", "symbol": "WBA", "fillingDate": "2018-03-28", "acceptedDate": "2018-03-28 16:17:17", "period": "Q2", "revenue": 33021000000, "costOfRevenue": 24925000000, "grossProfit": 8096000000, "grossProfitRatio": 0.24517731140789195, "researchAndDevelopmentExpenses": 0.0, "generalAndAdministrativeExpenses": 6318000000, "sellingAndMarketingExpenses": 0.0, "otherExpenses": 9000000.0, "operatingExpenses": 6318000000, "costAndExpenses": 31243000000, "interestExpense": 151000000, "depreciationAndAmortization": 442000000, "ebitda": 2422000000, "ebitdaratio": 0.0733472638624, "operatingIncome": 1980000000, "operatingIncomeRatio": 0.0599618424639, "totalOtherIncomeExpensesNet": 9000000.0, "incomeBeforeTax": 1838000000, "incomeBeforeTaxRatio": 0.0556615487114, "incomeTaxExpense": 503000000, "netIncome": 1349000000, "netIncomeRatio": 0.0408527906484, "eps": 1.35, "epsdiluted": 1.35, "weightedAverageShsOut": 998600000, "weightedAverageShsOutDil": 1003300000, "link": "https://www.sec.gov/Archives/edgar/data/1618921/000161892118000018/0001618921-18-000018-index.htm", "finalLink": "https://www.sec.gov/Archives/edgar/data/1618921/000161892118000018/wba-2018228x10q.htm"}, {"date": "2017-11-30", "symbol": "WBA", "fillingDate": "2018-01-04", "acceptedDate": "2018-01-04 16:14:51", "period": "Q1", "revenue": 30740000000, "costOfRevenue": 23399000000, "grossProfit": 7341000000, "grossProfitRatio": 0.23880936890045543, "researchAndDevelopmentExpenses": 0.0, "generalAndAdministrativeExpenses": 5907000000, "sellingAndMarketingExpenses": 0.0, "otherExpenses": -137000000, "operatingExpenses": 5907000000, "costAndExpenses": 29306000000, "interestExpense": 149000000, "depreciationAndAmortization": 416000000, "ebitda": 1738000000, "ebitdaratio": 0.0565387117762, "operatingIncome": 1322000000, "operatingIncomeRatio": 0.0430058555628, "totalOtherIncomeExpensesNet": -137000000, "incomeBeforeTax": 1036000000, "incomeBeforeTaxRatio": 0.0337020169161, "incomeTaxExpense": 227000000, "netIncome": 821000000, "netIncomeRatio": 0.0267078724789, "eps": 0.81, "epsdiluted": 0.81, "weightedAverageShsOut": 1006100000, "weightedAverageShsOutDil": 1011100000, "link": "https://www.sec.gov/Archives/edgar/data/1618921/000161892118000004/0001618921-18-000004-index.htm", "finalLink": "https://www.sec.gov/Archives/edgar/data/1618921/000161892118000004/wba-20171130x10q.htm"}, {"date": "2017-08-31", "symbol": "WBA", "fillingDate": "2017-10-25", "acceptedDate": "2017-10-25 17:08:45", "period": "FY", "revenue": 30149000000, "costOfRevenue": 22809000000, "grossProfit": 7340000000, "grossProfitRatio": 0.24345749444426018, "researchAndDevelopmentExpenses": 0.0, "generalAndAdministrativeExpenses": 6218000000, "sellingAndMarketingExpenses": 0.0, "otherExpenses": 11000000, "operatingExpenses": 6218000000, "costAndExpenses": 29027000000, "interestExpense": 193000000, "depreciationAndAmortization": 410000000, "ebitda": 1524000000, "ebitdaratio": 0.0505489402634, "operatingIncome": 1114000000, "operatingIncomeRatio": 0.0369498159143, "totalOtherIncomeExpensesNet": 11000000, "incomeBeforeTax": 932000000, "incomeBeforeTaxRatio": 0.0309131314471, "incomeTaxExpense": 126000000, "netIncome": 802000000, "netIncomeRatio": 0.0266012139706, "eps": 0.78, "epsdiluted": 0.76, "weightedAverageShsOut": 1073500000, "weightedAverageShsOutDil": 1078500000, "link": "https://www.sec.gov/Archives/edgar/data/1618921/000161892117000069/0001618921-17-000069-index.htm", "finalLink": "https://www.sec.gov/Archives/edgar/data/1618921/000161892117000069/wba-2017831x10k.htm"}, {"date": "2017-05-31", "symbol": "WBA", "fillingDate": "2017-06-29", "acceptedDate": "2017-06-29 16:21:59", "period": "Q3", "revenue": 30118000000, "costOfRevenue": 22973000000, "grossProfit": 7145000000, "grossProfitRatio": 0.23723354804435887, "researchAndDevelopmentExpenses": 0.0, "generalAndAdministrativeExpenses": 5712000000, "sellingAndMarketingExpenses": 0.0, "otherExpenses": -8000000.0, "operatingExpenses": 5712000000, "costAndExpenses": 28685000000, "interestExpense": 155000000, "depreciationAndAmortization": 413000000, "ebitda": 1930000000, "ebitdaratio": 0.0640812802975, "operatingIncome": 1517000000, "operatingIncomeRatio": 0.0503685503686, "totalOtherIncomeExpensesNet": -22000000, "incomeBeforeTax": 1354000000, "incomeBeforeTaxRatio": 0.044956504416, "incomeTaxExpense": 168000000, "netIncome": 1162000000, "netIncomeRatio": 0.0385815791221, "eps": 1.08, "epsdiluted": 1.08, "weightedAverageShsOut": 1079600000, "weightedAverageShsOutDil": 1085500000, "link": "https://www.sec.gov/Archives/edgar/data/1618921/000161892117000048/0001618921-17-000048-index.htm", "finalLink": "https://www.sec.gov/Archives/edgar/data/1618921/000161892117000048/wba-2017531x10q.htm"}, {"date": "2017-02-28", "symbol": "WBA", "fillingDate": "2017-04-05", "acceptedDate": "2017-04-05 16:35:56", "period": "Q2", "revenue": 29446000000, "costOfRevenue": 21885000000, "grossProfit": 7561000000, "grossProfitRatio": 0.25677511376757456, "researchAndDevelopmentExpenses": 0.0, "generalAndAdministrativeExpenses": 6124000000, "sellingAndMarketingExpenses": 0.0, "otherExpenses": -15000000, "operatingExpenses": 6124000000, "costAndExpenses": 28009000000, "interestExpense": 172000000, "depreciationAndAmortization": 412000000, "ebitda": 1891000000, "ebitdaratio": 0.0642192487944, "operatingIncome": 1479000000, "operatingIncomeRatio": 0.0502275351491, "totalOtherIncomeExpensesNet": -1000000.0, "incomeBeforeTax": 1292000000, "incomeBeforeTaxRatio": 0.0438769272567, "incomeTaxExpense": 246000000, "netIncome": 1060000000, "netIncomeRatio": 0.0359980982137, "eps": 0.97, "epsdiluted": 0.97, "weightedAverageShsOut": 1080900000, "weightedAverageShsOutDil": 1086900000, "link": "https://www.sec.gov/Archives/edgar/data/1618921/000161892117000026/0001618921-17-000026-index.htm", "finalLink": "https://www.sec.gov/Archives/edgar/data/1618921/000161892117000026/wba-2017228x10q.htm"}, {"date": "2016-11-30", "symbol": "WBA", "fillingDate": "2017-01-05", "acceptedDate": "2017-01-05 16:22:51", "period": "Q1", "revenue": 28501000000, "costOfRevenue": 21385000000, "grossProfit": 7116000000, "grossProfitRatio": 0.24967544998421107, "researchAndDevelopmentExpenses": 0.0, "generalAndAdministrativeExpenses": 5686000000, "sellingAndMarketingExpenses": 0.0, "otherExpenses": 1000000.0, "operatingExpenses": 5686000000, "costAndExpenses": 27071000000, "interestExpense": 173000000, "depreciationAndAmortization": 419000000, "ebitda": 1866000000, "ebitdaratio": 0.0654713869689, "operatingIncome": 1447000000, "operatingIncomeRatio": 0.0507701484158, "totalOtherIncomeExpensesNet": 1000000.0, "incomeBeforeTax": 1275000000, "incomeBeforeTaxRatio": 0.0447352724466, "incomeTaxExpense": 220000000, "netIncome": 1054000000, "netIncomeRatio": 0.0369811585558, "eps": 0.97, "epsdiluted": 0.97, "weightedAverageShsOut": 1082100000, "weightedAverageShsOutDil": 1088300000, "link": "https://www.sec.gov/Archives/edgar/data/1618921/000114036117000720/0001140361-17-000720-index.htm", "finalLink": "https://www.sec.gov/Archives/edgar/data/1618921/000114036117000720/form10q.htm"}, {"date": "2016-08-31", "symbol": "WBA", "fillingDate": "2016-10-20", "acceptedDate": "2016-10-20 17:24:02", "period": "FY", "revenue": 28636000000, "costOfRevenue": 21705000000, "grossProfit": 6931000000, "grossProfitRatio": 0.24203799413325883, "researchAndDevelopmentExpenses": 0.0, "generalAndAdministrativeExpenses": 5825000000, "sellingAndMarketingExpenses": 0.0, "otherExpenses": 264000000, "operatingExpenses": 5825000000, "costAndExpenses": 27530000000, "interestExpense": 171000000, "depreciationAndAmortization": 776000000, "ebitda": 1916000000, "ebitdaratio": 0.0669087861433, "operatingIncome": 1140000000, "operatingIncomeRatio": 0.0398100293337, "totalOtherIncomeExpensesNet": 264000000, "incomeBeforeTax": 1233000000, "incomeBeforeTaxRatio": 0.0430576896215, "incomeTaxExpense": 207000000, "netIncome": 1030000000, "netIncomeRatio": 0.0359687107138, "eps": 0.97, "epsdiluted": 0.94, "weightedAverageShsOut": 1083100000, "weightedAverageShsOutDil": 1091100000, "link": "https://www.sec.gov/Archives/edgar/data/1618921/000114036116083198/0001140361-16-083198-index.htm", "finalLink": "https://www.sec.gov/Archives/edgar/data/1618921/000114036116083198/form10k.htm"}, {"date": "2016-05-31", "symbol": "WBA", "fillingDate": "2016-07-06", "acceptedDate": "2016-07-06 17:06:20", "period": "Q3", "revenue": 29498000000, "costOfRevenue": 22001000000, "grossProfit": 7497000000, "grossProfitRatio": 0.2541528239202658, "researchAndDevelopmentExpenses": 0.0, "generalAndAdministrativeExpenses": 5967000000, "sellingAndMarketingExpenses": 0.0, "otherExpenses": 28000000, "operatingExpenses": 5967000000, "costAndExpenses": 27968000000, "interestExpense": 147000000, "depreciationAndAmortization": 188000000, "ebitda": 1721000000, "ebitdaratio": 0.0583429385043, "operatingIncome": 1533000000, "operatingIncomeRatio": 0.0519696250593, "totalOtherIncomeExpensesNet": 28000000, "incomeBeforeTax": 1414000000, "incomeBeforeTaxRatio": 0.0479354532511, "incomeTaxExpense": 322000000, "netIncome": 1103000000, "netIncomeRatio": 0.0373923655841, "eps": 1.01, "epsdiluted": 1.01, "weightedAverageShsOut": 1083100000, "weightedAverageShsOutDil": 1083300000, "link": "https://www.sec.gov/Archives/edgar/data/1618921/000114036116071838/0001140361-16-071838-index.htm", "finalLink": "https://www.sec.gov/Archives/edgar/data/1618921/000114036116071838/form10q.htm"}, {"date": "2016-02-29", "symbol": "WBA", "fillingDate": "2016-04-05", "acceptedDate": "2016-04-05 16:56:45", "period": "Q2", "revenue": 30184000000, "costOfRevenue": 22240000000, "grossProfit": 7944000000, "grossProfitRatio": 0.2631857937980387, "researchAndDevelopmentExpenses": 0.0, "generalAndAdministrativeExpenses": 6084000000, "sellingAndMarketingExpenses": 0.0, "otherExpenses": -496000000, "operatingExpenses": 6084000000, "costAndExpenses": 28324000000, "interestExpense": 140000000, "depreciationAndAmortization": -87000000, "ebitda": 1773000000, "ebitdaratio": 0.0587397296581, "operatingIncome": 1860000000, "operatingIncomeRatio": 0.061622051418, "totalOtherIncomeExpensesNet": -496000000, "incomeBeforeTax": 1224000000, "incomeBeforeTaxRatio": 0.0405512854492, "incomeTaxExpense": 301000000, "netIncome": 930000000, "netIncomeRatio": 0.030811025709, "eps": 0.86, "epsdiluted": 0.86, "weightedAverageShsOut": 1083100000, "weightedAverageShsOutDil": 1084600000, "link": "https://www.sec.gov/Archives/edgar/data/1618921/000114036116060287/0001140361-16-060287-index.htm", "finalLink": "https://www.sec.gov/Archives/edgar/data/1618921/000114036116060287/form10q.htm"}, {"date": "2015-11-30", "symbol": "WBA", "fillingDate": "2016-01-07", "acceptedDate": "2016-01-07 16:41:23", "period": "Q1", "revenue": 29033000000, "costOfRevenue": 21531000000, "grossProfit": 7502000000, "grossProfitRatio": 0.2583956187786312, "researchAndDevelopmentExpenses": 0.0, "generalAndAdministrativeExpenses": 6034000000, "sellingAndMarketingExpenses": 0.0, "otherExpenses": -57000000, "operatingExpenses": 6034000000, "costAndExpenses": 27565000000, "interestExpense": 138000000, "depreciationAndAmortization": 325000000, "ebitda": 1793000000, "ebitdaratio": 0.0617573106465, "operatingIncome": 1468000000, "operatingIncomeRatio": 0.050563152275, "totalOtherIncomeExpensesNet": -57000000, "incomeBeforeTax": 1273000000, "incomeBeforeTaxRatio": 0.0438466572521, "incomeTaxExpense": 167000000, "netIncome": 1110000000, "netIncomeRatio": 0.0382323562842, "eps": 1.01, "epsdiluted": 1.01, "weightedAverageShsOut": 1083100000, "weightedAverageShsOutDil": 1089000000, "link": "https://www.sec.gov/Archives/edgar/data/1618921/000156761916001640/0001567619-16-001640-index.htm", "finalLink": "https://www.sec.gov/Archives/edgar/data/1618921/000156761916001640/h10033874x1_10q.htm"}, {"date": "2015-08-31", "symbol": "WBA", "fillingDate": "2015-10-28", "acceptedDate": "2015-10-28 17:16:10", "period": "FY", "revenue": 28522000000, "costOfRevenue": 21257000000, "grossProfit": 7265000000, "grossProfitRatio": 0.2547156580884931, "researchAndDevelopmentExpenses": 0.0, "generalAndAdministrativeExpenses": 6429000000, "sellingAndMarketingExpenses": 0.0, "otherExpenses": 851000000, "operatingExpenses": 6429000000, "costAndExpenses": 27686000000, "interestExpense": 255000000, "depreciationAndAmortization": -56000000, "ebitda": 780000000, "ebitdaratio": 0.0273473108478, "operatingIncome": 836000000, "operatingIncomeRatio": 0.029310707524, "totalOtherIncomeExpensesNet": 851000000, "incomeBeforeTax": 4758000000, "incomeBeforeTaxRatio": 0.0771550885386262, "incomeTaxExpense": 750000000, "netIncome": 26000000, "netIncomeRatio": 0.000911577028259, "eps": -0.03, "epsdiluted": -0.04, "weightedAverageShsOut": 1083100000, "weightedAverageShsOutDil": 1043200000, "link": "https://www.sec.gov/Archives/edgar/data/1618921/000114036115038791/0001140361-15-038791-index.htm", "finalLink": "https://www.sec.gov/Archives/edgar/data/1618921/000114036115038791/form10k.htm"}, {"date": "2015-05-31", "symbol": "WBA", "fillingDate": "2015-07-09", "acceptedDate": "2015-07-09 16:17:42", "period": "Q3", "revenue": 28795000000, "costOfRevenue": 21314000000, "grossProfit": 7481000000, "grossProfitRatio": 0.2598020489668345, "researchAndDevelopmentExpenses": 0.0, "generalAndAdministrativeExpenses": 6080000000, "sellingAndMarketingExpenses": 0.0, "otherExpenses": 0.0, "operatingExpenses": 6080000000, "costAndExpenses": 27394000000, "interestExpense": 151000000, "depreciationAndAmortization": 892000000, "ebitda": 2293000000, "ebitdaratio": 0.0796318805348, "operatingIncome": 1401000000, "operatingIncomeRatio": 0.048654280257, "totalOtherIncomeExpensesNet": 0.0, "incomeBeforeTax": 1711000000, "incomeBeforeTaxRatio": 0.0594200382011, "incomeTaxExpense": 408000000, "netIncome": 1302000000, "netIncomeRatio": 0.0452161833652, "eps": 1.17, "epsdiluted": 1.16, "weightedAverageShsOut": 1083100000, "weightedAverageShsOutDil": 1026900000, "link": "https://www.sec.gov/Archives/edgar/data/1618921/000114036115027166/0001140361-15-027166-index.htm", "finalLink": "https://www.sec.gov/Archives/edgar/data/1618921/000114036115027166/form10q.htm"}, {"date": "2015-02-28", "symbol": "WBA", "fillingDate": "2015-04-09", "acceptedDate": "2015-04-09 16:13:41", "period": "Q2", "revenue": 46127000000, "costOfRevenue": 33949000000, "grossProfit": 12178000000, "grossProfitRatio": 0.2640102326186398, "researchAndDevelopmentExpenses": 0.0, "generalAndAdministrativeExpenses": 10062000000, "sellingAndMarketingExpenses": 0.0, "otherExpenses": -166000000, "operatingExpenses": 10062000000, "costAndExpenses": 44011000000, "interestExpense": 185000000, "depreciationAndAmortization": 1685000000, "ebitda": 4116000000, "ebitdaratio": 0.0892319032237, "operatingIncome": 2431000000, "operatingIncomeRatio": 0.0527023218505, "totalOtherIncomeExpensesNet": -166000000, "incomeBeforeTax": 3655000000, "incomeBeforeTaxRatio": 0.0792377566284, "incomeTaxExpense": 712000000, "netIncome": 2906000000, "netIncomeRatio": 0.0629999783207, "eps": 2.91, "epsdiluted": 2.88, "weightedAverageShsOut": 1083100000, "weightedAverageShsOutDil": 994700000, "link": "https://www.sec.gov/Archives/edgar/data/1618921/000114036115014919/0001140361-15-014919-index.htm", "finalLink": "https://www.sec.gov/Archives/edgar/data/1618921/000114036115014919/form10q.htm"}, {"date": "2014-11-30", "symbol": "WBA", "fillingDate": null, "acceptedDate": null, "period": "Q1", "revenue": 0.0, "costOfRevenue": 0.0, "grossProfit": 0.0, "grossProfitRatio": 0.0, "researchAndDevelopmentExpenses": 0.0, "generalAndAdministrativeExpenses": 0.0, "sellingAndMarketingExpenses": 0.0, "otherExpenses": 0.0, "operatingExpenses": 0.0, "costAndExpenses": 0.0, "interestExpense": 14000000, "depreciationAndAmortization": 0.0, "ebitda": 0.0, "ebitdaratio": 0.0, "operatingIncome": 0.0, "operatingIncomeRatio": 0.0, "totalOtherIncomeExpensesNet": 0.0, "incomeBeforeTax": -14000000, "incomeBeforeTaxRatio": 0.0, "incomeTaxExpense": 0.0, "netIncome": -14000000, "netIncomeRatio": 0.0, "eps": 0.0, "epsdiluted": 0.0, "weightedAverageShsOut": 1083100000, "weightedAverageShsOutDil": 994700000, "link": null, "finalLink": null}]