[{"date": "2020-03-31", "symbol": "TSLA", "fillingDate": "2020-04-30", "acceptedDate": "2020-04-30 06:26:18", "period": "Q1", "revenue": 5985000000, "costOfRevenue": 4751000000, "grossProfit": 1234000000, "grossProfitRatio": 0.20618212197159566, "researchAndDevelopmentExpenses": 324000000, "generalAndAdministrativeExpenses": 627000000, "sellingAndMarketingExpenses": 0.0, "otherExpenses": -54000000, "operatingExpenses": 951000000, "costAndExpenses": 5702000000, "interestExpense": 169000000, "depreciationAndAmortization": 599000000, "ebitda": 882000000, "ebitdaratio": 0.147368421053, "operatingIncome": 283000000, "operatingIncomeRatio": 0.0472848788638, "totalOtherIncomeExpensesNet": -54000000, "incomeBeforeTax": 70000000, "incomeBeforeTaxRatio": 0.0116959064327, "incomeTaxExpense": 2000000.0, "netIncome": 16000000, "netIncomeRatio": 0.00267335004177, "eps": 0.09, "epsdiluted": 0.08, "weightedAverageShsOut": 183000000, "weightedAverageShsOutDil": 199000000, "link": "https://www.sec.gov/Archives/edgar/data/1318605/000156459020019931/0001564590-20-019931-index.htm", "finalLink": "https://www.sec.gov/Archives/edgar/data/1318605/000156459020019931/tsla-10q_20200331.htm"}, {"date": "2019-12-31", "symbol": "TSLA", "fillingDate": "2020-02-13", "acceptedDate": "2020-02-13 07:12:18", "period": "FY", "revenue": 7384000000, "costOfRevenue": 5993000000, "grossProfit": 1391000000, "grossProfitRatio": 0.18838028169014084, "researchAndDevelopmentExpenses": 345000000, "generalAndAdministrativeExpenses": 699000000, "sellingAndMarketingExpenses": 0.0, "otherExpenses": -12000000, "operatingExpenses": 1032000000, "costAndExpenses": 7025000000, "interestExpense": 170000000, "depreciationAndAmortization": 627000000, "ebitda": 986000000, "ebitdaratio": 0.133531960997, "operatingIncome": 359000000, "operatingIncomeRatio": 0.0486186348862, "totalOtherIncomeExpensesNet": -25000000, "incomeBeforeTax": 174000000, "incomeBeforeTaxRatio": 0.0235644637053, "incomeTaxExpense": 42000000, "netIncome": 105000000, "netIncomeRatio": 0.0142199349946, "eps": 0.62, "epsdiluted": 0.62, "weightedAverageShsOut": 183000000, "weightedAverageShsOutDil": 199000000, "link": "https://www.sec.gov/Archives/edgar/data/1318605/000156459020004475/0001564590-20-004475-index.htm", "finalLink": "https://www.sec.gov/Archives/edgar/data/1318605/000156459020004475/tsla-10k_20191231.htm"}, {"date": "2019-09-30", "symbol": "TSLA", "fillingDate": "2019-10-29", "acceptedDate": "2019-10-29 07:23:29", "period": "Q3", "revenue": 6302860000, "costOfRevenue": 5111649000, "grossProfit": 1191211000, "grossProfitRatio": 0.18899531323875193, "researchAndDevelopmentExpenses": 333928000, "generalAndAdministrativeExpenses": 595810000, "sellingAndMarketingExpenses": 0.0, "otherExpenses": 184000.0, "operatingExpenses": 929922000, "costAndExpenses": 6041571000, "interestExpense": 185568000, "depreciationAndAmortization": 586728000, "ebitda": 848017000, "ebitdaratio": 0.134544793951, "operatingIncome": 261289000, "operatingIncomeRatio": 0.0414556249068, "totalOtherIncomeExpensesNet": 70000000, "incomeBeforeTax": 175603000, "incomeBeforeTaxRatio": 0.0278608441247, "incomeTaxExpense": 25696000, "netIncome": 143469000, "netIncomeRatio": 0.0227625236797, "eps": 0.86, "epsdiluted": 0.86, "weightedAverageShsOut": 176000000, "weightedAverageShsOutDil": 176000000, "link": "https://www.sec.gov/Archives/edgar/data/1318605/000156459019038256/0001564590-19-038256-index.htm", "finalLink": "https://www.sec.gov/Archives/edgar/data/1318605/000156459019038256/tsla-10q_20190930.htm"}, {"date": "2019-06-30", "symbol": "TSLA", "fillingDate": "2019-07-29", "acceptedDate": "2019-07-29 06:21:00", "period": "Q2", "revenue": 6349676000, "costOfRevenue": 5428630000, "grossProfit": 921046000, "grossProfitRatio": 0.14505401535448423, "researchAndDevelopmentExpenses": 323898000, "generalAndAdministrativeExpenses": 647261000, "sellingAndMarketingExpenses": 0.0, "otherExpenses": 117345000, "operatingExpenses": 1088504000, "costAndExpenses": 6517134000, "interestExpense": 171979000, "depreciationAndAmortization": 620587000, "ebitda": 453129000, "ebitdaratio": 0.071362538813, "operatingIncome": -167458000, "operatingIncomeRatio": -0.0263726842125488, "totalOtherIncomeExpensesNet": -40756000, "incomeBeforeTax": -369831000, "incomeBeforeTaxRatio": -0.058244074185832474, "incomeTaxExpense": 19431000, "netIncome": -389262000, "netIncomeRatio": -0.06130423032608278, "eps": -2.3, "epsdiluted": -2.3, "weightedAverageShsOut": 174831000, "weightedAverageShsOutDil": 174831000, "link": "https://www.sec.gov/Archives/edgar/data/1318605/000156459019026445/0001564590-19-026445-index.htm", "finalLink": "https://www.sec.gov/Archives/edgar/data/1318605/000156459019026445/tsla-10q_20190630.htm"}, {"date": "2019-03-31", "symbol": "TSLA", "fillingDate": "2019-04-29", "acceptedDate": "2019-04-29 06:09:07", "period": "Q1", "revenue": 4541464000, "costOfRevenue": 3975721000, "grossProfit": 565743000, "grossProfitRatio": 0.12457282497450162, "researchAndDevelopmentExpenses": 340174000, "generalAndAdministrativeExpenses": 703929000, "sellingAndMarketingExpenses": 0.0, "otherExpenses": 43471000, "operatingExpenses": 1087574000, "costAndExpenses": 5063295000, "interestExpense": 157453000, "depreciationAndAmortization": 507685000, "ebitda": -14146000, "ebitdaratio": -0.003114854593144413, "operatingIncome": -521831000, "operatingIncomeRatio": -0.11490369625301444, "totalOtherIncomeExpensesNet": 25750000, "incomeBeforeTax": -644772000, "incomeBeforeTaxRatio": -0.1419744822374459, "incomeTaxExpense": 22873000, "netIncome": -667645000, "netIncomeRatio": -0.14701096386539672, "eps": -4.1, "epsdiluted": -4.1, "weightedAverageShsOut": 172989000, "weightedAverageShsOutDil": 172989000, "link": "https://www.sec.gov/Archives/edgar/data/1318605/000156459019013462/0001564590-19-013462-index.htm", "finalLink": "https://www.sec.gov/Archives/edgar/data/1318605/000156459019013462/tsla-10q_20190331.htm"}, {"date": "2018-12-31", "symbol": "TSLA", "fillingDate": "2019-02-19", "acceptedDate": "2019-02-19 06:10:16", "period": "FY", "revenue": 7225873000, "costOfRevenue": 5782973000, "grossProfit": 1442900000, "grossProfitRatio": 0.19968521450626103, "researchAndDevelopmentExpenses": 356297000, "generalAndAdministrativeExpenses": 667452000, "sellingAndMarketingExpenses": 0.0, "otherExpenses": 5615000.0, "operatingExpenses": 1029364000, "costAndExpenses": 6812337000, "interestExpense": 174723000, "depreciationAndAmortization": 534594000, "ebitda": 948130000, "ebitdaratio": 0.131213211193, "operatingIncome": 413536000, "operatingIncomeRatio": 0.0572299014943, "totalOtherIncomeExpensesNet": -14205000, "incomeBeforeTax": 231956000, "incomeBeforeTaxRatio": 0.0321007579292, "incomeTaxExpense": 21878000, "netIncome": 139483000, "netIncomeRatio": 0.0193032731132, "eps": 0.84, "epsdiluted": 0.84, "weightedAverageShsOut": 170525000, "weightedAverageShsOutDil": 170525000, "link": "https://www.sec.gov/Archives/edgar/data/1318605/000156459019003165/0001564590-19-003165-index.htm", "finalLink": "https://www.sec.gov/Archives/edgar/data/1318605/000156459019003165/tsla-10k_20181231.htm"}, {"date": "2018-09-30", "symbol": "TSLA", "fillingDate": "2018-11-02", "acceptedDate": "2018-11-01 20:38:56", "period": "Q3", "revenue": 6824413000, "costOfRevenue": 5300748000, "grossProfit": 1523665000, "grossProfitRatio": 0.22326682162993358, "researchAndDevelopmentExpenses": 350848000, "generalAndAdministrativeExpenses": 729876000, "sellingAndMarketingExpenses": 0.0, "otherExpenses": 26184000, "operatingExpenses": 1106908000, "costAndExpenses": 6407656000, "interestExpense": 175220000, "depreciationAndAmortization": 549279000, "ebitda": 966036000, "ebitdaratio": 0.141555911109, "operatingIncome": 416757000, "operatingIncomeRatio": 0.0610685490459, "totalOtherIncomeExpensesNet": 22876000, "incomeBeforeTax": 271320000, "incomeBeforeTaxRatio": 0.0397572655699, "incomeTaxExpense": 16647000, "netIncome": 311516000, "netIncomeRatio": 0.0456472959652, "eps": 1.86, "epsdiluted": 1.86, "weightedAverageShsOut": 170019000, "weightedAverageShsOutDil": 170019000, "link": "https://www.sec.gov/Archives/edgar/data/1318605/000156459018026353/0001564590-18-026353-index.htm", "finalLink": "https://www.sec.gov/Archives/edgar/data/1318605/000156459018026353/tsla-10q_20180930.htm"}, {"date": "2018-06-30", "symbol": "TSLA", "fillingDate": "2018-08-06", "acceptedDate": "2018-08-03 21:56:44", "period": "Q2", "revenue": 4002231000, "costOfRevenue": 3383301000, "grossProfit": 618930000, "grossProfitRatio": 0.15464624605626212, "researchAndDevelopmentExpenses": 386129000, "generalAndAdministrativeExpenses": 750759000, "sellingAndMarketingExpenses": 0.0, "otherExpenses": 103434000, "operatingExpenses": 1240322000, "costAndExpenses": 4623623000, "interestExpense": 163582000, "depreciationAndAmortization": 520329000, "ebitda": -101063000, "ebitdaratio": -0.02525166588335356, "operatingIncome": -621392000, "operatingIncomeRatio": -0.15526140295250324, "totalOtherIncomeExpensesNet": 13195000, "incomeBeforeTax": -728999000, "incomeBeforeTaxRatio": -0.18214815686550825, "incomeTaxExpense": 13707000, "netIncome": -742706000, "netIncomeRatio": -0.18557299666111227, "eps": -4.23, "epsdiluted": -4.23, "weightedAverageShsOut": 169574000, "weightedAverageShsOutDil": 169574000, "link": "https://www.sec.gov/Archives/edgar/data/1318605/000156459018019254/0001564590-18-019254-index.htm", "finalLink": "https://www.sec.gov/Archives/edgar/data/1318605/000156459018019254/tsla-10q_20180630.htm"}, {"date": "2018-03-31", "symbol": "TSLA", "fillingDate": "2018-05-07", "acceptedDate": "2018-05-04 21:46:25", "period": "Q1", "revenue": 3408751000, "costOfRevenue": 2952225000, "grossProfit": 456526000, "grossProfitRatio": 0.13392764681257152, "researchAndDevelopmentExpenses": 367096000, "generalAndAdministrativeExpenses": 686404000, "sellingAndMarketingExpenses": 0.0, "otherExpenses": -37716000, "operatingExpenses": 1053500000, "costAndExpenses": 4005725000, "interestExpense": 149546000, "depreciationAndAmortization": 455578000, "ebitda": -141396000, "ebitdaratio": -0.04148029586203275, "operatingIncome": -596974000, "operatingIncomeRatio": -0.17512983494540962, "totalOtherIncomeExpensesNet": 0.0, "incomeBeforeTax": -779022000, "incomeBeforeTaxRatio": -0.2285359065534561, "incomeTaxExpense": 5605000.0, "netIncome": -784627000, "netIncomeRatio": -0.2301802038341903, "eps": -4.19, "epsdiluted": -4.19, "weightedAverageShsOut": 169146000, "weightedAverageShsOutDil": 169146000, "link": "https://www.sec.gov/Archives/edgar/data/1318605/000156459018011086/0001564590-18-011086-index.htm", "finalLink": "https://www.sec.gov/Archives/edgar/data/1318605/000156459018011086/tsla-10q_20180331.htm"}, {"date": "2017-12-31", "symbol": "TSLA", "fillingDate": "2018-02-23", "acceptedDate": "2018-02-23 06:07:43", "period": "FY", "revenue": 3288249000, "costOfRevenue": 2849463000, "grossProfit": 438786000, "grossProfitRatio": 0.13344062447825575, "researchAndDevelopmentExpenses": 354637000, "generalAndAdministrativeExpenses": 682290000, "sellingAndMarketingExpenses": 0.0, "otherExpenses": -41677000, "operatingExpenses": 1036927000, "costAndExpenses": 3886390000, "interestExpense": 146363000, "depreciationAndAmortization": 500030000, "ebitda": -98111000, "ebitdaratio": -0.029836852379488292, "operatingIncome": -598141000, "operatingIncomeRatio": -0.18190258706077309, "totalOtherIncomeExpensesNet": -125373000, "incomeBeforeTax": -779901000, "incomeBeforeTaxRatio": -0.23717820639495366, "incomeTaxExpense": -9094000.0, "netIncome": -770807000, "netIncomeRatio": -0.2344126007489092, "eps": -4.03, "epsdiluted": -4.03, "weightedAverageShsOut": 165758000, "weightedAverageShsOutDil": 165758000, "link": "https://www.sec.gov/Archives/edgar/data/1318605/000156459018002956/0001564590-18-002956-index.htm", "finalLink": "https://www.sec.gov/Archives/edgar/data/1318605/000156459018002956/tsla-10k_20171231.htm"}, {"date": "2017-09-30", "symbol": "TSLA", "fillingDate": "2017-11-03", "acceptedDate": "2017-11-02 19:56:36", "period": "Q3", "revenue": 2984675000, "costOfRevenue": 2535535000, "grossProfit": 449140000, "grossProfitRatio": 0.1504820457838793, "researchAndDevelopmentExpenses": 331622000, "generalAndAdministrativeExpenses": 652998000, "sellingAndMarketingExpenses": 0.0, "otherExpenses": -24390000, "operatingExpenses": 984620000, "costAndExpenses": 3520155000, "interestExpense": 117109000, "depreciationAndAmortization": 397086000, "ebitda": -138394000, "ebitdaratio": -0.046368197542446, "operatingIncome": -535480000, "operatingIncomeRatio": -0.17940981848945028, "totalOtherIncomeExpensesNet": 59306000, "incomeBeforeTax": -671448000, "incomeBeforeTaxRatio": -0.22496519721577726, "incomeTaxExpense": -285000.0, "netIncome": -671163000, "netIncomeRatio": -0.22486970943235027, "eps": -3.73, "epsdiluted": -3.73, "weightedAverageShsOut": 164897000, "weightedAverageShsOutDil": 164897000, "link": "https://www.sec.gov/Archives/edgar/data/1318605/000156459017021343/0001564590-17-021343-index.htm", "finalLink": "https://www.sec.gov/Archives/edgar/data/1318605/000156459017021343/tsla-10q_20170930.htm"}, {"date": "2017-06-30", "symbol": "TSLA", "fillingDate": "2017-08-04", "acceptedDate": "2017-08-04 17:15:55", "period": "Q2", "revenue": 2789557000, "costOfRevenue": 2122942000, "grossProfit": 666615000, "grossProfitRatio": 0.23896805119952738, "researchAndDevelopmentExpenses": 369774000, "generalAndAdministrativeExpenses": 537757000, "sellingAndMarketingExpenses": 0.0, "otherExpenses": -41208000, "operatingExpenses": 907531000, "costAndExpenses": 3030473000, "interestExpense": 108441000, "depreciationAndAmortization": 422985000, "ebitda": 182069000, "ebitdaratio": 0.0652680694462, "operatingIncome": -240916000, "operatingIncomeRatio": -0.08636353370804038, "totalOtherIncomeExpensesNet": -41208000, "incomeBeforeTax": -385780000, "incomeBeforeTaxRatio": -0.13829436000053055, "incomeTaxExpense": 15647000, "netIncome": -401427000, "netIncomeRatio": -0.14390349435412145, "eps": -2.03, "epsdiluted": -2.03, "weightedAverageShsOut": 164897000, "weightedAverageShsOutDil": 163679000, "link": "https://www.sec.gov/Archives/edgar/data/1318605/000156459017015705/0001564590-17-015705-index.htm", "finalLink": "https://www.sec.gov/Archives/edgar/data/1318605/000156459017015705/tsla-10q_20170630.htm"}, {"date": "2017-03-31", "symbol": "TSLA", "fillingDate": "2017-05-10", "acceptedDate": "2017-05-09 17:56:24", "period": "Q1", "revenue": 2696270000, "costOfRevenue": 2028324000, "grossProfit": 667946000, "grossProfitRatio": 0.24772964131930408, "researchAndDevelopmentExpenses": 322040000, "generalAndAdministrativeExpenses": 603455000, "sellingAndMarketingExpenses": 0.0, "otherExpenses": -18098000, "operatingExpenses": 925495000, "costAndExpenses": 2953819000, "interestExpense": 99346000, "depreciationAndAmortization": 406939000, "ebitda": 149390000, "ebitdaratio": 0.0554061722305, "operatingIncome": -257549000, "operatingIncomeRatio": -0.09552047829037894, "totalOtherIncomeExpensesNet": -18098000, "incomeBeforeTax": -371903000, "incomeBeforeTaxRatio": -0.13793240291217126, "incomeTaxExpense": 25278000, "netIncome": -397181000, "netIncomeRatio": -0.1473075767634547, "eps": -2.04, "epsdiluted": -2.04, "weightedAverageShsOut": 164897000, "weightedAverageShsOutDil": 162129000, "link": "https://www.sec.gov/Archives/edgar/data/1318605/000156459017009968/0001564590-17-009968-index.htm", "finalLink": "https://www.sec.gov/Archives/edgar/data/1318605/000156459017009968/tsla-10q_20170331.htm"}, {"date": "2016-12-31", "symbol": "TSLA", "fillingDate": "2017-03-01", "acceptedDate": "2017-03-01 16:54:21", "period": "FY", "revenue": 2284631000, "costOfRevenue": 1849353000, "grossProfit": 435278000, "grossProfitRatio": 0.19052442166809433, "researchAndDevelopmentExpenses": 245960000, "generalAndAdministrativeExpenses": 456016000, "sellingAndMarketingExpenses": 0.0, "otherExpenses": 121224000, "operatingExpenses": 701976000, "costAndExpenses": 2551329000, "interestExpense": 65104000, "depreciationAndAmortization": 350301000, "ebitda": 83603000, "ebitdaratio": 0.0365936556057, "operatingIncome": -266698000, "operatingIncomeRatio": -0.11673570042602066, "totalOtherIncomeExpensesNet": 111272000, "incomeBeforeTax": -208399000, "incomeBeforeTaxRatio": -0.09121779403325964, "incomeTaxExpense": 11070000, "netIncome": -219469000, "netIncomeRatio": -0.09606321546017715, "eps": -0.74, "epsdiluted": -0.74, "weightedAverageShsOut": 164897000, "weightedAverageShsOutDil": 144212000, "link": "https://www.sec.gov/Archives/edgar/data/1318605/000156459017003118/0001564590-17-003118-index.htm", "finalLink": "https://www.sec.gov/Archives/edgar/data/1318605/000156459017003118/tsla-10k_20161231.htm"}, {"date": "2016-09-30", "symbol": "TSLA", "fillingDate": "2016-11-02", "acceptedDate": "2016-11-01 21:08:34", "period": "Q3", "revenue": 2298436000, "costOfRevenue": 1661701000, "grossProfit": 636735000, "grossProfitRatio": 0.27702968453330873, "researchAndDevelopmentExpenses": 214302000, "generalAndAdministrativeExpenses": 336811000, "sellingAndMarketingExpenses": 0.0, "otherExpenses": -11756000, "operatingExpenses": 551113000, "costAndExpenses": 2212814000, "interestExpense": 46713000, "depreciationAndAmortization": 302696000, "ebitda": 388318000, "ebitdaratio": 0.168948798226, "operatingIncome": 85622000, "operatingIncomeRatio": 0.0372522880776, "totalOtherIncomeExpensesNet": -1804000.0, "incomeBeforeTax": 30011000, "incomeBeforeTaxRatio": 0.0130571397246, "incomeTaxExpense": 8133000.0, "netIncome": 21878000, "netIncomeRatio": 0.00951864659273, "eps": 0.28, "epsdiluted": 0.28, "weightedAverageShsOut": 140581000, "weightedAverageShsOutDil": 140581000, "link": "https://www.sec.gov/Archives/edgar/data/1318605/000156459016026820/0001564590-16-026820-index.htm", "finalLink": "https://www.sec.gov/Archives/edgar/data/1318605/000156459016026820/tsla-10q_20160930.htm"}, {"date": "2016-06-30", "symbol": "TSLA", "fillingDate": "2016-08-05", "acceptedDate": "2016-08-05 17:21:19", "period": "Q2", "revenue": 1270017000, "costOfRevenue": 995241000, "grossProfit": 274776000, "grossProfitRatio": 0.21635615901204472, "researchAndDevelopmentExpenses": 191664000, "generalAndAdministrativeExpenses": 321152000, "sellingAndMarketingExpenses": 0.0, "otherExpenses": -7373000.0, "operatingExpenses": 512816000, "costAndExpenses": 1508057000, "interestExpense": 46368000, "depreciationAndAmortization": 204315000, "ebitda": -33725000, "ebitdaratio": -0.02655476265278339, "operatingIncome": -238040000, "operatingIncomeRatio": -0.18743056195310773, "totalOtherIncomeExpensesNet": -7373000.0, "incomeBeforeTax": -289539000, "incomeBeforeTaxRatio": -0.22798041286061524, "incomeTaxExpense": 3649000.0, "netIncome": -293188000, "netIncomeRatio": -0.23085360274704983, "eps": -2.09, "epsdiluted": -2.09, "weightedAverageShsOut": 140581000, "weightedAverageShsOutDil": 136330000, "link": "https://www.sec.gov/Archives/edgar/data/1318605/000156459016023024/0001564590-16-023024-index.htm", "finalLink": "https://www.sec.gov/Archives/edgar/data/1318605/000156459016023024/tsla-10q_20160630.htm"}, {"date": "2016-03-31", "symbol": "TSLA", "fillingDate": "2016-05-10", "acceptedDate": "2016-05-10 15:27:20", "period": "Q1", "revenue": 1147048000, "costOfRevenue": 894580000, "grossProfit": 252468000, "grossProfitRatio": 0.22010238455583375, "researchAndDevelopmentExpenses": 182482000, "generalAndAdministrativeExpenses": 318210000, "sellingAndMarketingExpenses": 0.0, "otherExpenses": 9177000.0, "operatingExpenses": 500692000, "costAndExpenses": 1395272000, "interestExpense": 40625000, "depreciationAndAmortization": 177073000, "ebitda": -71151000, "ebitdaratio": -0.062029662228607695, "operatingIncome": -248224000, "operatingIncomeRatio": -0.21640245220775417, "totalOtherIncomeExpensesNet": 9177000.0, "incomeBeforeTax": -278421000, "incomeBeforeTaxRatio": -0.2427282903592526, "incomeTaxExpense": 3846000.0, "netIncome": -282267000, "netIncomeRatio": -0.2460812450743125, "eps": -2.13, "epsdiluted": -2.13, "weightedAverageShsOut": 140581000, "weightedAverageShsOutDil": 132676000, "link": "https://www.sec.gov/Archives/edgar/data/1318605/000156459016018886/0001564590-16-018886-index.htm", "finalLink": "https://www.sec.gov/Archives/edgar/data/1318605/000156459016018886/tsla-10q_20160331.htm"}, {"date": "2015-12-31", "symbol": "TSLA", "fillingDate": "2016-02-24", "acceptedDate": "2016-02-24 16:17:56", "period": "FY", "revenue": 1214380000, "costOfRevenue": 995816000, "grossProfit": 218564000, "grossProfitRatio": 0.17997990744248094, "researchAndDevelopmentExpenses": 190243000, "generalAndAdministrativeExpenses": 288654000, "sellingAndMarketingExpenses": 0.0, "otherExpenses": -17149000, "operatingExpenses": 478897000, "costAndExpenses": 1474713000, "interestExpense": 38617000, "depreciationAndAmortization": 164410000, "ebitda": -95923000, "ebitdaratio": -0.07898927847955335, "operatingIncome": -260333000, "operatingIncomeRatio": -0.21437523674632322, "totalOtherIncomeExpensesNet": -17149000, "incomeBeforeTax": -315349000, "incomeBeforeTaxRatio": -0.25967901315897823, "incomeTaxExpense": 5048000.0, "netIncome": -320397000, "netIncomeRatio": -0.2638358668621025, "eps": -2.46, "epsdiluted": -2.46, "weightedAverageShsOut": 140581000, "weightedAverageShsOutDil": 128202000, "link": "https://www.sec.gov/Archives/edgar/data/1318605/000156459016013195/0001564590-16-013195-index.htm", "finalLink": "https://www.sec.gov/Archives/edgar/data/1318605/000156459016013195/tsla-10k_20151231.htm"}, {"date": "2015-09-30", "symbol": "TSLA", "fillingDate": "2015-11-05", "acceptedDate": "2015-11-05 17:15:13", "period": "Q3", "revenue": 936789000, "costOfRevenue": 705293000, "grossProfit": 231496000, "grossProfitRatio": 0.24711647980495074, "researchAndDevelopmentExpenses": 178791000, "generalAndAdministrativeExpenses": 236367000, "sellingAndMarketingExpenses": 0.0, "otherExpenses": -15431000, "operatingExpenses": 415158000, "costAndExpenses": 1120451000, "interestExpense": 29308000, "depreciationAndAmortization": 128030000, "ebitda": -55632000, "ebitdaratio": -0.059385838219705826, "operatingIncome": -183662000, "operatingIncomeRatio": -0.1960548213098147, "totalOtherIncomeExpensesNet": -15431000, "incomeBeforeTax": -228074000, "incomeBeforeTaxRatio": -0.24346357610945474, "incomeTaxExpense": 1784000.0, "netIncome": -229858000, "netIncomeRatio": -0.24536795372277, "eps": -1.79, "epsdiluted": -1.79, "weightedAverageShsOut": 140581000, "weightedAverageShsOutDil": 127225000, "link": "https://www.sec.gov/Archives/edgar/data/1318605/000156459015009741/0001564590-15-009741-index.htm", "finalLink": "https://www.sec.gov/Archives/edgar/data/1318605/000156459015009741/tsla-10q_20150930.htm"}, {"date": "2015-06-30", "symbol": "TSLA", "fillingDate": "2015-08-07", "acceptedDate": "2015-08-07 16:09:03", "period": "Q2", "revenue": 954976000, "costOfRevenue": 741606000, "grossProfit": 213370000, "grossProfitRatio": 0.2234296987568274, "researchAndDevelopmentExpenses": 181712000, "generalAndAdministrativeExpenses": 201846000, "sellingAndMarketingExpenses": 0.0, "otherExpenses": 13233000, "operatingExpenses": 383558000, "costAndExpenses": 1125164000, "interestExpense": 24352000, "depreciationAndAmortization": 107160000, "ebitda": -63028000, "ebitdaratio": -0.06599956438695842, "operatingIncome": -170188000, "operatingIncomeRatio": -0.1782118084642965, "totalOtherIncomeExpensesNet": 13233000, "incomeBeforeTax": -181060000, "incomeBeforeTaxRatio": -0.1895963877626244, "incomeTaxExpense": 3167000.0, "netIncome": -184227000, "netIncomeRatio": -0.19291270147103173, "eps": -1.46, "epsdiluted": -1.46, "weightedAverageShsOut": 140581000, "weightedAverageShsOutDil": 126319756, "link": "https://www.sec.gov/Archives/edgar/data/1318605/000156459015006666/0001564590-15-006666-index.htm", "finalLink": "https://www.sec.gov/Archives/edgar/data/1318605/000156459015006666/tsla-10q_20150630.htm"}, {"date": "2015-03-31", "symbol": "TSLA", "fillingDate": "2015-05-11", "acceptedDate": "2015-05-08 18:43:11", "period": "Q1", "revenue": 939880000, "costOfRevenue": 679807000, "grossProfit": 260073000, "grossProfitRatio": 0.276708728773886, "researchAndDevelopmentExpenses": 167154000, "generalAndAdministrativeExpenses": 195365000, "sellingAndMarketingExpenses": 0.0, "otherExpenses": -22305000, "operatingExpenses": 362519000, "costAndExpenses": 1042326000, "interestExpense": 26574000, "depreciationAndAmortization": 95053000, "ebitda": -7393000.0, "ebitdaratio": -0.007865897774183938, "operatingIncome": -102446000, "operatingIncomeRatio": -0.10899902115163639, "totalOtherIncomeExpensesNet": -22305000, "incomeBeforeTax": -151141000, "incomeBeforeTaxRatio": -0.1608088266587224, "incomeTaxExpense": 3040000.0, "netIncome": -154181000, "netIncomeRatio": -0.16404328212112185, "eps": -1.22, "epsdiluted": -1.22, "weightedAverageShsOut": 140581000, "weightedAverageShsOutDil": 125946657, "link": "https://www.sec.gov/Archives/edgar/data/1318605/000156459015003789/0001564590-15-003789-index.htm", "finalLink": "https://www.sec.gov/Archives/edgar/data/1318605/000156459015003789/tsla-10q_20150331.htm"}, {"date": "2014-12-31", "symbol": "TSLA", "fillingDate": "2015-02-26", "acceptedDate": "2015-02-26 17:13:26", "period": "FY", "revenue": 956661000, "costOfRevenue": 694964000, "grossProfit": 261697000, "grossProfitRatio": 0.2735524914259074, "researchAndDevelopmentExpenses": 139565000, "generalAndAdministrativeExpenses": 196970000, "sellingAndMarketingExpenses": 0.0, "otherExpenses": -588000.0, "operatingExpenses": 336535000, "costAndExpenses": 1031499000, "interestExpense": 28703000, "depreciationAndAmortization": 82076000, "ebitda": 7238000.0, "ebitdaratio": 0.00756589847396, "operatingIncome": -74838000, "operatingIncomeRatio": -0.07822833793789022, "totalOtherIncomeExpensesNet": -588000.0, "incomeBeforeTax": -103910000, "incomeBeforeTaxRatio": -0.10861736811681463, "incomeTaxExpense": 3719000.0, "netIncome": -107629000, "netIncomeRatio": -0.11250484758968955, "eps": -0.86, "epsdiluted": -0.86, "weightedAverageShsOut": 140581000, "weightedAverageShsOutDil": 124539343, "link": "https://www.sec.gov/Archives/edgar/data/1318605/000156459015001031/0001564590-15-001031-index.htm", "finalLink": "https://www.sec.gov/Archives/edgar/data/1318605/000156459015001031/tsla-10k_20141231.htm"}, {"date": "2014-09-30", "symbol": "TSLA", "fillingDate": "2014-11-07", "acceptedDate": "2014-11-07 17:08:23", "period": "Q3", "revenue": 851804000, "costOfRevenue": 599953000, "grossProfit": 251851000, "grossProfitRatio": 0.2956677827293603, "researchAndDevelopmentExpenses": 135873000, "generalAndAdministrativeExpenses": 155107000, "sellingAndMarketingExpenses": 0.0, "otherExpenses": -3091000.0, "operatingExpenses": 290980000, "costAndExpenses": 890933000, "interestExpense": 29061000, "depreciationAndAmortization": 88504000, "ebitda": 49375000, "ebitdaratio": 0.0579652126546, "operatingIncome": -39129000, "operatingIncomeRatio": -0.04593662391817836, "totalOtherIncomeExpensesNet": -3091000.0, "incomeBeforeTax": -70982000, "incomeBeforeTaxRatio": -0.08333137670168254, "incomeTaxExpense": 3727000.0, "netIncome": -74709000, "netIncomeRatio": -0.08770679639917164, "eps": -0.6, "epsdiluted": -0.6, "weightedAverageShsOut": 140581000, "weightedAverageShsOutDil": 124216526, "link": "https://www.sec.gov/Archives/edgar/data/1318605/000119312514403635/0001193125-14-403635-index.htm", "finalLink": "https://www.sec.gov/Archives/edgar/data/1318605/000119312514403635/d812482d10q.htm"}, {"date": "2014-06-30", "symbol": "TSLA", "fillingDate": "2014-08-08", "acceptedDate": "2014-08-08 16:23:33", "period": "Q2", "revenue": 769349000, "costOfRevenue": 556354000, "grossProfit": 212995000, "grossProfitRatio": 0.276850948009291, "researchAndDevelopmentExpenses": 107718000, "generalAndAdministrativeExpenses": 134032000, "sellingAndMarketingExpenses": 0.0, "otherExpenses": 5492000.0, "operatingExpenses": 241750000, "costAndExpenses": 798104000, "interestExpense": 31239000, "depreciationAndAmortization": 78324000, "ebitda": 49569000, "ebitdaratio": 0.0644297971402, "operatingIncome": -28755000, "operatingIncomeRatio": -0.03737575534640326, "totalOtherIncomeExpensesNet": -1226000.0, "incomeBeforeTax": -60753000, "incomeBeforeTaxRatio": -0.07896676280855633, "incomeTaxExpense": 1149000.0, "netIncome": -61902000, "netIncomeRatio": -0.0804602332621476, "eps": -0.5, "epsdiluted": -0.5, "weightedAverageShsOut": 140581000, "weightedAverageShsOutDil": 123863753, "link": "https://www.sec.gov/Archives/edgar/data/1318605/000119312514303175/0001193125-14-303175-index.htm", "finalLink": "https://www.sec.gov/Archives/edgar/data/1318605/000119312514303175/d766922d10q.htm"}, {"date": "2014-03-31", "symbol": "TSLA", "fillingDate": "2014-05-09", "acceptedDate": "2014-05-09 16:39:59", "period": "Q1", "revenue": 620542000, "costOfRevenue": 465414000, "grossProfit": 155128000, "grossProfitRatio": 0.24998791379149196, "researchAndDevelopmentExpenses": 81544000, "generalAndAdministrativeExpenses": 117551000, "sellingAndMarketingExpenses": 0.0, "otherExpenses": 0.0, "operatingExpenses": 199095000, "costAndExpenses": 664509000, "interestExpense": 11883000, "depreciationAndAmortization": 52761000, "ebitda": 8794000.0, "ebitdaratio": 0.0141714823493, "operatingIncome": -43967000, "operatingIncomeRatio": -0.07085257726310226, "totalOtherIncomeExpensesNet": 6718000.0, "incomeBeforeTax": -48991000, "incomeBeforeTaxRatio": -0.07894872546902547, "incomeTaxExpense": 809000.0, "netIncome": -49800000, "netIncomeRatio": -0.08025242449342672, "eps": -0.4, "epsdiluted": -0.4, "weightedAverageShsOut": 123472782, "weightedAverageShsOutDil": 123472782, "link": "https://www.sec.gov/Archives/edgar/data/1318605/000119312514192606/0001193125-14-192606-index.htm", "finalLink": "https://www.sec.gov/Archives/edgar/data/1318605/000119312514192606/d715897d10q.htm"}, {"date": "2013-12-31", "symbol": "TSLA", "fillingDate": "2014-02-26", "acceptedDate": "2014-02-26 16:02:51", "period": "FY", "revenue": 615219000, "costOfRevenue": 458630000, "grossProfit": 156589000, "grossProfitRatio": 0.25452562420861513, "researchAndDevelopmentExpenses": 68453000, "generalAndAdministrativeExpenses": 101489000, "sellingAndMarketingExpenses": 0.0, "otherExpenses": 4584000.0, "operatingExpenses": 169942000, "costAndExpenses": 628572000, "interestExpense": 6229000.0, "depreciationAndAmortization": 35826000, "ebitda": 22473000, "ebitdaratio": 0.0365284557206, "operatingIncome": -13353000, "operatingIncomeRatio": -0.0840038500978252, "totalOtherIncomeExpensesNet": 4584000.0, "incomeBeforeTax": -14906000, "incomeBeforeTaxRatio": -0.09377378787974106, "incomeTaxExpense": 1358000.0, "netIncome": -16264000, "netIncomeRatio": -0.10231697880558893, "eps": -0.13, "epsdiluted": -0.13, "weightedAverageShsOut": 123472782, "weightedAverageShsOutDil": 119421414, "link": "https://www.sec.gov/Archives/edgar/data/1318605/000119312514069681/0001193125-14-069681-index.htm", "finalLink": "https://www.sec.gov/Archives/edgar/data/1318605/000119312514069681/d668062d10k.htm"}, {"date": "2013-09-30", "symbol": "TSLA", "fillingDate": "2013-11-08", "acceptedDate": "2013-11-08 17:14:15", "period": "Q3", "revenue": 431346000, "costOfRevenue": 328476000, "grossProfit": 102870000, "grossProfitRatio": 0.23848604136818238, "researchAndDevelopmentExpenses": 56352000, "generalAndAdministrativeExpenses": 77072000, "sellingAndMarketingExpenses": 0.0, "otherExpenses": -741000.0, "operatingExpenses": 133424000, "costAndExpenses": 461900000, "interestExpense": 46939000, "depreciationAndAmortization": 32212000, "ebitda": 1658000.0, "ebitdaratio": 0.00384378202186, "operatingIncome": -30554000, "operatingIncomeRatio": -0.070834086788796, "totalOtherIncomeExpensesNet": -741000.0, "incomeBeforeTax": -37718000, "incomeBeforeTaxRatio": -0.08744256351049969, "incomeTaxExpense": 778000.0, "netIncome": -38496000, "netIncomeRatio": -0.08924621997190191, "eps": -0.32, "epsdiluted": -0.32, "weightedAverageShsOut": 123472782, "weightedAverageShsOutDil": 118282194, "link": "https://www.sec.gov/Archives/edgar/data/1318605/000119312513435480/0001193125-13-435480-index.htm", "finalLink": "https://www.sec.gov/Archives/edgar/data/1318605/000119312513435480/d588506d10q.htm"}, {"date": "2013-06-30", "symbol": "TSLA", "fillingDate": "2013-08-09", "acceptedDate": "2013-08-09 06:11:54", "period": "Q2", "revenue": 405139000, "costOfRevenue": 304656000, "grossProfit": 100483000, "grossProfitRatio": 0.24802104956570462, "researchAndDevelopmentExpenses": 52312000, "generalAndAdministrativeExpenses": 59963000, "sellingAndMarketingExpenses": 0.0, "otherExpenses": 1668000.0, "operatingExpenses": 112275000, "costAndExpenses": 416931000, "interestExpense": -20352000, "depreciationAndAmortization": 29338000, "ebitda": 17546000, "ebitdaratio": 0.0433085928533, "operatingIncome": -11792000, "operatingIncomeRatio": -0.02910605989549266, "totalOtherIncomeExpensesNet": 1668000.0, "incomeBeforeTax": -30201000, "incomeBeforeTaxRatio": -0.07454478586361718, "incomeTaxExpense": 301000.0, "netIncome": -30502000, "netIncomeRatio": -0.07528774075070531, "eps": -0.27, "epsdiluted": -0.27, "weightedAverageShsOut": 123472782, "weightedAverageShsOutDil": 116462371, "link": "https://www.sec.gov/Archives/edgar/data/1318605/000119312513327916/0001193125-13-327916-index.htm", "finalLink": "https://www.sec.gov/Archives/edgar/data/1318605/000119312513327916/d549636d10q.htm"}, {"date": "2013-03-31", "symbol": "TSLA", "fillingDate": "2013-05-10", "acceptedDate": "2013-05-10 06:07:59", "period": "Q1", "revenue": 561792000, "costOfRevenue": 465472000, "grossProfit": 96320000, "grossProfitRatio": 0.17145135566188197, "researchAndDevelopmentExpenses": 54859000, "generalAndAdministrativeExpenses": 47045000, "sellingAndMarketingExpenses": 0.0, "otherExpenses": 17091000, "operatingExpenses": 101904000, "costAndExpenses": 567376000, "interestExpense": 118000.0, "depreciationAndAmortization": 17850000, "ebitda": 12266000, "ebitdaratio": 0.0218337035771, "operatingIncome": -5584000.0, "operatingIncomeRatio": -0.009939621781727045, "totalOtherIncomeExpensesNet": 17091000, "incomeBeforeTax": 11399000, "incomeBeforeTaxRatio": 0.020290427774, "incomeTaxExpense": 151000.0, "netIncome": 11248000, "netIncomeRatio": 0.0200216450216, "eps": 0.1, "epsdiluted": 0.1, "weightedAverageShsOut": 114711899, "weightedAverageShsOutDil": 124265292, "link": "https://www.sec.gov/Archives/edgar/data/1318605/000119312513212354/0001193125-13-212354-index.htm", "finalLink": "https://www.sec.gov/Archives/edgar/data/1318605/000119312513212354/d511008d10q.htm"}, {"date": "2012-12-31", "symbol": "TSLA", "fillingDate": "2013-03-07", "acceptedDate": "2013-03-07 17:10:43", "period": "FY", "revenue": 306332000, "costOfRevenue": 282475000, "grossProfit": 23857000, "grossProfitRatio": 0.07787955551493152, "researchAndDevelopmentExpenses": 68832000, "generalAndAdministrativeExpenses": 45908000, "sellingAndMarketingExpenses": 0.0, "otherExpenses": 745000.0, "operatingExpenses": 114740000, "costAndExpenses": 397215000, "interestExpense": 26000.0, "depreciationAndAmortization": 12736000, "ebitda": -78147000, "ebitdaratio": -0.25510557173262993, "operatingIncome": -90883000, "operatingIncomeRatio": -0.29668137837379055, "totalOtherIncomeExpensesNet": 0.0, "incomeBeforeTax": -90079000, "incomeBeforeTaxRatio": -0.2940567750022851, "incomeTaxExpense": -148000.0, "netIncome": -89931000, "netIncomeRatio": -0.29357363905827666, "eps": -0.78, "epsdiluted": -0.78, "weightedAverageShsOut": 114711899, "weightedAverageShsOutDil": 107349188, "link": "https://www.sec.gov/Archives/edgar/data/1318605/000119312513096241/0001193125-13-096241-index.htm", "finalLink": "https://www.sec.gov/Archives/edgar/data/1318605/000119312513096241/d452995d10k.htm"}, {"date": "2012-09-30", "symbol": "TSLA", "fillingDate": "2012-11-07", "acceptedDate": "2012-11-07 16:44:53", "period": "Q3", "revenue": 50104000, "costOfRevenue": 58866000, "grossProfit": -8762000.0, "grossProfitRatio": -0.17487625738463994, "researchAndDevelopmentExpenses": 61901000, "generalAndAdministrativeExpenses": 37799000, "sellingAndMarketingExpenses": 0.0, "otherExpenses": -2188000.0, "operatingExpenses": 99700000, "costAndExpenses": 158566000, "interestExpense": 79000.0, "depreciationAndAmortization": 7578000.0, "ebitda": -100884000, "ebitdaratio": -2.013491936771515, "operatingIncome": -108462000, "operatingIncomeRatio": -2.1647373463196553, "totalOtherIncomeExpensesNet": 385000.0, "incomeBeforeTax": -110690000, "incomeBeforeTaxRatio": -2.2092048539038798, "incomeTaxExpense": 116000.0, "netIncome": -110806000, "netIncomeRatio": -2.2115200383202938, "eps": -1.05, "epsdiluted": -1.05, "weightedAverageShsOut": 114711899, "weightedAverageShsOutDil": 105195640, "link": "https://www.sec.gov/Archives/edgar/data/1318605/000119312512457610/0001193125-12-457610-index.htm", "finalLink": "https://www.sec.gov/Archives/edgar/data/1318605/000119312512457610/d410318d10q.htm"}, {"date": "2012-06-30", "symbol": "TSLA", "fillingDate": "2012-08-02", "acceptedDate": "2012-08-02 17:01:19", "period": "Q2", "revenue": 26653000, "costOfRevenue": 21891000, "grossProfit": 4762000.0, "grossProfitRatio": 0.17866656661539038, "researchAndDevelopmentExpenses": 74854000, "generalAndAdministrativeExpenses": 36083000, "sellingAndMarketingExpenses": 0.0, "otherExpenses": 691000.0, "operatingExpenses": 110937000, "costAndExpenses": 132828000, "interestExpense": 84000.0, "depreciationAndAmortization": 4333000.0, "ebitda": -101842000, "ebitdaratio": -3.821033279555772, "operatingIncome": -106175000, "operatingIncomeRatio": -3.9836040970997635, "totalOtherIncomeExpensesNet": -385000.0, "incomeBeforeTax": -105494000, "incomeBeforeTaxRatio": -3.95805350241999, "incomeTaxExpense": 109000.0, "netIncome": -105603000, "netIncomeRatio": -3.962143098337898, "eps": -1.0, "epsdiluted": -1.0, "weightedAverageShsOut": 114711899, "weightedAverageShsOutDil": 105013398, "link": "https://www.sec.gov/Archives/edgar/data/1318605/000119312512332138/0001193125-12-332138-index.htm", "finalLink": "https://www.sec.gov/Archives/edgar/data/1318605/000119312512332138/d364775d10q.htm"}, {"date": "2012-03-31", "symbol": "TSLA", "fillingDate": "2012-05-10", "acceptedDate": "2012-05-10 16:55:58", "period": "Q1", "revenue": 30167000, "costOfRevenue": 19957000, "grossProfit": 10210000, "grossProfitRatio": 0.33844929890277453, "researchAndDevelopmentExpenses": 68391000, "generalAndAdministrativeExpenses": 30582000, "sellingAndMarketingExpenses": 0.0, "otherExpenses": -1076000.0, "operatingExpenses": 98973000, "costAndExpenses": 118930000, "interestExpense": 65000.0, "depreciationAndAmortization": 4122000.0, "ebitda": -84641000, "ebitdaratio": -2.8057480027844997, "operatingIncome": -88763000, "operatingIncomeRatio": -2.9423873769350615, "totalOtherIncomeExpensesNet": 0.0, "incomeBeforeTax": -89814000, "incomeBeforeTaxRatio": -2.9772267709749065, "incomeTaxExpense": 59000.0, "netIncome": -89873000, "netIncomeRatio": -2.9791825504690554, "eps": -0.86, "epsdiluted": -0.86, "weightedAverageShsOut": 114711899, "weightedAverageShsOutDil": 104784343, "link": "https://www.sec.gov/Archives/edgar/data/1318605/000119312512225825/0001193125-12-225825-index.htm", "finalLink": "https://www.sec.gov/Archives/edgar/data/1318605/000119312512225825/d325967d10q.htm"}, {"date": "2011-12-31", "symbol": "TSLA", "fillingDate": "2012-02-27", "acceptedDate": "2012-02-27 17:17:24", "period": "FY", "revenue": 39375000, "costOfRevenue": 31540000, "grossProfit": 7835000.0, "grossProfitRatio": 0.19898412698412699, "researchAndDevelopmentExpenses": 61205000, "generalAndAdministrativeExpenses": 27557000, "sellingAndMarketingExpenses": 0.0, "otherExpenses": -496000.0, "operatingExpenses": 88762000, "costAndExpenses": 120302000, "interestExpense": 43000.0, "depreciationAndAmortization": 4916000.0, "ebitda": -76011000, "ebitdaratio": -1.9304380952380953, "operatingIncome": -80927000, "operatingIncomeRatio": -2.0552888888888887, "totalOtherIncomeExpensesNet": -496000.0, "incomeBeforeTax": -81377000, "incomeBeforeTaxRatio": -2.0667174603174603, "incomeTaxExpense": 112000.0, "netIncome": -81489000, "netIncomeRatio": -2.0695619047619047, "eps": -0.78, "epsdiluted": -0.78, "weightedAverageShsOut": 114711899, "weightedAverageShsOutDil": 100388815, "link": "https://www.sec.gov/Archives/edgar/data/1318605/000119312512081990/0001193125-12-081990-index.htm", "finalLink": "https://www.sec.gov/Archives/edgar/data/1318605/000119312512081990/d279413d10k.htm"}, {"date": "2011-09-30", "symbol": "TSLA", "fillingDate": "2011-11-14", "acceptedDate": "2011-11-14 06:15:43", "period": "Q3", "revenue": 57666000, "costOfRevenue": 40442000, "grossProfit": 17224000, "grossProfitRatio": 0.2986855339368085, "researchAndDevelopmentExpenses": 54083000, "generalAndAdministrativeExpenses": 27617000, "sellingAndMarketingExpenses": 0.0, "otherExpenses": -594000.0, "operatingExpenses": 81700000, "costAndExpenses": 122142000, "interestExpense": 0.0, "depreciationAndAmortization": 4280000.0, "ebitda": -60196000, "ebitdaratio": -1.0438733395761801, "operatingIncome": -64476000, "operatingIncomeRatio": -1.118093850795963, "totalOtherIncomeExpensesNet": -2150000.0, "incomeBeforeTax": -64990000, "incomeBeforeTaxRatio": -1.1270072486387126, "incomeTaxExpense": 88000.0, "netIncome": -65078000, "netIncomeRatio": -1.1285332778413624, "eps": -0.63, "epsdiluted": -0.63, "weightedAverageShsOut": 114711899, "weightedAverageShsOutDil": 100388815, "link": "https://www.sec.gov/Archives/edgar/data/1318605/000119312511308489/0001193125-11-308489-index.htm", "finalLink": "https://www.sec.gov/Archives/edgar/data/1318605/000119312511308489/d226201d10q.htm"}, {"date": "2011-06-30", "symbol": "TSLA", "fillingDate": "2011-08-12", "acceptedDate": "2011-08-12 16:41:17", "period": "Q2", "revenue": 107201000, "costOfRevenue": 70665000, "grossProfit": 36536000, "grossProfitRatio": 0.3408177162526469, "researchAndDevelopmentExpenses": 93693000, "generalAndAdministrativeExpenses": 48928000, "sellingAndMarketingExpenses": 0.0, "otherExpenses": -71000.0, "operatingExpenses": 142621000, "costAndExpenses": 213286000, "interestExpense": 0.0, "depreciationAndAmortization": 7835000.0, "ebitda": -50904000, "ebitdaratio": -0.8750752092967287, "operatingIncome": -58739000, "operatingIncomeRatio": -1.009764315552423, "totalOtherIncomeExpensesNet": 0.0, "incomeBeforeTax": -58764000, "incomeBeforeTaxRatio": -1.0101940829623008, "incomeTaxExpense": 289000.0, "netIncome": -58903000, "netIncomeRatio": -1.0125835897612212, "eps": -1.12, "epsdiluted": -1.12, "weightedAverageShsOut": 114711899, "weightedAverageShsOutDil": 100388815, "link": "https://www.sec.gov/Archives/edgar/data/1318605/000119312511221497/0001193125-11-221497-index.htm", "finalLink": "https://www.sec.gov/Archives/edgar/data/1318605/000119312511221497/d10q.htm"}, {"date": "2011-03-31", "symbol": "TSLA", "fillingDate": "2011-05-13", "acceptedDate": "2011-05-13 17:01:50", "period": "Q1", "revenue": 49030000, "costOfRevenue": 31002000, "grossProfit": 18028000, "grossProfitRatio": 0.36769324903120537, "researchAndDevelopmentExpenses": 41162000, "generalAndAdministrativeExpenses": 24212000, "sellingAndMarketingExpenses": 0.0, "otherExpenses": -1485000.0, "operatingExpenses": 65374000, "costAndExpenses": 96376000, "interestExpense": 0.0, "depreciationAndAmortization": 3517000.0, "ebitda": -43829000, "ebitdaratio": -0.8939220885172343, "operatingIncome": -47346000, "operatingIncomeRatio": -0.9656536814195391, "totalOtherIncomeExpensesNet": 0.0, "incomeBeforeTax": -48791000, "incomeBeforeTaxRatio": -0.9951254334081174, "incomeTaxExpense": 150000.0, "netIncome": -48941000, "netIncomeRatio": -0.998184784825617, "eps": -0.51, "epsdiluted": -0.51, "weightedAverageShsOut": 95187345, "weightedAverageShsOutDil": 95187345, "link": "https://www.sec.gov/Archives/edgar/data/1318605/000119312511139677/0001193125-11-139677-index.htm", "finalLink": "https://www.sec.gov/Archives/edgar/data/1318605/000119312511139677/d10q.htm"}, {"date": "2010-12-31", "symbol": "TSLA", "fillingDate": "2011-03-03", "acceptedDate": "2011-03-03 14:47:36", "period": "FY", "revenue": 36286000, "costOfRevenue": 24965000, "grossProfit": 11321000, "grossProfitRatio": 0.3119936063495563, "researchAndDevelopmentExpenses": 37617000, "generalAndAdministrativeExpenses": 25349000, "sellingAndMarketingExpenses": 0.0, "otherExpenses": 187000.0, "operatingExpenses": 62966000, "costAndExpenses": 87931000, "interestExpense": 0.0, "depreciationAndAmortization": 2890000.0, "ebitda": -48755000, "ebitdaratio": -1.3436311525106102, "operatingIncome": -51645000, "operatingIncomeRatio": -1.4232761946756325, "totalOtherIncomeExpensesNet": 187000.0, "incomeBeforeTax": -51395000, "incomeBeforeTaxRatio": -1.4163864851457864, "incomeTaxExpense": -37000.0, "netIncome": -51358000, "netIncomeRatio": -1.415366808135369, "eps": -3.04, "epsdiluted": -3.04, "weightedAverageShsOut": 50718302, "weightedAverageShsOutDil": 50718302, "link": "https://www.sec.gov/Archives/edgar/data/1318605/000119312511054847/0001193125-11-054847-index.htm", "finalLink": "https://www.sec.gov/Archives/edgar/data/1318605/000119312511054847/d10k.htm"}, {"date": "2010-09-30", "symbol": "TSLA", "fillingDate": "2010-11-12", "acceptedDate": "2010-11-12 17:21:21", "period": "Q3", "revenue": 31241000, "costOfRevenue": 21944000, "grossProfit": 9297000.0, "grossProfitRatio": 0.29758970583528055, "researchAndDevelopmentExpenses": 26698000, "generalAndAdministrativeExpenses": 20432000, "sellingAndMarketingExpenses": 0.0, "otherExpenses": 3180000.0, "operatingExpenses": 47130000, "costAndExpenses": 69074000, "interestExpense": 298000.0, "depreciationAndAmortization": 3109000.0, "ebitda": -34724000, "ebitdaratio": -1.1114881085752697, "operatingIncome": -37833000, "operatingIncomeRatio": -1.2110047693735795, "totalOtherIncomeExpensesNet": 3180000.0, "incomeBeforeTax": -34851000, "incomeBeforeTaxRatio": -1.1155532793444511, "incomeTaxExpense": 83000.0, "netIncome": -34934000, "netIncomeRatio": -1.118210044492814, "eps": -2.86, "epsdiluted": -2.86, "weightedAverageShsOut": 36051610, "weightedAverageShsOutDil": 36051610, "link": "https://www.sec.gov/Archives/edgar/data/1318605/000119312510259068/0001193125-10-259068-index.htm", "finalLink": "https://www.sec.gov/Archives/edgar/data/1318605/000119312510259068/d10q.htm"}]